Poker Hand #ring_900490758: NLH No Limit ($2/$4) - 2025/05/26 23:54:58
Table 'MR NLH 2/4' 7-max Seat #4 is the button
Seat 6: 1cdce345 ($902.26 in chips)
Seat 4: Hero ($1,038.26 in chips)
Seat 1: 37d1d95 ($972.58 in chips)
1cdce345: posts small blind $2
37d1d95: posts big blind $4
*** HOLE CARDS ***
Dealt to 1cdce345 
Dealt to Hero [6c 8h]
Dealt to 37d1d95 
Hero: calls $4
1cdce345: folds
37d1d95: checks
*** FLOP *** [Tc Ac 7c]
37d1d95: checks
Hero: bets $4.4
37d1d95: raises $4.4 to $8.8
Hero: calls $4.4
*** TURN *** [Tc Ac 7c] [Qh]
37d1d95: bets $8.01
Hero: calls $8.01
*** RIVER *** [Tc Ac 7c Qh] [4c]
37d1d95: bets $12.65
Hero: calls $12.65
37d1d95: shows [4s Ah]
Hero: shows [6c 8h]
*** SHOWDOWN ***
Hero collected $68.92 from pot
*** SUMMARY ***
Total pot $68.92
Board [Tc Ac 7c Qh 4c]
Seat 6: 1cdce345(small blind) folded before Flop
Seat 4: Hero showed [6c 8h] and won ($68.92) with Ace High Flush
Seat 1: 37d1d95(big blind) showed [4s Ah] and lost with Pair of Aces and Pair of Fours



Poker Hand #ring_900490177: NLH No Limit ($2/$4) - 2025/05/26 23:54:40
Table 'MR NLH 2/4' 7-max Seat #1 is the button
Seat 6: 1cdce345 ($900.26 in chips)
Seat 4: Hero ($1,040.26 in chips)
Seat 1: 37d1d95 ($972.58 in chips)
Hero: posts small blind $2
1cdce345: posts big blind $4
*** HOLE CARDS ***
Dealt to 1cdce345 
Dealt to Hero [Qh 2s]
Dealt to 37d1d95 
37d1d95: folds
Hero: folds
*** SHOWDOWN ***
1cdce345 collected $6 from pot
*** SUMMARY ***
Total pot $6
Seat 6: 1cdce345(big blind)won ($6)
Seat 4: Hero(small blind) folded before Flop
Seat 1: 37d1d95 folded before Flop (didn't bet)



Poker Hand #ring_900489553: NLH No Limit ($2/$4) - 2025/05/26 23:54:21
Table 'MR NLH 2/4' 7-max Seat #6 is the button
Seat 6: 1cdce345 ($894.26 in chips)
Seat 4: Hero ($1,044.26 in chips)
Seat 1: 37d1d95 ($974.58 in chips)
37d1d95: posts small blind $2
Hero: posts big blind $4
*** HOLE CARDS ***
Dealt to 1cdce345 
Dealt to Hero [3c Qs]
Dealt to 37d1d95 
1cdce345: raises $6 to $10
37d1d95: folds
Hero: folds
Uncalled bet ($6) returned to 1cdce345
*** SHOWDOWN ***
1cdce345 collected $10 from pot
*** SUMMARY ***
Total pot $10
Seat 6: 1cdce345won ($10)
Seat 4: Hero(big blind) folded before Flop
Seat 1: 37d1d95(small blind) folded before Flop



Poker Hand #ring_900487687: NLH No Limit ($2/$4) - 2025/05/26 23:53:25
Table 'MR NLH 2/4' 7-max Seat #4 is the button
Seat 6: 1cdce345 ($906.26 in chips)
Seat 4: Hero ($1,044.26 in chips)
Seat 1: 37d1d95 ($963.66 in chips)
1cdce345: posts small blind $2
37d1d95: posts big blind $4
*** HOLE CARDS ***
Dealt to 1cdce345 
Dealt to Hero [2c 9d]
Dealt to 37d1d95 
Hero: folds
1cdce345: raises $8 to $12
37d1d95: calls $8
*** FLOP *** [Kh 5h 7c]
1cdce345: checks
37d1d95: checks
*** TURN *** [Kh 5h 7c] [Js]
1cdce345: checks
37d1d95: bets $12
1cdce345: folds
Uncalled bet ($12) returned to 37d1d95
*** SHOWDOWN ***
37d1d95 collected $24 from pot
*** SUMMARY ***
Total pot $24
Board [Kh 5h 7c Js]
Seat 6: 1cdce345(small blind) folded on the Turn
Seat 4: Hero folded before Flop (didn't bet)
Seat 1: 37d1d95(big blind)won ($24) with King-High



Poker Hand #ring_900485038: NLH No Limit ($2/$4) - 2025/05/26 23:52:04
Table 'MR NLH 2/4' 7-max Seat #2 is the button
Seat 6: 1cdce345 ($859.94 in chips)
Seat 2: 383a92bf ($800 in chips)
Seat 4: Hero ($1,096.26 in chips)
Seat 1: 37d1d95 ($963.66 in chips)
Hero: posts small blind $2
1cdce345: posts big blind $4
*** HOLE CARDS ***
Dealt to 1cdce345 
Dealt to 383a92bf 
Dealt to Hero [Tc As]
Dealt to 37d1d95 
37d1d95: folds
383a92bf: folds
Hero: raises $6 to $10
1cdce345: calls $6
*** FLOP *** [4h Kd Td]
Hero: bets $10
1cdce345: calls $10
*** TURN *** [4h Kd Td] [2s]
Hero: checks
1cdce345: checks
*** RIVER *** [4h Kd Td 2s] [Qd]
Hero: checks
1cdce345: bets $32
Hero: calls $32
Hero: shows [Tc As]
1cdce345: shows [7d 5d]
*** SHOWDOWN ***
1cdce345 collected $104 from pot
*** SUMMARY ***
Total pot $104
Board [4h Kd Td 2s Qd]
Seat 6: 1cdce345(big blind) showed [7d 5d] and won ($104) with King High Flush
Seat 2: 383a92bf folded before Flop (didn't bet)
Seat 4: Hero(small blind) showed [Tc As] and lost with Pair of Tens
Seat 1: 37d1d95 folded before Flop (didn't bet)



Poker Hand #ring_900483105: NLH No Limit ($2/$4) - 2025/05/26 23:51:02
Table 'MR NLH 2/4' 7-max Seat #1 is the button
Seat 6: 1cdce345 ($836.31 in chips)
Seat 2: 383a92bf ($802 in chips)
Seat 4: Hero ($1,121.22 in chips)
Seat 1: 37d1d95 ($963.66 in chips)
383a92bf: posts small blind $2
Hero: posts big blind $4
*** HOLE CARDS ***
Dealt to 1cdce345 
Dealt to 383a92bf 
Dealt to Hero [Qc Th]
Dealt to 37d1d95 
1cdce345: raises $6 to $10
37d1d95: folds
383a92bf: folds
Hero: calls $6
*** FLOP *** [8s Qd 7d]
Hero: checks
1cdce345: bets $14.96
Hero: calls $14.96
*** TURN *** [8s Qd 7d] [5s]
Hero: checks
1cdce345: checks
*** RIVER *** [8s Qd 7d 5s] [6d]
Hero: checks
1cdce345: bets $41.54
Hero: folds
Uncalled bet ($41.54) returned to 1cdce345
*** SHOWDOWN ***
1cdce345 collected $51.92 from pot
*** SUMMARY ***
Total pot $51.92
Board [8s Qd 7d 5s 6d]
Seat 6: 1cdce345won ($51.92) with Tens-High Straight
Seat 2: 383a92bf(small blind) folded before Flop
Seat 4: Hero(big blind) folded on the River
Seat 1: 37d1d95 folded before Flop (didn't bet)



Poker Hand #ring_900481273: NLH No Limit ($2/$4) - 2025/05/26 23:50:05
Table 'MR NLH 2/4' 7-max Seat #6 is the button
Seat 6: 1cdce345 ($836.31 in chips)
Seat 2: 383a92bf ($806 in chips)
Seat 4: Hero ($1,173.22 in chips)
Seat 1: 37d1d95 ($913.52 in chips)
37d1d95: posts small blind $2
383a92bf: posts big blind $4
*** HOLE CARDS ***
Dealt to 1cdce345 
Dealt to 383a92bf 
Dealt to Hero [8h 8s]
Dealt to 37d1d95 
Hero: raises $8 to $12
1cdce345: folds
37d1d95: raises $40 to $52
383a92bf: folds
Hero: calls $40
*** FLOP *** [Kc Tc Kd]
37d1d95: bets $31.32
Hero: folds
Uncalled bet ($31.32) returned to 37d1d95
*** SHOWDOWN ***
37d1d95 collected $108 from pot
*** SUMMARY ***
Total pot $108
Board [Kc Tc Kd]
Seat 6: 1cdce345 folded before Flop (didn't bet)
Seat 2: 383a92bf(big blind) folded before Flop
Seat 4: Hero folded on the Flop
Seat 1: 37d1d95(small blind)won ($108) with Pair of Aces and Pair of Kings



Poker Hand #ring_900480410: NLH No Limit ($2/$4) - 2025/05/26 23:49:38
Table 'MR NLH 2/4' 7-max Seat #4 is the button
Seat 6: 1cdce345 ($838.31 in chips)
Seat 2: 383a92bf ($806 in chips)
Seat 4: Hero ($1,167.22 in chips)
Seat 1: 37d1d95 ($917.52 in chips)
1cdce345: posts small blind $2
37d1d95: posts big blind $4
*** HOLE CARDS ***
Dealt to 1cdce345 
Dealt to 383a92bf 
Dealt to Hero [Kc Qh]
Dealt to 37d1d95 
383a92bf: folds
Hero: raises $8 to $12
1cdce345: folds
37d1d95: folds
Uncalled bet ($8) returned to Hero
*** SHOWDOWN ***
Hero collected $10 from pot
*** SUMMARY ***
Total pot $10
Seat 6: 1cdce345(small blind) folded before Flop
Seat 2: 383a92bf folded before Flop (didn't bet)
Seat 4: Herowon ($10)
Seat 1: 37d1d95(big blind) folded before Flop



Poker Hand #ring_900478476: NLH No Limit ($2/$4) - 2025/05/26 23:48:36
Table 'MR NLH 2/4' 7-max Seat #2 is the button
Seat 6: 1cdce345 ($842.31 in chips)
Seat 2: 383a92bf ($806 in chips)
Seat 4: Hero ($1,177.22 in chips)
Seat 1: 37d1d95 ($904.6 in chips)
Hero: posts small blind $2
1cdce345: posts big blind $4
*** HOLE CARDS ***
Dealt to 1cdce345 
Dealt to 383a92bf 
Dealt to Hero [7d 5d]
Dealt to 37d1d95 
37d1d95: raises $6 to $10
383a92bf: folds
Hero: calls $8
1cdce345: folds
*** FLOP *** [9h Kc Jh]
Hero: checks
37d1d95: checks
*** TURN *** [9h Kc Jh] [Jd]
Hero: checks
37d1d95: checks
*** RIVER *** [9h Kc Jh Jd] [Qd]
Hero: checks
37d1d95: bets $8.88
Hero: folds
Uncalled bet ($8.88) returned to 37d1d95
*** SHOWDOWN ***
37d1d95 collected $24 from pot
*** SUMMARY ***
Total pot $24
Board [9h Kc Jh Jd Qd]
Seat 6: 1cdce345(big blind) folded before Flop
Seat 2: 383a92bf folded before Flop (didn't bet)
Seat 4: Hero(small blind) folded on the River
Seat 1: 37d1d95won ($24) with Pair of Jacks



Poker Hand #ring_900477795: NLH No Limit ($2/$4) - 2025/05/26 23:48:15
Table 'MR NLH 2/4' 7-max Seat #1 is the button
Seat 6: 1cdce345 ($836.31 in chips)
Seat 2: 383a92bf ($808 in chips)
Seat 4: Hero ($1,181.22 in chips)
Seat 1: 37d1d95 ($904.6 in chips)
383a92bf: posts small blind $2
Hero: posts big blind $4
*** HOLE CARDS ***
Dealt to 1cdce345 
Dealt to 383a92bf 
Dealt to Hero [2d 7h]
Dealt to 37d1d95 
1cdce345: raises $6 to $10
37d1d95: folds
383a92bf: folds
Hero: folds
Uncalled bet ($6) returned to 1cdce345
*** SHOWDOWN ***
1cdce345 collected $10 from pot
*** SUMMARY ***
Total pot $10
Seat 6: 1cdce345won ($10)
Seat 2: 383a92bf(small blind) folded before Flop
Seat 4: Hero(big blind) folded before Flop
Seat 1: 37d1d95 folded before Flop (didn't bet)



Poker Hand #ring_900476905: NLH No Limit ($2/$4) - 2025/05/26 23:47:48
Table 'MR NLH 2/4' 7-max Seat #6 is the button
Seat 6: 1cdce345 ($836.31 in chips)
Seat 2: 383a92bf ($806 in chips)
Seat 4: Hero ($1,181.22 in chips)
Seat 1: 37d1d95 ($906.6 in chips)
37d1d95: posts small blind $2
383a92bf: posts big blind $4
*** HOLE CARDS ***
Dealt to 1cdce345 
Dealt to 383a92bf 
Dealt to Hero [8d 6s]
Dealt to 37d1d95 
Hero: folds
1cdce345: folds
37d1d95: folds
*** SHOWDOWN ***
383a92bf collected $6 from pot
*** SUMMARY ***
Total pot $6
Seat 6: 1cdce345 folded before Flop (didn't bet)
Seat 2: 383a92bf(big blind)won ($6)
Seat 4: Hero folded before Flop (didn't bet)
Seat 1: 37d1d95(small blind) folded before Flop



Poker Hand #ring_900475340: NLH No Limit ($2/$4) - 2025/05/26 23:46:58
Table 'MR NLH 2/4' 7-max Seat #4 is the button
Seat 6: 1cdce345 ($848.31 in chips)
Seat 2: 383a92bf ($806 in chips)
Seat 4: Hero ($1,181.22 in chips)
Seat 1: 37d1d95 ($895.68 in chips)
1cdce345: posts small blind $2
37d1d95: posts big blind $4
*** HOLE CARDS ***
Dealt to 1cdce345 
Dealt to 383a92bf 
Dealt to Hero [2c 5h]
Dealt to 37d1d95 
383a92bf: folds
Hero: folds
1cdce345: raises $8 to $12
37d1d95: calls $8
*** FLOP *** [4c 4d 6c]
1cdce345: checks
37d1d95: bets $12
1cdce345: folds
Uncalled bet ($12) returned to 37d1d95
*** SHOWDOWN ***
37d1d95 collected $24 from pot
*** SUMMARY ***
Total pot $24
Board [4c 4d 6c]
Seat 6: 1cdce345(small blind) folded on the Flop
Seat 2: 383a92bf folded before Flop (didn't bet)
Seat 4: Hero folded before Flop (didn't bet)
Seat 1: 37d1d95(big blind)won ($24) with Pair of Sixes and Pair of Fours



Poker Hand #ring_900473994: NLH No Limit ($2/$4) - 2025/05/26 23:46:17
Table 'MR NLH 2/4' 7-max Seat #2 is the button
Seat 6: 1cdce345 ($806.72 in chips)
Seat 2: 383a92bf ($806 in chips)
Seat 4: Hero ($1,228.02 in chips)
Seat 1: 37d1d95 ($895.68 in chips)
Hero: posts small blind $2
1cdce345: posts big blind $4
*** HOLE CARDS ***
Dealt to 1cdce345 
Dealt to 383a92bf 
Dealt to Hero [7h 8d]
Dealt to 37d1d95 
37d1d95: folds
383a92bf: folds
Hero: raises $6 to $10
1cdce345: calls $6
*** FLOP *** [2h 3h Qc]
Hero: checks
1cdce345: checks
*** TURN *** [2h 3h Qc] [Jc]
Hero: bets $10
1cdce345: calls $10
*** RIVER *** [2h 3h Qc Jc] [4d]
Hero: bets $26.8
1cdce345: calls $26.8
Hero: shows [7h 8d]
1cdce345: shows [7d Js]
*** SHOWDOWN ***
1cdce345 collected $93.6 from pot
*** SUMMARY ***
Total pot $93.6
Board [2h 3h Qc Jc 4d]
Seat 6: 1cdce345(big blind) showed [7d Js] and won ($93.6) with Pair of Jacks
Seat 2: 383a92bf folded before Flop (didn't bet)
Seat 4: Hero(small blind) showed [7h 8d] and lost with Queen-High
Seat 1: 37d1d95 folded before Flop (didn't bet)



Poker Hand #ring_900473431: NLH No Limit ($2/$4) - 2025/05/26 23:46:00
Table 'MR NLH 2/4' 7-max Seat #1 is the button
Seat 6: 1cdce345 ($806.72 in chips)
Seat 2: 383a92bf ($808 in chips)
Seat 4: Hero ($1,226.02 in chips)
Seat 1: 37d1d95 ($895.68 in chips)
383a92bf: posts small blind $2
Hero: posts big blind $4
*** HOLE CARDS ***
Dealt to 1cdce345 
Dealt to 383a92bf 
Dealt to Hero [6d Jh]
Dealt to 37d1d95 
1cdce345: folds
37d1d95: folds
383a92bf: folds
*** SHOWDOWN ***
Hero collected $6 from pot
*** SUMMARY ***
Total pot $6
Seat 6: 1cdce345 folded before Flop (didn't bet)
Seat 2: 383a92bf(small blind) folded before Flop
Seat 4: Hero(big blind)won ($6)
Seat 1: 37d1d95 folded before Flop (didn't bet)



Poker Hand #ring_900472206: NLH No Limit ($2/$4) - 2025/05/26 23:45:26
Table 'MR NLH 2/4' 7-max Seat #6 is the button
Seat 6: 1cdce345 ($816.72 in chips)
Seat 2: 383a92bf ($812 in chips)
Seat 4: Hero ($1,226.02 in chips)
Seat 1: 37d1d95 ($881.68 in chips)
37d1d95: posts small blind $2
383a92bf: posts big blind $4
*** HOLE CARDS ***
Dealt to 1cdce345 
Dealt to 383a92bf 
Dealt to Hero [Td 7s]
Dealt to 37d1d95 
Hero: folds
1cdce345: raises $6 to $10
37d1d95: raises $34.8 to $44.8
383a92bf: folds
1cdce345: folds
Uncalled bet ($34.8) returned to 37d1d95
*** SHOWDOWN ***
37d1d95 collected $24 from pot
*** SUMMARY ***
Total pot $24
Seat 6: 1cdce345 folded before Flop
Seat 2: 383a92bf(big blind) folded before Flop
Seat 4: Hero folded before Flop (didn't bet)
Seat 1: 37d1d95(small blind)won ($24)



Poker Hand #ring_900471618: NLH No Limit ($2/$4) - 2025/05/26 23:45:08
Table 'MR NLH 2/4' 7-max Seat #4 is the button
Seat 6: 1cdce345 ($818.72 in chips)
Seat 2: 383a92bf ($806 in chips)
Seat 4: Hero ($1,226.02 in chips)
Seat 1: 37d1d95 ($885.68 in chips)
1cdce345: posts small blind $2
37d1d95: posts big blind $4
*** HOLE CARDS ***
Dealt to 1cdce345 
Dealt to 383a92bf 
Dealt to Hero [2d Ks]
Dealt to 37d1d95 
383a92bf: raises $6 to $10
Hero: folds
1cdce345: folds
37d1d95: folds
Uncalled bet ($6) returned to 383a92bf
*** SHOWDOWN ***
383a92bf collected $10 from pot
*** SUMMARY ***
Total pot $10
Seat 6: 1cdce345(small blind) folded before Flop
Seat 2: 383a92bfwon ($10)
Seat 4: Hero folded before Flop (didn't bet)
Seat 1: 37d1d95(big blind) folded before Flop



Poker Hand #ring_900469827: NLH No Limit ($2/$4) - 2025/05/26 23:44:12
Table 'MR NLH 2/4' 7-max Seat #2 is the button
Seat 6: 1cdce345 ($800.3 in chips)
Seat 2: 383a92bf ($806 in chips)
Seat 4: Hero ($1,228.02 in chips)
Seat 1: 37d1d95 ($903.82 in chips)
Hero: posts small blind $2
1cdce345: posts big blind $4
*** HOLE CARDS ***
Dealt to 1cdce345 
Dealt to 383a92bf 
Dealt to Hero [6h 3s]
Dealt to 37d1d95 
37d1d95: raises $6 to $10
383a92bf: folds
Hero: folds
1cdce345: calls $6
*** FLOP *** [Ac 4s 6c]
1cdce345: checks
37d1d95: bets $8.14
1cdce345: calls $8.14
*** TURN *** [Ac 4s 6c] [4c]
1cdce345: bets $16.08
37d1d95: folds
Uncalled bet ($16.08) returned to 1cdce345
*** SHOWDOWN ***
1cdce345 collected $38.28 from pot
*** SUMMARY ***
Total pot $38.28
Board [Ac 4s 6c 4c]
Seat 6: 1cdce345(big blind)won ($38.28) with Pair of Fives and Pair of Fours
Seat 2: 383a92bf folded before Flop (didn't bet)
Seat 4: Hero(small blind) folded before Flop
Seat 1: 37d1d95 folded on the Turn



Poker Hand #ring_900468788: NLH No Limit ($2/$4) - 2025/05/26 23:43:41
Table 'MR NLH 2/4' 7-max Seat #1 is the button
Seat 5: fffcd34f ($884.07 in chips)
Seat 6: 1cdce345 ($800.3 in chips)
Seat 2: 383a92bf ($808 in chips)
Seat 4: Hero ($1,232.02 in chips)
Seat 1: 37d1d95 ($897.82 in chips)
383a92bf: posts small blind $2
Hero: posts big blind $4
*** HOLE CARDS ***
Dealt to fffcd34f 
Dealt to 1cdce345 
Dealt to 383a92bf 
Dealt to Hero [2s 7h]
Dealt to 37d1d95 
fffcd34f: folds
1cdce345: folds
37d1d95: raises $6 to $10
383a92bf: folds
Hero: folds
Uncalled bet ($6) returned to 37d1d95
*** SHOWDOWN ***
37d1d95 collected $10 from pot
*** SUMMARY ***
Total pot $10
Seat 5: fffcd34f folded before Flop (didn't bet)
Seat 6: 1cdce345 folded before Flop (didn't bet)
Seat 2: 383a92bf(small blind) folded before Flop
Seat 4: Hero(big blind) folded before Flop
Seat 1: 37d1d95won ($10)



Poker Hand #ring_900467786: NLH No Limit ($2/$4) - 2025/05/26 23:43:13
Table 'MR NLH 2/4' 7-max Seat #6 is the button
Seat 5: fffcd34f ($884.07 in chips)
Seat 6: 1cdce345 ($800.3 in chips)
Seat 2: 383a92bf ($806 in chips)
Seat 4: Hero ($1,232.02 in chips)
Seat 1: 37d1d95 ($899.82 in chips)
37d1d95: posts small blind $2
383a92bf: posts big blind $4
*** HOLE CARDS ***
Dealt to fffcd34f 
Dealt to 1cdce345 
Dealt to 383a92bf 
Dealt to Hero [3d 5h]
Dealt to 37d1d95 
Hero: folds
fffcd34f: folds
1cdce345: folds
37d1d95: folds
*** SHOWDOWN ***
383a92bf collected $6 from pot
*** SUMMARY ***
Total pot $6
Seat 5: fffcd34f folded before Flop (didn't bet)
Seat 6: 1cdce345 folded before Flop (didn't bet)
Seat 2: 383a92bf(big blind)won ($6)
Seat 4: Hero folded before Flop (didn't bet)
Seat 1: 37d1d95(small blind) folded before Flop



Poker Hand #ring_900467051: NLH No Limit ($2/$4) - 2025/05/26 23:42:51
Table 'MR NLH 2/4' 7-max Seat #5 is the button
Seat 5: fffcd34f ($884.07 in chips)
Seat 6: 1cdce345 ($802.3 in chips)
Seat 2: 383a92bf ($800 in chips)
Seat 4: Hero ($1,232.02 in chips)
Seat 1: 37d1d95 ($903.82 in chips)
1cdce345: posts small blind $2
37d1d95: posts big blind $4
*** HOLE CARDS ***
Dealt to fffcd34f 
Dealt to 1cdce345 
Dealt to 383a92bf 
Dealt to Hero [9c 6h]
Dealt to 37d1d95 
383a92bf: raises $6 to $10
Hero: folds
fffcd34f: folds
1cdce345: folds
37d1d95: folds
Uncalled bet ($6) returned to 383a92bf
*** SHOWDOWN ***
383a92bf collected $10 from pot
*** SUMMARY ***
Total pot $10
Seat 5: fffcd34f folded before Flop (didn't bet)
Seat 6: 1cdce345(small blind) folded before Flop
Seat 2: 383a92bfwon ($10)
Seat 4: Hero folded before Flop (didn't bet)
Seat 1: 37d1d95(big blind) folded before Flop



Poker Hand #ring_900465361: NLH No Limit ($2/$4) - 2025/05/26 23:41:58
Table 'MR NLH 2/4' 7-max Seat #4 is the button
Seat 5: fffcd34f ($886.07 in chips)
Seat 6: 1cdce345 ($804.77 in chips)
Seat 2: 383a92bf ($800 in chips)
Seat 4: Hero ($1,234.49 in chips)
Seat 1: 37d1d95 ($903.82 in chips)
fffcd34f: posts small blind $2
1cdce345: posts big blind $4
*** HOLE CARDS ***
Dealt to fffcd34f 
Dealt to 1cdce345 
Dealt to 383a92bf 
Dealt to Hero [Th Qs]
Dealt to 37d1d95 
37d1d95: folds
383a92bf: folds
Hero: raises $6 to $10
fffcd34f: folds
1cdce345: calls $6
*** FLOP *** [3c Qc 5c]
1cdce345: checks
Hero: checks
*** TURN *** [3c Qc 5c] [3s]
1cdce345: checks
Hero: bets $11
1cdce345: calls $11
*** RIVER *** [3c Qc 5c 3s] [3d]
1cdce345: bets $11
Hero: raises $33 to $44
1cdce345: calls $33
Hero: shows [Th Qs]
1cdce345: shows [Td Qd]
*** SHOWDOWN ***
Hero collected $66 from pot
1cdce345 collected $66 from pot
*** SUMMARY ***
Total pot $132
Board [3c Qc 5c 3s 3d]
Seat 5: fffcd34f(small blind) folded before Flop
Seat 6: 1cdce345(big blind) showed [Td Qd] and won ($66) with Treys Full over Queens
Seat 2: 383a92bf folded before Flop (didn't bet)
Seat 4: Hero showed [Th Qs] and won ($66) with Treys Full over Queens
Seat 1: 37d1d95 folded before Flop (didn't bet)



Poker Hand #ring_900463979: NLH No Limit ($2/$4) - 2025/05/26 23:41:16
Table 'MR NLH 2/4' 7-max Seat #0 is the button
Seat 5: fffcd34f ($868.45 in chips)
Seat 6: 1cdce345 ($804.77 in chips)
Seat 2: 383a92bf ($798 in chips)
Seat 4: Hero ($1,236.49 in chips)
Seat 1: 37d1d95 ($903.82 in chips)
Hero: posts small blind $2
fffcd34f: posts big blind $4
*** HOLE CARDS ***
Dealt to fffcd34f 
Dealt to 1cdce345 
Dealt to 383a92bf 
Dealt to Hero [Jd 3d]
Dealt to 37d1d95 
1cdce345: folds
37d1d95: folds
383a92bf: raises $6 to $10
Hero: folds
fffcd34f: calls $6
*** FLOP *** [Qc Td 9d]
fffcd34f: checks
383a92bf: bets $7.26
fffcd34f: raises $18.26 to $25.52
383a92bf: folds
Uncalled bet ($18.26) returned to fffcd34f
fffcd34f: shows [4d Ah]
*** SHOWDOWN ***
fffcd34f collected $36.52 from pot
*** SUMMARY ***
Total pot $36.52
Board [Qc Td 9d]
Seat 5: fffcd34f(big blind) showed [4d Ah] and won ($36.52) with Ace-High
Seat 6: 1cdce345 folded before Flop (didn't bet)
Seat 2: 383a92bf folded on the Flop
Seat 4: Hero(small blind) folded before Flop
Seat 1: 37d1d95 folded before Flop (didn't bet)



Poker Hand #ring_900461712: NLH No Limit ($2/$4) - 2025/05/26 23:40:06
Table 'MR NLH 2/4' 7-max Seat #2 is the button
Seat 3: 732bc0ff ($363.18 in chips)
Seat 7: 8353548b ($10.92 in chips)
Seat 5: fffcd34f ($868.45 in chips)
Seat 6: 1cdce345 ($804.77 in chips)
Seat 2: 383a92bf ($798 in chips)
Seat 4: Hero ($896.56 in chips)
Seat 1: 37d1d95 ($903.82 in chips)
732bc0ff: posts small blind $2
Hero: posts big blind $4
*** HOLE CARDS ***
Dealt to 732bc0ff 
Dealt to 8353548b 
Dealt to fffcd34f 
Dealt to 1cdce345 
Dealt to 383a92bf 
Dealt to Hero [Kc Kh]
Dealt to 37d1d95 
fffcd34f: folds
1cdce345: folds
8353548b: raises $6.92 to $10.92 and is all-in
37d1d95: folds
383a92bf: folds
732bc0ff: raises $12.92 to $23.84
Hero: raises $46.88 to $70.72
732bc0ff: calls $46.88
*** FLOP *** [Qs 5h Kd]
732bc0ff: checks
Hero: bets $45.71
732bc0ff: raises $243.78 to $289.49
Hero: raises $536.35 to $825.84 and is all-in
732bc0ff: calls $2.97 and is all-in
Uncalled bet ($533.38) returned to Hero
732bc0ff: shows [Ks As] (Pair of Kings)
Hero: shows [Kc Kh] (Three Kings)
8353548b: shows [9c Ah] (Ace-High)
*** TURN *** [Qs 5h Kd] [8c]
*** RIVER *** [Qs 5h Kd 8c] [2d]
*** SHOWDOWN ***
Hero collected $32.76 from pot
Hero collected $704.52 from pot
*** SUMMARY ***
Total pot $737.28
Board [Qs 5h Kd 8c 2d]
Seat 3: 732bc0ff(small blind) showed [Ks As] and lost with Pair of Kings
Seat 7: 8353548b showed [9c Ah] and lost with Ace-High
Seat 5: fffcd34f folded before Flop (didn't bet)
Seat 6: 1cdce345 folded before Flop (didn't bet)
Seat 2: 383a92bf folded before Flop (didn't bet)
Seat 4: Hero(big blind) showed [Kc Kh] and won ($32.76) with Three Kings
Seat 1: 37d1d95 folded before Flop (didn't bet)



Poker Hand #ring_900459899: NLH No Limit ($2/$4) - 2025/05/26 23:39:11
Table 'MR NLH 2/4' 7-max Seat #1 is the button
Seat 3: 732bc0ff ($377.18 in chips)
Seat 7: 8353548b ($10.92 in chips)
Seat 5: fffcd34f ($853.8 in chips)
Seat 6: 1cdce345 ($804.77 in chips)
Seat 2: 383a92bf ($800 in chips)
Seat 4: Hero ($896.56 in chips)
Seat 1: 37d1d95 ($903.82 in chips)
383a92bf: posts small blind $2
732bc0ff: posts big blind $4
*** HOLE CARDS ***
Dealt to 732bc0ff 
Dealt to 8353548b 
Dealt to fffcd34f 
Dealt to 1cdce345 
Dealt to 383a92bf 
Dealt to Hero [2h 6d]
Dealt to 37d1d95 
Hero: folds
fffcd34f: calls $4
1cdce345: folds
8353548b: folds
37d1d95: folds
383a92bf: folds
732bc0ff: checks
*** FLOP *** [5c 7s 3d]
732bc0ff: checks
fffcd34f: bets $10
732bc0ff: calls $10
*** TURN *** [5c 7s 3d] [5h]
732bc0ff: checks
fffcd34f: checks
*** RIVER *** [5c 7s 3d 5h] [9h]
732bc0ff: checks
fffcd34f: checks
732bc0ff: shows [4c 8c]
fffcd34f: shows [Qc Ks]
*** SHOWDOWN ***
fffcd34f collected $30 from pot
*** SUMMARY ***
Total pot $30
Board [5c 7s 3d 5h 9h]
Seat 3: 732bc0ff(big blind) showed [4c 8c] and lost with Pair of Fives
Seat 7: 8353548b folded before Flop (didn't bet)
Seat 5: fffcd34f showed [Qc Ks] and won ($30) with Pair of Fives
Seat 6: 1cdce345 folded before Flop (didn't bet)
Seat 2: 383a92bf(small blind) folded before Flop
Seat 4: Hero folded before Flop (didn't bet)
Seat 1: 37d1d95 folded before Flop (didn't bet)



Poker Hand #ring_900458613: NLH No Limit ($2/$4) - 2025/05/26 23:38:31
Table 'MR NLH 2/4' 7-max Seat #7 is the button
Seat 3: 732bc0ff ($377.18 in chips)
Seat 7: 8353548b ($5.37 in chips)
Seat 5: fffcd34f ($853.8 in chips)
Seat 6: 1cdce345 ($804.77 in chips)
Seat 2: 383a92bf ($798 in chips)
Seat 4: Hero ($896.56 in chips)
Seat 1: 37d1d95 ($905.82 in chips)
37d1d95: posts small blind $2
383a92bf: posts big blind $4
*** HOLE CARDS ***
Dealt to 732bc0ff 
Dealt to 8353548b 
Dealt to fffcd34f 
Dealt to 1cdce345 
Dealt to 383a92bf 
Dealt to Hero [Jd Qc]
Dealt to 37d1d95 
732bc0ff: folds
Hero: folds
fffcd34f: folds
1cdce345: folds
8353548b: calls $4
37d1d95: folds
383a92bf: checks
*** FLOP *** [As 9c Ks]
383a92bf: checks
8353548b: raises $-2.63 to $1.37 and is all-in
383a92bf: folds
Uncalled bet ($1.37) returned to 8353548b
*** SHOWDOWN ***
8353548b collected $10 from pot
*** SUMMARY ***
Total pot $10
Board [As 9c Ks]
Seat 3: 732bc0ff folded before Flop (didn't bet)
Seat 7: 8353548bwon ($10) with Pair of Aces
Seat 5: fffcd34f folded before Flop (didn't bet)
Seat 6: 1cdce345 folded before Flop (didn't bet)
Seat 2: 383a92bf(big blind) folded on the Flop
Seat 4: Hero folded before Flop (didn't bet)
Seat 1: 37d1d95(small blind) folded before Flop



Poker Hand #ring_900456881: NLH No Limit ($2/$4) - 2025/05/26 23:37:39
Table 'MR NLH 2/4' 7-max Seat #6 is the button
Seat 3: 732bc0ff ($188 in chips)
Seat 7: 8353548b ($193.37 in chips)
Seat 5: fffcd34f ($869.8 in chips)
Seat 6: 1cdce345 ($804.77 in chips)
Seat 2: 383a92bf ($798 in chips)
Seat 4: Hero ($896.56 in chips)
Seat 1: 37d1d95 ($909.82 in chips)
8353548b: posts small blind $2
37d1d95: posts big blind $4
*** HOLE CARDS ***
Dealt to 732bc0ff 
Dealt to 8353548b 
Dealt to fffcd34f 
Dealt to 1cdce345 
Dealt to 383a92bf 
Dealt to Hero [Tc Ah]
Dealt to 37d1d95 
383a92bf: folds
732bc0ff: raises $12 to $16
Hero: folds
fffcd34f: calls $16
1cdce345: folds
8353548b: calls $14
37d1d95: folds
*** FIRST FLOP *** [Ts 6s Jc]
8353548b: bets $52
732bc0ff: raises $120 to $172 and is all-in
fffcd34f: folds
8353548b: calls $120
732bc0ff: shows [Qd Qs] (Pair of Queens)
8353548b: shows [Kc Jd] (Pair of Jacks)
*** FIRST TURN *** [Ts 6s Jc] [4h]
*** SECOND TURN *** [Ts 6s Jc] [Th]
*** FIRST RIVER *** [Ts 6s Jc 4h] [3c]
*** SECOND RIVER *** [Ts 6s Jc Th] [3d]
*** FIRST SHOWDOWN ***
732bc0ff collected $198.5 from pot
*** SECOND SHOWDOWN ***
732bc0ff collected $197.5 from pot
*** SUMMARY ***
Total pot $396
Hand was run two timesFIRST Board [Ts 6s Jc 4h 3c]
SECOND Board [Th 3d]
Seat 3: 732bc0ff showed [Qd Qs] and won ($396) with Pair of Queens / Pair of Queens and Pair of Tens
Seat 7: 8353548b(small blind) showed [Kc Jd] and lost with Pair of Jacks / Pair of Jacks and Pair of Tens
Seat 5: fffcd34f folded on the Flop
Seat 6: 1cdce345 folded before Flop (didn't bet)
Seat 2: 383a92bf folded before Flop (didn't bet)
Seat 4: Hero folded before Flop (didn't bet)
Seat 1: 37d1d95(big blind) folded before Flop



Poker Hand #ring_900455848: NLH No Limit ($2/$4) - 2025/05/26 23:37:05
Table 'MR NLH 2/4' 7-max Seat #5 is the button
Seat 3: 732bc0ff ($188 in chips)
Seat 7: 8353548b ($197.37 in chips)
Seat 5: fffcd34f ($869.8 in chips)
Seat 6: 1cdce345 ($800.77 in chips)
Seat 2: 383a92bf ($798 in chips)
Seat 4: Hero ($896.56 in chips)
Seat 1: 37d1d95 ($909.82 in chips)
1cdce345: posts small blind $2
8353548b: posts big blind $4
*** HOLE CARDS ***
Dealt to 732bc0ff 
Dealt to 8353548b 
Dealt to fffcd34f 
Dealt to 1cdce345 
Dealt to 383a92bf 
Dealt to Hero [Jh 7c]
Dealt to 37d1d95 
37d1d95: folds
383a92bf: folds
732bc0ff: folds
Hero: folds
fffcd34f: folds
1cdce345: raises $8 to $12
8353548b: folds
Uncalled bet ($8) returned to 1cdce345
*** SHOWDOWN ***
1cdce345 collected $8 from pot
*** SUMMARY ***
Total pot $8
Seat 3: 732bc0ff folded before Flop (didn't bet)
Seat 7: 8353548b(big blind) folded before Flop
Seat 5: fffcd34f folded before Flop (didn't bet)
Seat 6: 1cdce345(small blind)won ($8)
Seat 2: 383a92bf folded before Flop (didn't bet)
Seat 4: Hero folded before Flop (didn't bet)
Seat 1: 37d1d95 folded before Flop (didn't bet)



Poker Hand #ring_900454501: NLH No Limit ($2/$4) - 2025/05/26 23:36:25
Table 'MR NLH 2/4' 7-max Seat #4 is the button
Seat 3: 732bc0ff ($200 in chips)
Seat 7: 8353548b ($209.37 in chips)
Seat 5: fffcd34f ($844.6 in chips)
Seat 6: 1cdce345 ($804.77 in chips)
Seat 2: 383a92bf ($798 in chips)
Seat 4: Hero ($896.56 in chips)
Seat 1: 37d1d95 ($909.82 in chips)
fffcd34f: posts small blind $2
1cdce345: posts big blind $4
732bc0ff: posts big blind $4
*** HOLE CARDS ***
Dealt to 732bc0ff 
Dealt to 8353548b 
Dealt to fffcd34f 
Dealt to 1cdce345 
Dealt to 383a92bf 
Dealt to Hero [4s 3c]
Dealt to 37d1d95 
8353548b: raises $8 to $12
37d1d95: folds
383a92bf: folds
732bc0ff: calls $8
Hero: folds
fffcd34f: calls $10
1cdce345: folds
*** FLOP *** [Kh 3h Qh]
fffcd34f: checks
8353548b: checks
732bc0ff: checks
*** TURN *** [Kh 3h Qh] [9s]
fffcd34f: bets $40
8353548b: folds
732bc0ff: folds
Uncalled bet ($40) returned to fffcd34f
fffcd34f: shows [Ad Jd]
*** SHOWDOWN ***
fffcd34f collected $40 from pot
*** SUMMARY ***
Total pot $40
Board [Kh 3h Qh 9s]
Seat 3: 732bc0ff folded on the Turn
Seat 7: 8353548b folded on the Turn
Seat 5: fffcd34f(small blind) showed [Ad Jd] and won ($40) with Ace-High
Seat 6: 1cdce345(big blind) folded before Flop
Seat 2: 383a92bf folded before Flop (didn't bet)
Seat 4: Hero folded before Flop (didn't bet)
Seat 1: 37d1d95 folded before Flop (didn't bet)



Poker Hand #ring_900453290: NLH No Limit ($2/$4) - 2025/05/26 23:35:47
Table 'MR NLH 2/4' 7-max Seat #2 is the button
Seat 7: 8353548b ($200 in chips)
Seat 5: fffcd34f ($848.6 in chips)
Seat 6: 1cdce345 ($808.77 in chips)
Seat 2: 383a92bf ($798 in chips)
Seat 4: Hero ($898.56 in chips)
Seat 1: 37d1d95 ($909.82 in chips)
Hero: posts small blind $2
fffcd34f: posts big blind $4
8353548b: posts big blind $4
*** HOLE CARDS ***
Dealt to 8353548b 
Dealt to fffcd34f 
Dealt to 1cdce345 
Dealt to 383a92bf 
Dealt to Hero [3c 7s]
Dealt to 37d1d95 
1cdce345: calls $4
8353548b: checks
37d1d95: folds
383a92bf: folds
Hero: folds
fffcd34f: checks
*** FLOP *** [6h 2h Kh]
fffcd34f: checks
1cdce345: checks
8353548b: bets $10.5
fffcd34f: folds
1cdce345: folds
Uncalled bet ($10.5) returned to 8353548b
*** SHOWDOWN ***
8353548b collected $14 from pot
*** SUMMARY ***
Total pot $14
Board [6h 2h Kh]
Seat 7: 8353548bwon ($14) with Pair of Kings
Seat 5: fffcd34f(big blind) folded on the Flop
Seat 6: 1cdce345 folded on the Flop
Seat 2: 383a92bf folded before Flop (didn't bet)
Seat 4: Hero(small blind) folded before Flop
Seat 1: 37d1d95 folded before Flop (didn't bet)



Poker Hand #ring_900447509: NLH No Limit ($2/$4) - 2025/05/26 23:32:50
Table 'MR NLH 2/4' 7-max Seat #1 is the button
Seat 5: fffcd34f ($848.6 in chips)
Seat 6: 1cdce345 ($826.03 in chips)
Seat 2: 383a92bf ($800 in chips)
Seat 4: Hero ($880.94 in chips)
Seat 1: 37d1d95 ($909.82 in chips)
383a92bf: posts small blind $2
Hero: posts big blind $4
*** HOLE CARDS ***
Dealt to fffcd34f 
Dealt to 1cdce345 
Dealt to 383a92bf 
Dealt to Hero [Kc Qh]
Dealt to 37d1d95 
fffcd34f: folds
1cdce345: raises $6 to $10
37d1d95: folds
383a92bf: folds
Hero: calls $6
*** FLOP *** [7c 2d Qc]
Hero: checks
1cdce345: bets $7.26
Hero: raises $29.22 to $36.48
1cdce345: folds
Uncalled bet ($29.22) returned to Hero
*** SHOWDOWN ***
Hero collected $36.52 from pot
*** SUMMARY ***
Total pot $36.52
Board [7c 2d Qc]
Seat 5: fffcd34f folded before Flop (didn't bet)
Seat 6: 1cdce345 folded on the Flop
Seat 2: 383a92bf(small blind) folded before Flop
Seat 4: Hero(big blind)won ($36.52) with Pair of Queens
Seat 1: 37d1d95 folded before Flop (didn't bet)



Poker Hand #ring_900446552: NLH No Limit ($2/$4) - 2025/05/26 23:32:20
Table 'MR NLH 2/4' 7-max Seat #6 is the button
Seat 5: fffcd34f ($848.6 in chips)
Seat 6: 1cdce345 ($826.03 in chips)
Seat 2: 383a92bf ($800 in chips)
Seat 4: Hero ($880.94 in chips)
Seat 1: 37d1d95 ($905.82 in chips)
37d1d95: posts small blind $2
383a92bf: posts big blind $4
*** HOLE CARDS ***
Dealt to fffcd34f 
Dealt to 1cdce345 
Dealt to 383a92bf 
Dealt to Hero [Kc 6d]
Dealt to 37d1d95 
Hero: folds
fffcd34f: folds
1cdce345: folds
37d1d95: raises $8 to $12
383a92bf: folds
Uncalled bet ($8) returned to 37d1d95
*** SHOWDOWN ***
37d1d95 collected $8 from pot
*** SUMMARY ***
Total pot $8
Seat 5: fffcd34f folded before Flop (didn't bet)
Seat 6: 1cdce345 folded before Flop (didn't bet)
Seat 2: 383a92bf(big blind) folded before Flop
Seat 4: Hero folded before Flop (didn't bet)
Seat 1: 37d1d95(small blind)won ($8)



Poker Hand #ring_900446053: NLH No Limit ($2/$4) - 2025/05/26 23:32:05
Table 'MR NLH 2/4' 7-max Seat #5 is the button
Seat 5: fffcd34f ($848.6 in chips)
Seat 6: 1cdce345 ($828.03 in chips)
Seat 4: Hero ($880.94 in chips)
Seat 1: 37d1d95 ($903.82 in chips)
1cdce345: posts small blind $2
37d1d95: posts big blind $4
*** HOLE CARDS ***
Dealt to fffcd34f 
Dealt to 1cdce345 
Dealt to Hero [3s 5d]
Dealt to 37d1d95 
Hero: folds
fffcd34f: folds
1cdce345: folds
*** SHOWDOWN ***
37d1d95 collected $6 from pot
*** SUMMARY ***
Total pot $6
Seat 5: fffcd34f folded before Flop (didn't bet)
Seat 6: 1cdce345(small blind) folded before Flop
Seat 4: Hero folded before Flop (didn't bet)
Seat 1: 37d1d95(big blind)won ($6)



Poker Hand #ring_900444716: NLH No Limit ($2/$4) - 2025/05/26 23:31:23
Table 'MR NLH 2/4' 7-max Seat #4 is the button
Seat 5: fffcd34f ($832.6 in chips)
Seat 6: 1cdce345 ($832.03 in chips)
Seat 4: Hero ($892.94 in chips)
Seat 7: 9ff38320 ($698.8 in chips)
Seat 1: 37d1d95 ($903.82 in chips)
fffcd34f: posts small blind $2
1cdce345: posts big blind $4
*** HOLE CARDS ***
Dealt to fffcd34f 
Dealt to 1cdce345 
Dealt to Hero [6h 6d]
Dealt to 9ff38320 
Dealt to 37d1d95 
9ff38320: folds
37d1d95: folds
Hero: raises $8 to $12
fffcd34f: raises $43 to $55
1cdce345: folds
Hero: folds
Uncalled bet ($43) returned to fffcd34f
fffcd34f: shows [8h Qd]
*** SHOWDOWN ***
fffcd34f collected $28 from pot
*** SUMMARY ***
Total pot $28
Seat 5: fffcd34f(small blind) showed [8h Qd] and won ($28)
Seat 6: 1cdce345(big blind) folded before Flop
Seat 4: Hero folded before Flop
Seat 7: 9ff38320 folded before Flop (didn't bet)
Seat 1: 37d1d95 folded before Flop (didn't bet)



Poker Hand #ring_900440895: NLH No Limit ($2/$4) - 2025/05/26 23:29:24
Table 'MR NLH 2/4' 7-max Seat #3 is the button
Seat 5: fffcd34f ($836.6 in chips)
Seat 3: eaa64fca ($788 in chips)
Seat 6: 1cdce345 ($842.03 in chips)
Seat 4: Hero ($794.66 in chips)
Seat 7: 9ff38320 ($698.8 in chips)
Seat 1: 37d1d95 ($998.22 in chips)
Hero: posts small blind $2
fffcd34f: posts big blind $4
*** HOLE CARDS ***
Dealt to fffcd34f 
Dealt to eaa64fca 
Dealt to 1cdce345 
Dealt to Hero [Ah Ad]
Dealt to 9ff38320 
Dealt to 37d1d95 
1cdce345: raises $6 to $10
9ff38320: folds
37d1d95: raises $22 to $32
eaa64fca: folds
Hero: raises $62.4 to $94.4
fffcd34f: folds
1cdce345: folds
37d1d95: calls $62.4
*** FLOP *** [9d 6c 4d]
Hero: checks
37d1d95: checks
*** TURN *** [9d 6c 4d] [Ks]
Hero: bets $60.84
37d1d95: folds
Uncalled bet ($60.84) returned to Hero
*** SHOWDOWN ***
Hero collected $202.8 from pot
*** SUMMARY ***
Total pot $202.8
Board [9d 6c 4d Ks]
Seat 5: fffcd34f(big blind) folded before Flop
Seat 3: eaa64fca folded before Flop (didn't bet)
Seat 6: 1cdce345 folded before Flop
Seat 4: Hero(small blind)won ($202.8) with Pair of Aces
Seat 7: 9ff38320 folded before Flop (didn't bet)
Seat 1: 37d1d95 folded on the Turn



Poker Hand #ring_900440117: NLH No Limit ($2/$4) - 2025/05/26 23:29:01
Table 'MR NLH 2/4' 7-max Seat #0 is the button
Seat 5: fffcd34f ($836.6 in chips)
Seat 3: eaa64fca ($790 in chips)
Seat 6: 1cdce345 ($842.03 in chips)
Seat 4: Hero ($798.66 in chips)
Seat 7: 9ff38320 ($692.8 in chips)
Seat 1: 37d1d95 ($998.22 in chips)
eaa64fca: posts small blind $2
Hero: posts big blind $4
*** HOLE CARDS ***
Dealt to fffcd34f 
Dealt to eaa64fca 
Dealt to 1cdce345 
Dealt to Hero [4h 2s]
Dealt to 9ff38320 
Dealt to 37d1d95 
fffcd34f: folds
1cdce345: folds
9ff38320: raises $6 to $10
37d1d95: folds
eaa64fca: folds
Hero: folds
Uncalled bet ($6) returned to 9ff38320
*** SHOWDOWN ***
9ff38320 collected $10 from pot
*** SUMMARY ***
Total pot $10
Seat 5: fffcd34f folded before Flop (didn't bet)
Seat 3: eaa64fca(small blind) folded before Flop
Seat 6: 1cdce345 folded before Flop (didn't bet)
Seat 4: Hero(big blind) folded before Flop
Seat 7: 9ff38320won ($10)
Seat 1: 37d1d95 folded before Flop (didn't bet)



Poker Hand #ring_900437778: NLH No Limit ($2/$4) - 2025/05/26 23:27:47
Table 'MR NLH 2/4' 7-max Seat #1 is the button
Seat 5: fffcd34f ($554.97 in chips)
Seat 3: eaa64fca ($794 in chips)
Seat 2: 505adee0 ($306.38 in chips)
Seat 6: 1cdce345 ($842.03 in chips)
Seat 4: Hero ($798.66 in chips)
Seat 7: 9ff38320 ($692.8 in chips)
Seat 1: 37d1d95 ($998.22 in chips)
505adee0: posts small blind $2
eaa64fca: posts big blind $4
*** HOLE CARDS ***
Dealt to fffcd34f 
Dealt to eaa64fca 
Dealt to 505adee0 
Dealt to 1cdce345 
Dealt to Hero [Td 8h]
Dealt to 9ff38320 
Dealt to 37d1d95 
Hero: folds
fffcd34f: calls $4
1cdce345: folds
9ff38320: folds
37d1d95: folds
505adee0: raises $12 to $16
eaa64fca: folds
fffcd34f: raises $79 to $95
505adee0: calls $79
*** FLOP *** [2s 7d 6h]
505adee0: checks
fffcd34f: bets $194
505adee0: raises $17.38 to $211.38 and is all-in
fffcd34f: calls $17.38
505adee0: shows [7s As] (Pair of Sevens)
fffcd34f: shows [Ah Ac] (Pair of Aces)
*** TURN *** [2s 7d 6h] [Qs]
*** RIVER *** [2s 7d 6h Qs] [3h]
*** SHOWDOWN ***
fffcd34f collected $616.76 from pot
*** SUMMARY ***
Total pot $616.76
Board [2s 7d 6h Qs 3h]
Seat 5: fffcd34f showed [Ah Ac] and won ($616.76) with Pair of Aces
Seat 3: eaa64fca(big blind) folded before Flop
Seat 2: 505adee0(small blind) showed [7s As] and lost with Pair of Sevens
Seat 6: 1cdce345 folded before Flop (didn't bet)
Seat 4: Hero folded before Flop (didn't bet)
Seat 7: 9ff38320 folded before Flop (didn't bet)
Seat 1: 37d1d95 folded before Flop (didn't bet)



Poker Hand #ring_900437075: NLH No Limit ($2/$4) - 2025/05/26 23:27:24
Table 'MR NLH 2/4' 7-max Seat #7 is the button
Seat 5: fffcd34f ($554.97 in chips)
Seat 3: eaa64fca ($794 in chips)
Seat 2: 505adee0 ($304.38 in chips)
Seat 6: 1cdce345 ($842.03 in chips)
Seat 4: Hero ($798.66 in chips)
Seat 7: 9ff38320 ($692.8 in chips)
Seat 1: 37d1d95 ($1,000.22 in chips)
37d1d95: posts small blind $2
505adee0: posts big blind $4
*** HOLE CARDS ***
Dealt to fffcd34f 
Dealt to eaa64fca 
Dealt to 505adee0 
Dealt to 1cdce345 
Dealt to Hero [8h Ac]
Dealt to 9ff38320 
Dealt to 37d1d95 
eaa64fca: folds
Hero: folds
fffcd34f: folds
1cdce345: folds
9ff38320: folds
37d1d95: folds
505adee0: shows [Kd Kc]
*** SHOWDOWN ***
505adee0 collected $6 from pot
*** SUMMARY ***
Total pot $6
Seat 5: fffcd34f folded before Flop (didn't bet)
Seat 3: eaa64fca folded before Flop (didn't bet)
Seat 2: 505adee0(big blind) showed [Kd Kc] and won ($6)
Seat 6: 1cdce345 folded before Flop (didn't bet)
Seat 4: Hero folded before Flop (didn't bet)
Seat 7: 9ff38320 folded before Flop (didn't bet)
Seat 1: 37d1d95(small blind) folded before Flop



Poker Hand #ring_900436054: NLH No Limit ($2/$4) - 2025/05/26 23:26:52
Table 'MR NLH 2/4' 7-max Seat #6 is the button
Seat 5: fffcd34f ($554.97 in chips)
Seat 3: eaa64fca ($794 in chips)
Seat 2: 505adee0 ($304.38 in chips)
Seat 6: 1cdce345 ($842.03 in chips)
Seat 4: Hero ($798.66 in chips)
Seat 7: 9ff38320 ($688.8 in chips)
Seat 1: 37d1d95 ($1,004.22 in chips)
9ff38320: posts small blind $2
37d1d95: posts big blind $4
*** HOLE CARDS ***
Dealt to fffcd34f 
Dealt to eaa64fca 
Dealt to 505adee0 
Dealt to 1cdce345 
Dealt to Hero [3h Js]
Dealt to 9ff38320 
Dealt to 37d1d95 
505adee0: folds
eaa64fca: folds
Hero: folds
fffcd34f: folds
1cdce345: folds
9ff38320: raises $8 to $12
37d1d95: folds
Uncalled bet ($8) returned to 9ff38320
*** SHOWDOWN ***
9ff38320 collected $8 from pot
*** SUMMARY ***
Total pot $8
Seat 5: fffcd34f folded before Flop (didn't bet)
Seat 3: eaa64fca folded before Flop (didn't bet)
Seat 2: 505adee0 folded before Flop (didn't bet)
Seat 6: 1cdce345 folded before Flop (didn't bet)
Seat 4: Hero folded before Flop (didn't bet)
Seat 7: 9ff38320(small blind)won ($8)
Seat 1: 37d1d95(big blind) folded before Flop



Poker Hand #ring_900435180: NLH No Limit ($2/$4) - 2025/05/26 23:26:24
Table 'MR NLH 2/4' 7-max Seat #5 is the button
Seat 5: fffcd34f ($554.97 in chips)
Seat 3: eaa64fca ($794 in chips)
Seat 2: 505adee0 ($304.38 in chips)
Seat 6: 1cdce345 ($844.03 in chips)
Seat 4: Hero ($792.66 in chips)
Seat 7: 9ff38320 ($692.8 in chips)
Seat 1: 37d1d95 ($1,004.22 in chips)
1cdce345: posts small blind $2
9ff38320: posts big blind $4
*** HOLE CARDS ***
Dealt to fffcd34f 
Dealt to eaa64fca 
Dealt to 505adee0 
Dealt to 1cdce345 
Dealt to Hero [Tc Qc]
Dealt to 9ff38320 
Dealt to 37d1d95 
37d1d95: folds
505adee0: folds
eaa64fca: folds
Hero: raises $8 to $12
fffcd34f: folds
1cdce345: folds
9ff38320: folds
Uncalled bet ($8) returned to Hero
*** SHOWDOWN ***
Hero collected $10 from pot
*** SUMMARY ***
Total pot $10
Seat 5: fffcd34f folded before Flop (didn't bet)
Seat 3: eaa64fca folded before Flop (didn't bet)
Seat 2: 505adee0 folded before Flop (didn't bet)
Seat 6: 1cdce345(small blind) folded before Flop
Seat 4: Herowon ($10)
Seat 7: 9ff38320(big blind) folded before Flop
Seat 1: 37d1d95 folded before Flop (didn't bet)



Poker Hand #ring_900433680: NLH No Limit ($2/$4) - 2025/05/26 23:25:38
Table 'MR NLH 2/4' 7-max Seat #4 is the button
Seat 5: fffcd34f ($556.97 in chips)
Seat 3: eaa64fca ($794 in chips)
Seat 2: 505adee0 ($304.38 in chips)
Seat 6: 1cdce345 ($830.03 in chips)
Seat 4: Hero ($804.66 in chips)
Seat 7: 9ff38320 ($692.8 in chips)
Seat 1: 37d1d95 ($1,004.22 in chips)
fffcd34f: posts small blind $2
1cdce345: posts big blind $4
*** HOLE CARDS ***
Dealt to fffcd34f 
Dealt to eaa64fca 
Dealt to 505adee0 
Dealt to 1cdce345 
Dealt to Hero [Js Tc]
Dealt to 9ff38320 
Dealt to 37d1d95 
9ff38320: folds
37d1d95: folds
505adee0: folds
eaa64fca: folds
Hero: raises $8 to $12
fffcd34f: folds
1cdce345: raises $60 to $72
Hero: folds
Uncalled bet ($60) returned to 1cdce345
*** SHOWDOWN ***
1cdce345 collected $26 from pot
*** SUMMARY ***
Total pot $26
Seat 5: fffcd34f(small blind) folded before Flop
Seat 3: eaa64fca folded before Flop (didn't bet)
Seat 2: 505adee0 folded before Flop (didn't bet)
Seat 6: 1cdce345(big blind)won ($26)
Seat 4: Hero folded before Flop
Seat 7: 9ff38320 folded before Flop (didn't bet)
Seat 1: 37d1d95 folded before Flop (didn't bet)



Poker Hand #ring_900432993: NLH No Limit ($2/$4) - 2025/05/26 23:25:16
Table 'MR NLH 2/4' 7-max Seat #3 is the button
Seat 5: fffcd34f ($560.97 in chips)
Seat 3: eaa64fca ($794 in chips)
Seat 2: 505adee0 ($298.38 in chips)
Seat 6: 1cdce345 ($830.03 in chips)
Seat 4: Hero ($806.66 in chips)
Seat 7: 9ff38320 ($692.8 in chips)
Seat 1: 37d1d95 ($1,004.22 in chips)
Hero: posts small blind $2
fffcd34f: posts big blind $4
*** HOLE CARDS ***
Dealt to fffcd34f 
Dealt to eaa64fca 
Dealt to 505adee0 
Dealt to 1cdce345 
Dealt to Hero [Tc 2h]
Dealt to 9ff38320 
Dealt to 37d1d95 
1cdce345: folds
9ff38320: folds
37d1d95: folds
505adee0: raises $12 to $16
eaa64fca: folds
Hero: folds
fffcd34f: folds
Uncalled bet ($12) returned to 505adee0
*** SHOWDOWN ***
505adee0 collected $10 from pot
*** SUMMARY ***
Total pot $10
Seat 5: fffcd34f(big blind) folded before Flop
Seat 3: eaa64fca folded before Flop (didn't bet)
Seat 2: 505adee0won ($10)
Seat 6: 1cdce345 folded before Flop (didn't bet)
Seat 4: Hero(small blind) folded before Flop
Seat 7: 9ff38320 folded before Flop (didn't bet)
Seat 1: 37d1d95 folded before Flop (didn't bet)



Poker Hand #ring_900430443: NLH No Limit ($2/$4) - 2025/05/26 23:23:55
Table 'MR NLH 2/4' 7-max Seat #2 is the button
Seat 5: fffcd34f ($560.97 in chips)
Seat 3: eaa64fca ($796 in chips)
Seat 2: 505adee0 ($298.38 in chips)
Seat 6: 1cdce345 ($804 in chips)
Seat 4: Hero ($834.26 in chips)
Seat 7: 9ff38320 ($692.8 in chips)
Seat 1: 37d1d95 ($1,004.22 in chips)
eaa64fca: posts small blind $2
Hero: posts big blind $4
*** HOLE CARDS ***
Dealt to fffcd34f 
Dealt to eaa64fca 
Dealt to 505adee0 
Dealt to 1cdce345 
Dealt to Hero [8s 7d]
Dealt to 9ff38320 
Dealt to 37d1d95 
fffcd34f: folds
1cdce345: raises $6 to $10
9ff38320: folds
37d1d95: folds
505adee0: folds
eaa64fca: folds
Hero: calls $6
*** FLOP *** [9d Ah 9h]
Hero: checks
1cdce345: checks
*** TURN *** [9d Ah 9h] [7s]
Hero: checks
1cdce345: bets $17.6
Hero: calls $17.6
*** RIVER *** [9d Ah 9h 7s] [6d]
Hero: checks
1cdce345: checks
Hero: shows [8s 7d]
1cdce345: shows [Ac Td]
*** SHOWDOWN ***
1cdce345 collected $57.2 from pot
*** SUMMARY ***
Total pot $57.2
Board [9d Ah 9h 7s 6d]
Seat 5: fffcd34f folded before Flop (didn't bet)
Seat 3: eaa64fca(small blind) folded before Flop
Seat 2: 505adee0 folded before Flop (didn't bet)
Seat 6: 1cdce345 showed [Ac Td] and won ($57.2) with Pair of Aces and Pair of Nines
Seat 4: Hero(big blind) showed [8s 7d] and lost with Pair of Nines and Pair of Sevens
Seat 7: 9ff38320 folded before Flop (didn't bet)
Seat 1: 37d1d95 folded before Flop (didn't bet)



Poker Hand #ring_900429022: NLH No Limit ($2/$4) - 2025/05/26 23:23:10
Table 'MR NLH 2/4' 7-max Seat #1 is the button
Seat 5: fffcd34f ($560.97 in chips)
Seat 3: eaa64fca ($800 in chips)
Seat 2: 505adee0 ($300.38 in chips)
Seat 6: 1cdce345 ($798 in chips)
Seat 4: Hero ($834.26 in chips)
Seat 7: 9ff38320 ($692.8 in chips)
Seat 1: 37d1d95 ($1,004.22 in chips)
505adee0: posts small blind $2
eaa64fca: posts big blind $4
*** HOLE CARDS ***
Dealt to fffcd34f 
Dealt to eaa64fca 
Dealt to 505adee0 
Dealt to 1cdce345 
Dealt to Hero [Ts 7d]
Dealt to 9ff38320 
Dealt to 37d1d95 
Hero: folds
fffcd34f: folds
1cdce345: raises $6 to $10
9ff38320: folds
37d1d95: folds
505adee0: folds
eaa64fca: folds
Uncalled bet ($6) returned to 1cdce345
*** SHOWDOWN ***
1cdce345 collected $10 from pot
*** SUMMARY ***
Total pot $10
Seat 5: fffcd34f folded before Flop (didn't bet)
Seat 3: eaa64fca(big blind) folded before Flop
Seat 2: 505adee0(small blind) folded before Flop
Seat 6: 1cdce345won ($10)
Seat 4: Hero folded before Flop (didn't bet)
Seat 7: 9ff38320 folded before Flop (didn't bet)
Seat 1: 37d1d95 folded before Flop (didn't bet)



Poker Hand #ring_900427359: NLH No Limit ($2/$4) - 2025/05/26 23:22:18
Table 'MR NLH 2/4' 7-max Seat #7 is the button
Seat 5: fffcd34f ($560.97 in chips)
Seat 3: eaa64fca ($514.98 in chips)
Seat 2: 505adee0 ($286.38 in chips)
Seat 6: 1cdce345 ($798 in chips)
Seat 4: Hero ($846.26 in chips)
Seat 7: 9ff38320 ($692.8 in chips)
Seat 1: 37d1d95 ($1,006.22 in chips)
37d1d95: posts small blind $2
505adee0: posts big blind $4
*** HOLE CARDS ***
Dealt to fffcd34f 
Dealt to eaa64fca 
Dealt to 505adee0 
Dealt to 1cdce345 
Dealt to Hero [Ks 8s]
Dealt to 9ff38320 
Dealt to 37d1d95 
eaa64fca: folds
Hero: raises $8 to $12
fffcd34f: folds
1cdce345: folds
9ff38320: folds
37d1d95: folds
505adee0: raises $26 to $38
Hero: folds
Uncalled bet ($26) returned to 505adee0
*** SHOWDOWN ***
505adee0 collected $26 from pot
*** SUMMARY ***
Total pot $26
Seat 5: fffcd34f folded before Flop (didn't bet)
Seat 3: eaa64fca folded before Flop (didn't bet)
Seat 2: 505adee0(big blind)won ($26)
Seat 6: 1cdce345 folded before Flop (didn't bet)
Seat 4: Hero folded before Flop
Seat 7: 9ff38320 folded before Flop (didn't bet)
Seat 1: 37d1d95(small blind) folded before Flop



Poker Hand #ring_900426522: NLH No Limit ($2/$4) - 2025/05/26 23:21:52
Table 'MR NLH 2/4' 7-max Seat #6 is the button
Seat 5: fffcd34f ($560.97 in chips)
Seat 3: eaa64fca ($514.98 in chips)
Seat 2: 505adee0 ($280.38 in chips)
Seat 6: 1cdce345 ($798 in chips)
Seat 4: Hero ($846.26 in chips)
Seat 7: 9ff38320 ($694.8 in chips)
Seat 1: 37d1d95 ($1,010.22 in chips)
9ff38320: posts small blind $2
37d1d95: posts big blind $4
*** HOLE CARDS ***
Dealt to fffcd34f 
Dealt to eaa64fca 
Dealt to 505adee0 
Dealt to 1cdce345 
Dealt to Hero [6c 4c]
Dealt to 9ff38320 
Dealt to 37d1d95 
505adee0: raises $12 to $16
eaa64fca: folds
Hero: folds
fffcd34f: folds
1cdce345: folds
9ff38320: folds
37d1d95: folds
Uncalled bet ($12) returned to 505adee0
*** SHOWDOWN ***
505adee0 collected $10 from pot
*** SUMMARY ***
Total pot $10
Seat 5: fffcd34f folded before Flop (didn't bet)
Seat 3: eaa64fca folded before Flop (didn't bet)
Seat 2: 505adee0won ($10)
Seat 6: 1cdce345 folded before Flop (didn't bet)
Seat 4: Hero folded before Flop (didn't bet)
Seat 7: 9ff38320(small blind) folded before Flop
Seat 1: 37d1d95(big blind) folded before Flop



Poker Hand #ring_900421207: NLH No Limit ($2/$4) - 2025/05/26 23:19:04
Table 'MR NLH 2/4' 7-max Seat #5 is the button
Seat 5: fffcd34f ($560.97 in chips)
Seat 3: eaa64fca ($794 in chips)
Seat 2: 505adee0 ($280.38 in chips)
Seat 6: 1cdce345 ($800 in chips)
Seat 4: Hero ($846.26 in chips)
Seat 7: 9ff38320 ($698.8 in chips)
Seat 1: 37d1d95 ($751.58 in chips)
1cdce345: posts small blind $2
9ff38320: posts big blind $4
*** HOLE CARDS ***
Dealt to fffcd34f 
Dealt to eaa64fca 
Dealt to 505adee0 
Dealt to 1cdce345 
Dealt to Hero [Ac 9s]
Dealt to 9ff38320 
Dealt to 37d1d95 
37d1d95: raises $6 to $10
505adee0: folds
eaa64fca: raises $30 to $40
Hero: folds
fffcd34f: folds
1cdce345: folds
9ff38320: folds
37d1d95: raises $67.08 to $107.08
eaa64fca: calls $67.08
*** FLOP *** [4d 4h 8h]
37d1d95: bets $52
eaa64fca: calls $52
*** TURN *** [4d 4h 8h] [3c]
37d1d95: bets $119.94
eaa64fca: calls $119.94
*** RIVER *** [4d 4h 8h 3c] [5h]
37d1d95: bets $472.56 and is all-in
eaa64fca: folds
Uncalled bet ($472.56) returned to 37d1d95
*** SHOWDOWN ***
37d1d95 collected $564.04 from pot
*** SUMMARY ***
Total pot $564.04
Board [4d 4h 8h 3c 5h]
Seat 5: fffcd34f folded before Flop (didn't bet)
Seat 3: eaa64fca folded on the River
Seat 2: 505adee0 folded before Flop (didn't bet)
Seat 6: 1cdce345(small blind) folded before Flop
Seat 4: Hero folded before Flop (didn't bet)
Seat 7: 9ff38320(big blind) folded before Flop
Seat 1: 37d1d95won ($564.04) with Pair of Fours



Poker Hand #ring_900418366: NLH No Limit ($2/$4) - 2025/05/26 23:17:35
Table 'MR NLH 2/4' 7-max Seat #4 is the button
Seat 5: fffcd34f ($288.22 in chips)
Seat 3: eaa64fca ($794 in chips)
Seat 2: 505adee0 ($568.6 in chips)
Seat 6: 1cdce345 ($800 in chips)
Seat 4: Hero ($846.26 in chips)
Seat 7: 9ff38320 ($698.8 in chips)
Seat 1: 37d1d95 ($751.58 in chips)
fffcd34f: posts small blind $2
1cdce345: posts big blind $4
*** HOLE CARDS ***
Dealt to fffcd34f 
Dealt to eaa64fca 
Dealt to 505adee0 
Dealt to 1cdce345 
Dealt to Hero [9h Tc]
Dealt to 9ff38320 
Dealt to 37d1d95 
9ff38320: folds
37d1d95: folds
505adee0: raises $8 to $12
eaa64fca: folds
Hero: folds
fffcd34f: calls $10
1cdce345: calls $8
*** FLOP *** [Ts Jd 6c]
fffcd34f: bets $36
1cdce345: folds
505adee0: calls $36
*** TURN *** [Ts Jd 6c] [Qs]
fffcd34f: bets $108
505adee0: raises $324 to $432
fffcd34f: calls $132.22 and is all-in
Uncalled bet ($191.78) returned to 505adee0
505adee0: shows [Th Kh]
fffcd34f: shows [Qc Js]
*** RIVER *** [Ts Jd 6c Qs] [6d]
*** SHOWDOWN ***
fffcd34f collected $588.44 from pot
*** SUMMARY ***
Total pot $588.44
Board [Ts Jd 6c Qs 6d]
Seat 5: fffcd34f(small blind) showed [Qc Js] and won ($588.44) with Pair of Queens and Pair of Jacks
Seat 3: eaa64fca folded before Flop (didn't bet)
Seat 2: 505adee0 showed [Th Kh] and lost with Pair of Tens and Pair of Sixes
Seat 6: 1cdce345(big blind) folded on the Flop
Seat 4: Hero folded before Flop (didn't bet)
Seat 7: 9ff38320 folded before Flop (didn't bet)
Seat 1: 37d1d95 folded before Flop (didn't bet)



Poker Hand #ring_900416773: NLH No Limit ($2/$4) - 2025/05/26 23:16:45
Table 'MR NLH 2/4' 7-max Seat #3 is the button
Seat 5: fffcd34f ($292.22 in chips)
Seat 3: eaa64fca ($794 in chips)
Seat 2: 505adee0 ($553.77 in chips)
Seat 4: Hero ($848.26 in chips)
Seat 7: 9ff38320 ($698.8 in chips)
Seat 1: 37d1d95 ($761.58 in chips)
Hero: posts small blind $2
fffcd34f: posts big blind $4
*** HOLE CARDS ***
Dealt to fffcd34f 
Dealt to eaa64fca 
Dealt to 505adee0 
Dealt to Hero [Jd 5c]
Dealt to 9ff38320 
Dealt to 37d1d95 
9ff38320: folds
37d1d95: raises $6 to $10
505adee0: calls $10
eaa64fca: folds
Hero: folds
fffcd34f: folds
*** FLOP *** [2c 5h Qh]
37d1d95: checks
505adee0: bets $26
37d1d95: folds
Uncalled bet ($26) returned to 505adee0
*** SHOWDOWN ***
505adee0 collected $26 from pot
*** SUMMARY ***
Total pot $26
Board [2c 5h Qh]
Seat 5: fffcd34f(big blind) folded before Flop
Seat 3: eaa64fca folded before Flop (didn't bet)
Seat 2: 505adee0won ($26) with Pair of Queens
Seat 4: Hero(small blind) folded before Flop
Seat 7: 9ff38320 folded before Flop (didn't bet)
Seat 1: 37d1d95 folded on the Flop



Poker Hand #ring_900414629: NLH No Limit ($2/$4) - 2025/05/26 23:15:37
Table 'MR NLH 2/4' 7-max Seat #2 is the button
Seat 5: fffcd34f ($292.22 in chips)
Seat 3: eaa64fca ($796 in chips)
Seat 2: 505adee0 ($564.92 in chips)
Seat 4: Hero ($859.41 in chips)
Seat 7: 9ff38320 ($698.8 in chips)
Seat 1: 37d1d95 ($761.58 in chips)
eaa64fca: posts small blind $2
Hero: posts big blind $4
*** HOLE CARDS ***
Dealt to fffcd34f 
Dealt to eaa64fca 
Dealt to 505adee0 
Dealt to Hero [Ac Td]
Dealt to 9ff38320 
Dealt to 37d1d95 
fffcd34f: folds
9ff38320: folds
37d1d95: folds
505adee0: raises $8 to $12
eaa64fca: folds
Hero: calls $8
*** FLOP *** [Qh 4s 8c]
Hero: checks
505adee0: checks
*** TURN *** [Qh 4s 8c] [9h]
Hero: bets $13
505adee0: calls $13
*** RIVER *** [Qh 4s 8c 9h] [Js]
Hero: checks
505adee0: bets $52
Hero: raises $78 to $130
505adee0: raises $102.96 to $232.96
Hero: calls $102.96
505adee0: shows [9s Th]
Hero: shows [Ac Td]
*** SHOWDOWN ***
505adee0 collected $258.96 from pot
Hero collected $258.96 from pot
*** SUMMARY ***
Total pot $517.92
Board [Qh 4s 8c 9h Js]
Seat 5: fffcd34f folded before Flop (didn't bet)
Seat 3: eaa64fca(small blind) folded before Flop
Seat 2: 505adee0 showed [9s Th] and won ($258.96) with Queens-High Straight
Seat 4: Hero(big blind) showed [Ac Td] and won ($258.96) with Queens-High Straight
Seat 7: 9ff38320 folded before Flop (didn't bet)
Seat 1: 37d1d95 folded before Flop (didn't bet)



Poker Hand #ring_900413145: NLH No Limit ($2/$4) - 2025/05/26 23:14:51
Table 'MR NLH 2/4' 7-max Seat #1 is the button
Seat 5: fffcd34f ($296.22 in chips)
Seat 3: eaa64fca ($800 in chips)
Seat 2: 505adee0 ($566.92 in chips)
Seat 4: Hero ($859.41 in chips)
Seat 7: 9ff38320 ($714.8 in chips)
Seat 1: 37d1d95 ($735.58 in chips)
505adee0: posts small blind $2
eaa64fca: posts big blind $4
*** HOLE CARDS ***
Dealt to fffcd34f 
Dealt to eaa64fca 
Dealt to 505adee0 
Dealt to Hero [8s 4h]
Dealt to 9ff38320 
Dealt to 37d1d95 
Hero: folds
fffcd34f: calls $4
9ff38320: raises $12 to $16
37d1d95: raises $32.76 to $48.76
505adee0: folds
eaa64fca: folds
fffcd34f: folds
9ff38320: folds
Uncalled bet ($32.76) returned to 37d1d95
*** SHOWDOWN ***
37d1d95 collected $42 from pot
*** SUMMARY ***
Total pot $42
Seat 5: fffcd34f folded before Flop
Seat 3: eaa64fca(big blind) folded before Flop
Seat 2: 505adee0(small blind) folded before Flop
Seat 4: Hero folded before Flop (didn't bet)
Seat 7: 9ff38320 folded before Flop
Seat 1: 37d1d95won ($42)



Poker Hand #ring_900411975: NLH No Limit ($2/$4) - 2025/05/26 23:14:13
Table 'MR NLH 2/4' 7-max Seat #7 is the button
Seat 6: e0a930d6 ($1,690.75 in chips)
Seat 5: fffcd34f ($296.22 in chips)
Seat 3: eaa64fca ($800 in chips)
Seat 2: 505adee0 ($570.92 in chips)
Seat 4: Hero ($853.41 in chips)
Seat 7: 9ff38320 ($714.8 in chips)
Seat 1: 37d1d95 ($737.58 in chips)
37d1d95: posts small blind $2
505adee0: posts big blind $4
*** HOLE CARDS ***
Dealt to e0a930d6 
Dealt to fffcd34f 
Dealt to eaa64fca 
Dealt to 505adee0 
Dealt to Hero [Ad Kc]
Dealt to 9ff38320 
Dealt to 37d1d95 
eaa64fca: folds
Hero: raises $8 to $12
fffcd34f: folds
e0a930d6: folds
9ff38320: folds
37d1d95: folds
505adee0: folds
Uncalled bet ($8) returned to Hero
*** SHOWDOWN ***
Hero collected $10 from pot
*** SUMMARY ***
Total pot $10
Seat 6: e0a930d6 folded before Flop (didn't bet)
Seat 5: fffcd34f folded before Flop (didn't bet)
Seat 3: eaa64fca folded before Flop (didn't bet)
Seat 2: 505adee0(big blind) folded before Flop
Seat 4: Herowon ($10)
Seat 7: 9ff38320 folded before Flop (didn't bet)
Seat 1: 37d1d95(small blind) folded before Flop



Poker Hand #ring_900410499: NLH No Limit ($2/$4) - 2025/05/26 23:13:25
Table 'MR NLH 2/4' 7-max Seat #6 is the button
Seat 6: e0a930d6 ($1,654.62 in chips)
Seat 5: fffcd34f ($296.22 in chips)
Seat 3: eaa64fca ($800 in chips)
Seat 2: 505adee0 ($605.42 in chips)
Seat 4: Hero ($853.41 in chips)
Seat 7: 9ff38320 ($716.8 in chips)
Seat 1: 37d1d95 ($741.58 in chips)
9ff38320: posts small blind $2
37d1d95: posts big blind $4
*** HOLE CARDS ***
Dealt to e0a930d6 
Dealt to fffcd34f 
Dealt to eaa64fca 
Dealt to 505adee0 
Dealt to Hero [7d 9c]
Dealt to 9ff38320 
Dealt to 37d1d95 
505adee0: raises $8 to $12
eaa64fca: folds
Hero: folds
fffcd34f: folds
e0a930d6: calls $12
9ff38320: folds
37d1d95: folds
*** FLOP *** [3h As Qs]
505adee0: checks
e0a930d6: checks
*** TURN *** [3h As Qs] [Kd]
505adee0: checks
e0a930d6: checks
*** RIVER *** [3h As Qs Kd] [Ks]
505adee0: checks
e0a930d6: bets $22.5
505adee0: calls $22.5
505adee0: shows [Qc 9s]
e0a930d6: shows [Jh Kc]
*** SHOWDOWN ***
e0a930d6 collected $75 from pot
*** SUMMARY ***
Total pot $75
Board [3h As Qs Kd Ks]
Seat 6: e0a930d6 showed [Jh Kc] and won ($75) with Three Kings
Seat 5: fffcd34f folded before Flop (didn't bet)
Seat 3: eaa64fca folded before Flop (didn't bet)
Seat 2: 505adee0 showed [Qc 9s] and lost with Pair of Kings and Pair of Queens
Seat 4: Hero folded before Flop (didn't bet)
Seat 7: 9ff38320(small blind) folded before Flop
Seat 1: 37d1d95(big blind) folded before Flop



Poker Hand #ring_900408471: NLH No Limit ($2/$4) - 2025/05/26 23:12:21
Table 'MR NLH 2/4' 7-max Seat #5 is the button
Seat 6: e0a930d6 ($1,656.62 in chips)
Seat 5: fffcd34f ($296.22 in chips)
Seat 3: eaa64fca ($635.5 in chips)
Seat 2: 505adee0 ($706.02 in chips)
Seat 4: Hero ($757.13 in chips)
Seat 7: 9ff38320 ($720.8 in chips)
Seat 1: 37d1d95 ($741.58 in chips)
e0a930d6: posts small blind $2
9ff38320: posts big blind $4
*** HOLE CARDS ***
Dealt to e0a930d6 
Dealt to fffcd34f 
Dealt to eaa64fca 
Dealt to 505adee0 
Dealt to Hero [Qd Qh]
Dealt to 9ff38320 
Dealt to 37d1d95 
37d1d95: folds
505adee0: raises $8 to $12
eaa64fca: folds
Hero: raises $36.8 to $48.8
fffcd34f: folds
e0a930d6: folds
9ff38320: folds
505adee0: calls $36.8
*** FLOP *** [Ks Kd Jd]
505adee0: checks
Hero: checks
*** TURN *** [Ks Kd Jd] [Th]
505adee0: checks
Hero: checks
*** RIVER *** [Ks Kd Jd Th] [3h]
505adee0: bets $51.8
Hero: calls $51.8
505adee0: shows [4d 5d]
Hero: shows [Qd Qh]
*** SHOWDOWN ***
Hero collected $207.2 from pot
*** SUMMARY ***
Total pot $207.2
Board [Ks Kd Jd Th 3h]
Seat 6: e0a930d6(small blind) folded before Flop
Seat 5: fffcd34f folded before Flop (didn't bet)
Seat 3: eaa64fca folded before Flop (didn't bet)
Seat 2: 505adee0 showed [4d 5d] and lost with Pair of Kings
Seat 4: Hero showed [Qd Qh] and won ($207.2) with Pair of Kings and Pair of Queens
Seat 7: 9ff38320(big blind) folded before Flop
Seat 1: 37d1d95 folded before Flop (didn't bet)



Poker Hand #ring_900406610: NLH No Limit ($2/$4) - 2025/05/26 23:11:23
Table 'MR NLH 2/4' 7-max Seat #4 is the button
Seat 6: e0a930d6 ($1,660.62 in chips)
Seat 5: fffcd34f ($298.22 in chips)
Seat 3: eaa64fca ($740 in chips)
Seat 2: 505adee0 ($606.19 in chips)
Seat 4: Hero ($757.13 in chips)
Seat 7: 9ff38320 ($720.8 in chips)
Seat 1: 37d1d95 ($741.58 in chips)
fffcd34f: posts small blind $2
e0a930d6: posts big blind $4
*** HOLE CARDS ***
Dealt to e0a930d6 
Dealt to fffcd34f 
Dealt to eaa64fca 
Dealt to 505adee0 
Dealt to Hero [3c 7s]
Dealt to 9ff38320 
Dealt to 37d1d95 
9ff38320: folds
37d1d95: folds
505adee0: raises $8 to $12
eaa64fca: raises $28 to $40
Hero: folds
fffcd34f: folds
e0a930d6: folds
505adee0: calls $28
*** FLOP *** [9s 8c 7h]
505adee0: checks
eaa64fca: checks
*** TURN *** [9s 8c 7h] [2h]
505adee0: bets $64.5
eaa64fca: calls $64.5
*** RIVER *** [9s 8c 7h 2h] [8h]
505adee0: checks
eaa64fca: checks
505adee0: shows [Js Jc]
eaa64fca: shows [Tc As]
*** SHOWDOWN ***
505adee0 collected $215 from pot
*** SUMMARY ***
Total pot $215
Board [9s 8c 7h 2h 8h]
Seat 6: e0a930d6(big blind) folded before Flop
Seat 5: fffcd34f(small blind) folded before Flop
Seat 3: eaa64fca showed [Tc As] and lost with Pair of Eights
Seat 2: 505adee0 showed [Js Jc] and won ($215) with Pair of Jacks and Pair of Eights
Seat 4: Hero folded before Flop (didn't bet)
Seat 7: 9ff38320 folded before Flop (didn't bet)
Seat 1: 37d1d95 folded before Flop (didn't bet)



Poker Hand #ring_900404920: NLH No Limit ($2/$4) - 2025/05/26 23:10:31
Table 'MR NLH 2/4' 7-max Seat #3 is the button
Seat 6: e0a930d6 ($1,660.62 in chips)
Seat 5: fffcd34f ($302.22 in chips)
Seat 3: eaa64fca ($800 in chips)
Seat 2: 505adee0 ($614.99 in chips)
Seat 4: Hero ($759.13 in chips)
Seat 7: 9ff38320 ($482 in chips)
Seat 1: 37d1d95 ($741.58 in chips)
Hero: posts small blind $2
fffcd34f: posts big blind $4
*** HOLE CARDS ***
Dealt to e0a930d6 
Dealt to fffcd34f 
Dealt to eaa64fca 
Dealt to 505adee0 
Dealt to Hero [9c 4s]
Dealt to 9ff38320 
Dealt to 37d1d95 
e0a930d6: folds
9ff38320: raises $4.8 to $8.8
37d1d95: folds
505adee0: calls $8.8
eaa64fca: raises $51.2 to $60
Hero: folds
fffcd34f: folds
9ff38320: raises $72 to $132
505adee0: folds
eaa64fca: folds
Uncalled bet ($72) returned to 9ff38320
*** SHOWDOWN ***
9ff38320 collected $134.8 from pot
*** SUMMARY ***
Total pot $134.8
Seat 6: e0a930d6 folded before Flop (didn't bet)
Seat 5: fffcd34f(big blind) folded before Flop
Seat 3: eaa64fca folded before Flop
Seat 2: 505adee0 folded before Flop
Seat 4: Hero(small blind) folded before Flop
Seat 7: 9ff38320won ($134.8)
Seat 1: 37d1d95 folded before Flop (didn't bet)



Poker Hand #ring_900403743: NLH No Limit ($2/$4) - 2025/05/26 23:09:53
Table 'MR NLH 2/4' 7-max Seat #2 is the button
Seat 6: e0a930d6 ($1,660.62 in chips)
Seat 5: fffcd34f ($302.22 in chips)
Seat 3: eaa64fca ($802 in chips)
Seat 2: 505adee0 ($608.99 in chips)
Seat 4: Hero ($763.13 in chips)
Seat 7: 9ff38320 ($482 in chips)
Seat 1: 37d1d95 ($741.58 in chips)
eaa64fca: posts small blind $2
Hero: posts big blind $4
*** HOLE CARDS ***
Dealt to e0a930d6 
Dealt to fffcd34f 
Dealt to eaa64fca 
Dealt to 505adee0 
Dealt to Hero [2c 4h]
Dealt to 9ff38320 
Dealt to 37d1d95 
fffcd34f: folds
e0a930d6: folds
9ff38320: folds
37d1d95: folds
505adee0: raises $8 to $12
eaa64fca: folds
Hero: folds
Uncalled bet ($8) returned to 505adee0
*** SHOWDOWN ***
505adee0 collected $10 from pot
*** SUMMARY ***
Total pot $10
Seat 6: e0a930d6 folded before Flop (didn't bet)
Seat 5: fffcd34f folded before Flop (didn't bet)
Seat 3: eaa64fca(small blind) folded before Flop
Seat 2: 505adee0won ($10)
Seat 4: Hero(big blind) folded before Flop
Seat 7: 9ff38320 folded before Flop (didn't bet)
Seat 1: 37d1d95 folded before Flop (didn't bet)



Poker Hand #ring_900402755: NLH No Limit ($2/$4) - 2025/05/26 23:09:22
Table 'MR NLH 2/4' 7-max Seat #1 is the button
Seat 6: e0a930d6 ($1,660.62 in chips)
Seat 5: fffcd34f ($302.22 in chips)
Seat 3: eaa64fca ($800 in chips)
Seat 2: 505adee0 ($610.99 in chips)
Seat 4: Hero ($763.13 in chips)
Seat 7: 9ff38320 ($482 in chips)
Seat 1: 37d1d95 ($741.58 in chips)
505adee0: posts small blind $2
eaa64fca: posts big blind $4
*** HOLE CARDS ***
Dealt to e0a930d6 
Dealt to fffcd34f 
Dealt to eaa64fca 
Dealt to 505adee0 
Dealt to Hero [8c Qh]
Dealt to 9ff38320 
Dealt to 37d1d95 
Hero: folds
fffcd34f: folds
e0a930d6: folds
9ff38320: folds
37d1d95: folds
505adee0: folds
*** SHOWDOWN ***
eaa64fca collected $6 from pot
*** SUMMARY ***
Total pot $6
Seat 6: e0a930d6 folded before Flop (didn't bet)
Seat 5: fffcd34f folded before Flop (didn't bet)
Seat 3: eaa64fca(big blind)won ($6)
Seat 2: 505adee0(small blind) folded before Flop
Seat 4: Hero folded before Flop (didn't bet)
Seat 7: 9ff38320 folded before Flop (didn't bet)
Seat 1: 37d1d95 folded before Flop (didn't bet)



Poker Hand #ring_900400616: NLH No Limit ($2/$4) - 2025/05/26 23:08:16
Table 'MR NLH 2/4' 7-max Seat #7 is the button
Seat 6: e0a930d6 ($1,789.62 in chips)
Seat 5: fffcd34f ($302.22 in chips)
Seat 3: eaa64fca ($800 in chips)
Seat 2: 505adee0 ($492.69 in chips)
Seat 4: Hero ($763.13 in chips)
Seat 7: 9ff38320 ($482 in chips)
Seat 1: 37d1d95 ($743.58 in chips)
37d1d95: posts small blind $2
505adee0: posts big blind $4
*** HOLE CARDS ***
Dealt to e0a930d6 
Dealt to fffcd34f 
Dealt to eaa64fca 
Dealt to 505adee0 
Dealt to Hero [4c Jh]
Dealt to 9ff38320 
Dealt to 37d1d95 
eaa64fca: folds
Hero: folds
fffcd34f: folds
e0a930d6: raises $8 to $12
9ff38320: folds
37d1d95: folds
505adee0: calls $8
*** FLOP *** [Js 3c Ks]
505adee0: checks
e0a930d6: bets $13
505adee0: calls $13
*** TURN *** [Js 3c Ks] [6h]
505adee0: checks
e0a930d6: bets $39
505adee0: calls $39
*** RIVER *** [Js 3c Ks 6h] [Kh]
505adee0: checks
e0a930d6: bets $65
505adee0: calls $65
505adee0: shows [Ah 6c]
e0a930d6: shows [4s 5s]
*** SHOWDOWN ***
505adee0 collected $260 from pot
*** SUMMARY ***
Total pot $260
Board [Js 3c Ks 6h Kh]
Seat 6: e0a930d6 showed [4s 5s] and lost with Pair of Kings
Seat 5: fffcd34f folded before Flop (didn't bet)
Seat 3: eaa64fca folded before Flop (didn't bet)
Seat 2: 505adee0(big blind) showed [Ah 6c] and won ($260) with Pair of Kings and Pair of Sixes
Seat 4: Hero folded before Flop (didn't bet)
Seat 7: 9ff38320 folded before Flop (didn't bet)
Seat 1: 37d1d95(small blind) folded before Flop



Poker Hand #ring_900399834: NLH No Limit ($2/$4) - 2025/05/26 23:07:50
Table 'MR NLH 2/4' 7-max Seat #6 is the button
Seat 6: e0a930d6 ($1,789.62 in chips)
Seat 5: fffcd34f ($302.22 in chips)
Seat 3: eaa64fca ($400 in chips)
Seat 2: 505adee0 ($486.69 in chips)
Seat 4: Hero ($763.13 in chips)
Seat 7: 9ff38320 ($396 in chips)
Seat 1: 37d1d95 ($747.58 in chips)
9ff38320: posts small blind $2
37d1d95: posts big blind $4
*** HOLE CARDS ***
Dealt to e0a930d6 
Dealt to fffcd34f 
Dealt to eaa64fca 
Dealt to 505adee0 
Dealt to Hero [8c Ts]
Dealt to 9ff38320 
Dealt to 37d1d95 
505adee0: raises $8 to $12
eaa64fca: folds
Hero: folds
fffcd34f: folds
e0a930d6: folds
9ff38320: folds
37d1d95: folds
Uncalled bet ($8) returned to 505adee0
*** SHOWDOWN ***
505adee0 collected $10 from pot
*** SUMMARY ***
Total pot $10
Seat 6: e0a930d6 folded before Flop (didn't bet)
Seat 5: fffcd34f folded before Flop (didn't bet)
Seat 3: eaa64fca folded before Flop (didn't bet)
Seat 2: 505adee0won ($10)
Seat 4: Hero folded before Flop (didn't bet)
Seat 7: 9ff38320(small blind) folded before Flop
Seat 1: 37d1d95(big blind) folded before Flop



Poker Hand #ring_900398564: NLH No Limit ($2/$4) - 2025/05/26 23:07:11
Table 'MR NLH 2/4' 7-max Seat #5 is the button
Seat 6: e0a930d6 ($1,791.62 in chips)
Seat 5: fffcd34f ($302.22 in chips)
Seat 3: eaa64fca ($398 in chips)
Seat 2: 505adee0 ($414.82 in chips)
Seat 4: Hero ($799.13 in chips)
Seat 7: 9ff38320 ($400 in chips)
Seat 1: 37d1d95 ($747.58 in chips)
e0a930d6: posts small blind $2
9ff38320: posts big blind $4
*** HOLE CARDS ***
Dealt to e0a930d6 
Dealt to fffcd34f 
Dealt to eaa64fca 
Dealt to 505adee0 
Dealt to Hero [6c 6s]
Dealt to 9ff38320 
Dealt to 37d1d95 
37d1d95: folds
505adee0: raises $8 to $12
eaa64fca: raises $24 to $36
Hero: calls $36
fffcd34f: folds
e0a930d6: folds
9ff38320: folds
505adee0: calls $24
*** FLOP *** [Ah As 8d]
505adee0: bets $114
eaa64fca: folds
Hero: folds
Uncalled bet ($114) returned to 505adee0
*** SHOWDOWN ***
505adee0 collected $114 from pot
*** SUMMARY ***
Total pot $114
Board [Ah As 8d]
Seat 6: e0a930d6(small blind) folded before Flop
Seat 5: fffcd34f folded before Flop (didn't bet)
Seat 3: eaa64fca folded on the Flop
Seat 2: 505adee0won ($114) with Pair of Aces and Pair of Eights
Seat 4: Hero folded on the Flop
Seat 7: 9ff38320(big blind) folded before Flop
Seat 1: 37d1d95 folded before Flop (didn't bet)



Poker Hand #ring_900397587: NLH No Limit ($2/$4) - 2025/05/26 23:06:41
Table 'MR NLH 2/4' 7-max Seat #4 is the button
Seat 6: e0a930d6 ($1,795.62 in chips)
Seat 5: fffcd34f ($304.22 in chips)
Seat 3: eaa64fca ($398 in chips)
Seat 2: 505adee0 ($414.82 in chips)
Seat 4: Hero ($793.13 in chips)
Seat 1: 37d1d95 ($747.58 in chips)
fffcd34f: posts small blind $2
e0a930d6: posts big blind $4
*** HOLE CARDS ***
Dealt to e0a930d6 
Dealt to fffcd34f 
Dealt to eaa64fca 
Dealt to 505adee0 
Dealt to Hero [4d 3d]
Dealt to 37d1d95 
37d1d95: folds
505adee0: folds
eaa64fca: folds
Hero: raises $8 to $12
fffcd34f: folds
e0a930d6: folds
Uncalled bet ($8) returned to Hero
*** SHOWDOWN ***
Hero collected $10 from pot
*** SUMMARY ***
Total pot $10
Seat 6: e0a930d6(big blind) folded before Flop
Seat 5: fffcd34f(small blind) folded before Flop
Seat 3: eaa64fca folded before Flop (didn't bet)
Seat 2: 505adee0 folded before Flop (didn't bet)
Seat 4: Herowon ($10)
Seat 1: 37d1d95 folded before Flop (didn't bet)



Poker Hand #ring_900394515: NLH No Limit ($2/$4) - 2025/05/26 23:05:06
Table 'MR NLH 2/4' 7-max Seat #3 is the button
Seat 6: e0a930d6 ($1,795.62 in chips)
Seat 5: fffcd34f ($218.64 in chips)
Seat 3: eaa64fca ($398 in chips)
Seat 2: 505adee0 ($414.82 in chips)
Seat 4: Hero ($839.55 in chips)
Seat 1: 37d1d95 ($794 in chips)
Hero: posts small blind $2
fffcd34f: posts big blind $4
*** HOLE CARDS ***
Dealt to e0a930d6 
Dealt to fffcd34f 
Dealt to eaa64fca 
Dealt to 505adee0 
Dealt to Hero [Ts 8s]
Dealt to 37d1d95 
e0a930d6: folds
37d1d95: raises $6 to $10
505adee0: folds
eaa64fca: folds
Hero: calls $8
fffcd34f: raises $12 to $22
37d1d95: calls $12
Hero: calls $12
*** FLOP *** [7d 8d Kh]
Hero: checks
fffcd34f: checks
37d1d95: bets $24.42
Hero: calls $24.42
fffcd34f: calls $24.42
*** TURN *** [7d 8d Kh] [4d]
Hero: checks
fffcd34f: bets $139.26
37d1d95: folds
Hero: folds
Uncalled bet ($139.26) returned to fffcd34f
*** SHOWDOWN ***
fffcd34f collected $139.26 from pot
*** SUMMARY ***
Total pot $139.26
Board [7d 8d Kh 4d]
Seat 6: e0a930d6 folded before Flop (didn't bet)
Seat 5: fffcd34f(big blind)won ($139.26) with Eights-High Straight
Seat 3: eaa64fca folded before Flop (didn't bet)
Seat 2: 505adee0 folded before Flop (didn't bet)
Seat 4: Hero(small blind) folded on the Turn
Seat 1: 37d1d95 folded on the Turn



Poker Hand #ring_900393489: NLH No Limit ($2/$4) - 2025/05/26 23:04:34
Table 'MR NLH 2/4' 7-max Seat #2 is the button
Seat 6: e0a930d6 ($1,795.62 in chips)
Seat 5: fffcd34f ($230.64 in chips)
Seat 3: eaa64fca ($400 in chips)
Seat 2: 505adee0 ($398.17 in chips)
Seat 4: Hero ($843.55 in chips)
Seat 1: 37d1d95 ($794 in chips)
eaa64fca: posts small blind $2
Hero: posts big blind $4
*** HOLE CARDS ***
Dealt to e0a930d6 
Dealt to fffcd34f 
Dealt to eaa64fca 
Dealt to 505adee0 
Dealt to Hero [5s Kc]
Dealt to 37d1d95 
fffcd34f: calls $4
e0a930d6: folds
37d1d95: folds
505adee0: raises $8 to $12
eaa64fca: folds
Hero: folds
fffcd34f: calls $8
*** FLOP *** [Tc Ac 4h]
fffcd34f: checks
505adee0: bets $30
fffcd34f: folds
Uncalled bet ($30) returned to 505adee0
*** SHOWDOWN ***
505adee0 collected $30 from pot
*** SUMMARY ***
Total pot $30
Board [Tc Ac 4h]
Seat 6: e0a930d6 folded before Flop (didn't bet)
Seat 5: fffcd34f folded on the Flop
Seat 3: eaa64fca(small blind) folded before Flop
Seat 2: 505adee0won ($30) with Ace-High
Seat 4: Hero(big blind) folded before Flop
Seat 1: 37d1d95 folded before Flop (didn't bet)



Poker Hand #ring_900391980: NLH No Limit ($2/$4) - 2025/05/26 23:03:48
Table 'MR NLH 2/4' 7-max Seat #1 is the button
Seat 6: e0a930d6 ($1,795.62 in chips)
Seat 5: fffcd34f ($324.64 in chips)
Seat 3: eaa64fca ($400 in chips)
Seat 2: 505adee0 ($309.81 in chips)
Seat 4: Hero ($843.55 in chips)
Seat 1: 37d1d95 ($794 in chips)
505adee0: posts small blind $2
eaa64fca: posts big blind $4
*** HOLE CARDS ***
Dealt to e0a930d6 
Dealt to fffcd34f 
Dealt to eaa64fca 
Dealt to 505adee0 
Dealt to Hero [7d Th]
Dealt to 37d1d95 
Hero: folds
fffcd34f: raises $10 to $14
e0a930d6: folds
37d1d95: folds
505adee0: calls $12
eaa64fca: folds
*** FLOP *** [Qs 9h 5c]
505adee0: checks
fffcd34f: bets $32
505adee0: calls $32
*** TURN *** [Qs 9h 5c] [6d]
505adee0: checks
fffcd34f: checks
*** RIVER *** [Qs 9h 5c 6d] [Ad]
505adee0: checks
fffcd34f: bets $48
505adee0: calls $48
505adee0: shows [6c 7s]
fffcd34f: shows [Kc Jd]
*** SHOWDOWN ***
505adee0 collected $192 from pot
*** SUMMARY ***
Total pot $192
Board [Qs 9h 5c 6d Ad]
Seat 6: e0a930d6 folded before Flop (didn't bet)
Seat 5: fffcd34f showed [Kc Jd] and lost with Ace-High
Seat 3: eaa64fca(big blind) folded before Flop
Seat 2: 505adee0(small blind) showed [6c 7s] and won ($192) with Pair of Sixes
Seat 4: Hero folded before Flop (didn't bet)
Seat 1: 37d1d95 folded before Flop (didn't bet)



Poker Hand #ring_900390879: NLH No Limit ($2/$4) - 2025/05/26 23:03:14
Table 'MR NLH 2/4' 7-max Seat #0 is the button
Seat 6: e0a930d6 ($1,807.62 in chips)
Seat 5: fffcd34f ($324.64 in chips)
Seat 3: eaa64fca ($400 in chips)
Seat 2: 505adee0 ($296.98 in chips)
Seat 4: Hero ($843.55 in chips)
Seat 1: 37d1d95 ($796 in chips)
37d1d95: posts small blind $2
505adee0: posts big blind $4
*** HOLE CARDS ***
Dealt to e0a930d6 
Dealt to fffcd34f 
Dealt to eaa64fca 
Dealt to 505adee0 
Dealt to Hero [Tc 4d]
Dealt to 37d1d95 
eaa64fca: folds
Hero: folds
fffcd34f: folds
e0a930d6: raises $8 to $12
37d1d95: folds
505adee0: calls $8
*** FLOP *** [3c Js 7d]
505adee0: checks
e0a930d6: checks
*** TURN *** [3c Js 7d] [5s]
505adee0: bets $26
e0a930d6: folds
Uncalled bet ($26) returned to 505adee0
*** SHOWDOWN ***
505adee0 collected $26 from pot
*** SUMMARY ***
Total pot $26
Board [3c Js 7d 5s]
Seat 6: e0a930d6 folded on the Turn
Seat 5: fffcd34f folded before Flop (didn't bet)
Seat 3: eaa64fca folded before Flop (didn't bet)
Seat 2: 505adee0(big blind)won ($26) with Pair of Twos
Seat 4: Hero folded before Flop (didn't bet)
Seat 1: 37d1d95(small blind) folded before Flop



Poker Hand #ring_900389269: NLH No Limit ($2/$4) - 2025/05/26 23:02:24
Table 'MR NLH 2/4' 7-max Seat #6 is the button
Seat 6: e0a930d6 ($1,807.62 in chips)
Seat 5: fffcd34f ($399.64 in chips)
Seat 3: eaa64fca ($400 in chips)
Seat 2: 505adee0 ($225.91 in chips)
Seat 4: Hero ($843.55 in chips)
Seat 1: 37d1d95 ($800 in chips)
37d1d95: posts big blind $4
*** HOLE CARDS ***
Dealt to e0a930d6 
Dealt to fffcd34f 
Dealt to eaa64fca 
Dealt to 505adee0 
Dealt to Hero [4d 3c]
Dealt to 37d1d95 
505adee0: raises $8 to $12
eaa64fca: folds
Hero: folds
fffcd34f: raises $63 to $75
e0a930d6: folds
37d1d95: folds
505adee0: calls $63
*** FLOP *** [Td Jh 5d]
505adee0: bets $150.91 and is all-in
fffcd34f: folds
Uncalled bet ($150.91) returned to 505adee0
*** SHOWDOWN ***
505adee0 collected $154 from pot
*** SUMMARY ***
Total pot $154
Board [Td Jh 5d]
Seat 6: e0a930d6 folded before Flop (didn't bet)
Seat 5: fffcd34f folded on the Flop
Seat 3: eaa64fca folded before Flop (didn't bet)
Seat 2: 505adee0won ($154) with King-High
Seat 4: Hero folded before Flop (didn't bet)
Seat 1: 37d1d95(big blind) folded before Flop



Poker Hand #ring_900386664: NLH No Limit ($2/$4) - 2025/05/26 23:01:04
Table 'MR NLH 2/4' 7-max Seat #5 is the button
Seat 6: e0a930d6 ($1,809.62 in chips)
Seat 5: fffcd34f ($399.64 in chips)
Seat 1: b1d56263 ($884.65 in chips)
Seat 3: eaa64fca ($404.67 in chips)
Seat 2: 505adee0 ($558.89 in chips)
Seat 7: 397d8950 ($192.38 in chips)
Seat 4: Hero ($332.98 in chips)
e0a930d6: posts small blind $2
397d8950: posts big blind $4
*** HOLE CARDS ***
Dealt to e0a930d6 
Dealt to fffcd34f 
Dealt to b1d56263 
Dealt to eaa64fca 
Dealt to 505adee0 
Dealt to 397d8950 
Dealt to Hero [Ah Qs]
b1d56263: folds
505adee0: raises $8 to $12
eaa64fca: raises $12 to $24
Hero: calls $24
fffcd34f: folds
e0a930d6: folds
397d8950: calls $20
505adee0: raises $73.5 to $97.5
eaa64fca: folds
Hero: calls $73.5
397d8950: raises $94.88 to $192.38 and is all-in
505adee0: raises $366.51 to $558.89 and is all-in
Hero: calls $235.48 and is all-in
Uncalled bet ($225.91) returned to 505adee0
505adee0: shows [Kd Kc]
Hero: shows [Ah Qs]
397d8950: shows [9d 9c]
*** FLOP *** [Th 8s 4d]
*** TURN *** [Th 8s 4d] [As]
*** RIVER *** [Th 8s 4d As] [3d]
*** SHOWDOWN ***
Hero collected $603.14 from pot
Hero collected $281.2 from pot
*** SUMMARY ***
Total pot $884.34
Board [Th 8s 4d As 3d]
Seat 6: e0a930d6(small blind) folded before Flop
Seat 5: fffcd34f folded before Flop (didn't bet)
Seat 1: b1d56263 folded before Flop (didn't bet)
Seat 3: eaa64fca folded before Flop
Seat 2: 505adee0 showed [Kd Kc] and lost with Pair of Kings
Seat 7: 397d8950(big blind) showed [9d 9c] and lost with Pair of Nines
Seat 4: Hero showed [Ah Qs] and won ($603.14) with Pair of Aces



Poker Hand #ring_900385675: NLH No Limit ($2/$4) - 2025/05/26 23:00:33
Table 'MR NLH 2/4' 7-max Seat #4 is the button
Seat 6: e0a930d6 ($1,813.62 in chips)
Seat 5: fffcd34f ($401.64 in chips)
Seat 1: b1d56263 ($884.65 in chips)
Seat 3: eaa64fca ($404.67 in chips)
Seat 2: 505adee0 ($552.89 in chips)
Seat 7: 397d8950 ($192.38 in chips)
Seat 4: Hero ($332.98 in chips)
fffcd34f: posts small blind $2
e0a930d6: posts big blind $4
*** HOLE CARDS ***
Dealt to e0a930d6 
Dealt to fffcd34f 
Dealt to b1d56263 
Dealt to eaa64fca 
Dealt to 505adee0 
Dealt to 397d8950 
Dealt to Hero [6d Qc]
397d8950: folds
b1d56263: folds
505adee0: raises $8 to $12
eaa64fca: folds
Hero: folds
fffcd34f: folds
e0a930d6: folds
Uncalled bet ($8) returned to 505adee0
*** SHOWDOWN ***
505adee0 collected $10 from pot
*** SUMMARY ***
Total pot $10
Seat 6: e0a930d6(big blind) folded before Flop
Seat 5: fffcd34f(small blind) folded before Flop
Seat 1: b1d56263 folded before Flop (didn't bet)
Seat 3: eaa64fca folded before Flop (didn't bet)
Seat 2: 505adee0won ($10)
Seat 7: 397d8950 folded before Flop (didn't bet)
Seat 4: Hero folded before Flop (didn't bet)



Poker Hand #ring_900384299: NLH No Limit ($2/$4) - 2025/05/26 22:59:50
Table 'MR NLH 2/4' 7-max Seat #3 is the button
Seat 6: e0a930d6 ($1,813.62 in chips)
Seat 5: fffcd34f ($372.8 in chips)
Seat 1: b1d56263 ($884.65 in chips)
Seat 3: eaa64fca ($404.67 in chips)
Seat 2: 505adee0 ($552.89 in chips)
Seat 7: 397d8950 ($208.38 in chips)
Seat 4: Hero ($348.98 in chips)
Hero: posts small blind $2
fffcd34f: posts big blind $4
*** HOLE CARDS ***
Dealt to e0a930d6 
Dealt to fffcd34f 
Dealt to b1d56263 
Dealt to eaa64fca 
Dealt to 505adee0 
Dealt to 397d8950 
Dealt to Hero [Kh 4h]
e0a930d6: folds
397d8950: calls $4
b1d56263: folds
505adee0: folds
eaa64fca: folds
Hero: calls $2
fffcd34f: raises $12 to $16
397d8950: calls $12
Hero: calls $12
*** FLOP *** [Td 7d 7c]
Hero: checks
fffcd34f: bets $48
397d8950: folds
Hero: folds
Uncalled bet ($48) returned to fffcd34f
*** SHOWDOWN ***
fffcd34f collected $48 from pot
*** SUMMARY ***
Total pot $48
Board [Td 7d 7c]
Seat 6: e0a930d6 folded before Flop (didn't bet)
Seat 5: fffcd34f(big blind)won ($48) with Pair of Sevens
Seat 1: b1d56263 folded before Flop (didn't bet)
Seat 3: eaa64fca folded before Flop (didn't bet)
Seat 2: 505adee0 folded before Flop (didn't bet)
Seat 7: 397d8950 folded on the Flop
Seat 4: Hero(small blind) folded on the Flop



Poker Hand #ring_900382348: NLH No Limit ($2/$4) - 2025/05/26 22:58:50
Table 'MR NLH 2/4' 7-max Seat #2 is the button
Seat 6: e0a930d6 ($1,813.62 in chips)
Seat 1: b1d56263 ($821.41 in chips)
Seat 3: eaa64fca ($406.67 in chips)
Seat 2: 505adee0 ($610.89 in chips)
Seat 7: 397d8950 ($208.38 in chips)
Seat 4: Hero ($358.98 in chips)
eaa64fca: posts small blind $2
Hero: posts big blind $4
*** HOLE CARDS ***
Dealt to e0a930d6 
Dealt to b1d56263 
Dealt to eaa64fca 
Dealt to 505adee0 
Dealt to 397d8950 
Dealt to Hero [Td 8c]
e0a930d6: folds
397d8950: folds
b1d56263: raises $6 to $10
505adee0: calls $10
eaa64fca: folds
Hero: calls $6
*** FLOP *** [4s Jd Ad]
Hero: checks
b1d56263: bets $16
505adee0: calls $16
Hero: folds
*** TURN *** [4s Jd Ad] [Kd]
b1d56263: bets $32
505adee0: calls $32
*** RIVER *** [4s Jd Ad Kd] [3s]
b1d56263: bets $96
505adee0: folds
Uncalled bet ($96) returned to b1d56263
*** SHOWDOWN ***
b1d56263 collected $128 from pot
*** SUMMARY ***
Total pot $128
Board [4s Jd Ad Kd 3s]
Seat 6: e0a930d6 folded before Flop (didn't bet)
Seat 1: b1d56263won ($128) with Three Fours
Seat 3: eaa64fca(small blind) folded before Flop
Seat 2: 505adee0 folded on the River
Seat 7: 397d8950 folded before Flop (didn't bet)
Seat 4: Hero(big blind) folded on the Flop



Poker Hand #ring_900380108: NLH No Limit ($2/$4) - 2025/05/26 22:57:42
Table 'MR NLH 2/4' 7-max Seat #1 is the button
Seat 6: e0a930d6 ($1,825.62 in chips)
Seat 1: b1d56263 ($821.41 in chips)
Seat 3: eaa64fca ($410.67 in chips)
Seat 2: 505adee0 ($622.89 in chips)
Seat 7: 397d8950 ($171.72 in chips)
Seat 4: Hero ($370.98 in chips)
505adee0: posts small blind $2
eaa64fca: posts big blind $4
*** HOLE CARDS ***
Dealt to e0a930d6 
Dealt to b1d56263 
Dealt to eaa64fca 
Dealt to 505adee0 
Dealt to 397d8950 
Dealt to Hero [Ah 5h]
Hero: raises $8 to $12
e0a930d6: calls $12
397d8950: calls $12
b1d56263: folds
505adee0: calls $10
eaa64fca: folds
*** FLOP *** [9d As 8s]
505adee0: checks
Hero: checks
e0a930d6: checks
397d8950: bets $52
505adee0: folds
Hero: folds
e0a930d6: folds
Uncalled bet ($52) returned to 397d8950
*** SHOWDOWN ***
397d8950 collected $52 from pot
*** SUMMARY ***
Total pot $52
Board [9d As 8s]
Seat 6: e0a930d6 folded on the Flop
Seat 1: b1d56263 folded before Flop (didn't bet)
Seat 3: eaa64fca(big blind) folded before Flop
Seat 2: 505adee0(small blind) folded on the Flop
Seat 7: 397d8950won ($52) with Pair of Aces and Pair of Eights
Seat 4: Hero folded on the Flop



Poker Hand #ring_900378400: NLH No Limit ($2/$4) - 2025/05/26 22:56:48
Table 'MR NLH 2/4' 7-max Seat #7 is the button
Seat 6: e0a930d6 ($1,766.89 in chips)
Seat 1: b1d56263 ($823.41 in chips)
Seat 3: eaa64fca ($410.67 in chips)
Seat 2: 505adee0 ($653.89 in chips)
Seat 7: 397d8950 ($171.72 in chips)
Seat 4: Hero ($401.98 in chips)
b1d56263: posts small blind $2
505adee0: posts big blind $4
*** HOLE CARDS ***
Dealt to e0a930d6 
Dealt to b1d56263 
Dealt to eaa64fca 
Dealt to 505adee0 
Dealt to 397d8950 
Dealt to Hero [3c 3s]
eaa64fca: folds
Hero: raises $8 to $12
e0a930d6: calls $12
397d8950: folds
b1d56263: folds
505adee0: calls $8
*** FLOP *** [2s 2c Qs]
505adee0: checks
Hero: checks
e0a930d6: bets $19
505adee0: calls $19
Hero: calls $19
*** TURN *** [2s 2c Qs] [6d]
505adee0: checks
Hero: checks
e0a930d6: bets $47.5
505adee0: folds
Hero: folds
Uncalled bet ($47.5) returned to e0a930d6
*** SHOWDOWN ***
e0a930d6 collected $95 from pot
*** SUMMARY ***
Total pot $95
Board [2s 2c Qs 6d]
Seat 6: e0a930d6won ($95) with Pair of Twos
Seat 1: b1d56263(small blind) folded before Flop
Seat 3: eaa64fca folded before Flop (didn't bet)
Seat 2: 505adee0(big blind) folded on the Turn
Seat 7: 397d8950 folded before Flop (didn't bet)
Seat 4: Hero folded on the Turn



Poker Hand #ring_900377228: NLH No Limit ($2/$4) - 2025/05/26 22:56:12
Table 'MR NLH 2/4' 7-max Seat #6 is the button
Seat 6: e0a930d6 ($1,766.89 in chips)
Seat 1: b1d56263 ($809.41 in chips)
Seat 3: eaa64fca ($422.67 in chips)
Seat 2: 505adee0 ($653.89 in chips)
Seat 7: 397d8950 ($173.72 in chips)
Seat 4: Hero ($401.98 in chips)
397d8950: posts small blind $2
b1d56263: posts big blind $4
*** HOLE CARDS ***
Dealt to e0a930d6 
Dealt to b1d56263 
Dealt to eaa64fca 
Dealt to 505adee0 
Dealt to 397d8950 
Dealt to Hero [Js 3s]
505adee0: folds
eaa64fca: raises $8 to $12
Hero: folds
e0a930d6: folds
397d8950: folds
b1d56263: raises $36 to $48
eaa64fca: folds
Uncalled bet ($36) returned to b1d56263
*** SHOWDOWN ***
b1d56263 collected $26 from pot
*** SUMMARY ***
Total pot $26
Seat 6: e0a930d6 folded before Flop (didn't bet)
Seat 1: b1d56263(big blind)won ($26)
Seat 3: eaa64fca folded before Flop
Seat 2: 505adee0 folded before Flop (didn't bet)
Seat 7: 397d8950(small blind) folded before Flop
Seat 4: Hero folded before Flop (didn't bet)



Poker Hand #ring_900374729: NLH No Limit ($2/$4) - 2025/05/26 22:54:54
Table 'MR NLH 2/4' 7-max Seat #4 is the button
Seat 6: e0a930d6 ($1,768.89 in chips)
Seat 1: b1d56263 ($809.41 in chips)
Seat 3: eaa64fca ($422.67 in chips)
Seat 2: 505adee0 ($820.49 in chips)
Seat 7: 397d8950 ($177.72 in chips)
Seat 4: Hero ($245.64 in chips)
e0a930d6: posts small blind $2
397d8950: posts big blind $4
*** HOLE CARDS ***
Dealt to e0a930d6 
Dealt to b1d56263 
Dealt to eaa64fca 
Dealt to 505adee0 
Dealt to 397d8950 
Dealt to Hero [Qc Ad]
b1d56263: folds
505adee0: raises $8 to $12
eaa64fca: folds
Hero: raises $38 to $50
e0a930d6: folds
397d8950: folds
505adee0: calls $38
*** FLOP *** [Jh 6c 2c]
505adee0: checks
Hero: bets $31.8
505adee0: calls $31.8
*** TURN *** [Jh 6c 2c] [5d]
505adee0: checks
Hero: checks
*** RIVER *** [Jh 6c 2c 5d] [7d]
505adee0: bets $84.8
Hero: calls $84.8
505adee0: shows [Kd 8s]
Hero: shows [Qc Ad]
397d8950: shows [2d 6h]
*** SHOWDOWN ***
Hero collected $339.2 from pot
*** SUMMARY ***
Total pot $339.2
Board [Jh 6c 2c 5d 7d]
Seat 6: e0a930d6(small blind) folded before Flop
Seat 1: b1d56263 folded before Flop (didn't bet)
Seat 3: eaa64fca folded before Flop (didn't bet)
Seat 2: 505adee0 showed [Kd 8s] and lost with King-High
Seat 7: 397d8950(big blind) folded before Flop
Seat 4: Hero showed [Qc Ad] and won ($339.2) with Ace-High



Poker Hand #ring_900373665: NLH No Limit ($2/$4) - 2025/05/26 22:54:20
Table 'MR NLH 2/4' 7-max Seat #3 is the button
Seat 6: e0a930d6 ($1,772.89 in chips)
Seat 1: b1d56263 ($809.41 in chips)
Seat 3: eaa64fca ($422.67 in chips)
Seat 2: 505adee0 ($820.49 in chips)
Seat 7: 397d8950 ($177.72 in chips)
Seat 4: Hero ($242 in chips)
Hero: posts small blind $2
e0a930d6: posts big blind $4
*** HOLE CARDS ***
Dealt to e0a930d6 
Dealt to b1d56263 
Dealt to eaa64fca 
Dealt to 505adee0 
Dealt to 397d8950 
Dealt to Hero [9c Th]
397d8950: folds
b1d56263: folds
505adee0: folds
eaa64fca: folds
Hero: calls $2
e0a930d6: checks
*** FLOP *** [8d 7c 2h]
Hero: bets $4
e0a930d6: folds
Uncalled bet ($4) returned to Hero
*** SHOWDOWN ***
Hero collected $8 from pot
*** SUMMARY ***
Total pot $8
Board [8d 7c 2h]
Seat 6: e0a930d6(big blind) folded on the Flop
Seat 1: b1d56263 folded before Flop (didn't bet)
Seat 3: eaa64fca folded before Flop (didn't bet)
Seat 2: 505adee0 folded before Flop (didn't bet)
Seat 7: 397d8950 folded before Flop (didn't bet)
Seat 4: Hero(small blind)won ($8) with Ten-High



Poker Hand #ring_900370475: NLH No Limit ($2/$4) - 2025/05/26 22:52:42
Table 'MR NLH 2/4' 7-max Seat #2 is the button
Seat 6: e0a930d6 ($1,772.89 in chips)
Seat 1: b1d56263 ($809.41 in chips)
Seat 3: eaa64fca ($411.11 in chips)
Seat 2: 505adee0 ($808.92 in chips)
Seat 7: 397d8950 ($177.72 in chips)
Seat 4: Hero ($246 in chips)
Seat 5: bf6ded18 ($653.15 in chips)
eaa64fca: posts small blind $2
Hero: posts big blind $4
*** HOLE CARDS ***
Dealt to e0a930d6 
Dealt to b1d56263 
Dealt to eaa64fca 
Dealt to 505adee0 
Dealt to 397d8950 
Dealt to Hero [7d Qd]
Dealt to bf6ded18 
bf6ded18: raises $8 to $12
e0a930d6: folds
397d8950: folds
b1d56263: folds
505adee0: calls $12
eaa64fca: raises $48 to $60
Hero: folds
bf6ded18: calls $48
505adee0: calls $48
*** FIRST FLOP *** [5c 6h 4s]
eaa64fca: bets $92
bf6ded18: folds
505adee0: raises $368 to $460
eaa64fca: calls $259.11 and is all-in
Uncalled bet ($108.89) returned to 505adee0
505adee0: shows [7h 5s] (Pair of Fives)
eaa64fca: shows [9s 9d] (Pair of Nines)
*** FIRST TURN *** [5c 6h 4s] [9c]
*** SECOND TURN *** [5c 6h 4s] [9h]
*** FIRST RIVER *** [5c 6h 4s 9c] [8c]
*** SECOND RIVER *** [5c 6h 4s 9h] [Ah]
*** FIRST SHOWDOWN ***
505adee0 collected $443.62 from pot
*** SECOND SHOWDOWN ***
eaa64fca collected $442.6 from pot
*** SUMMARY ***
Total pot $886.22
Hand was run two timesFIRST Board [5c 6h 4s 9c 8c]
SECOND Board [9h Ah]
Seat 6: e0a930d6 folded before Flop (didn't bet)
Seat 1: b1d56263 folded before Flop (didn't bet)
Seat 3: eaa64fca(small blind) showed [9s 9d] and won ($442.6) with Three Nines / Three Nines
Seat 2: 505adee0 showed [7h 5s] and won ($443.62) with Nines-High Straight / Pair of Fives
Seat 7: 397d8950 folded before Flop (didn't bet)
Seat 4: Hero(big blind) folded before Flop
Seat 5: bf6ded18 folded on the Flop



Poker Hand #ring_900367465: NLH No Limit ($2/$4) - 2025/05/26 22:51:07
Table 'MR NLH 2/4' 7-max Seat #1 is the button
Seat 6: e0a930d6 ($1,395.99 in chips)
Seat 1: b1d56263 ($809.41 in chips)
Seat 3: eaa64fca ($415.11 in chips)
Seat 2: 505adee0 ($1,175.92 in chips)
Seat 7: 397d8950 ($177.72 in chips)
Seat 4: Hero ($246 in chips)
Seat 5: bf6ded18 ($695.15 in chips)
505adee0: posts small blind $2
eaa64fca: posts big blind $4
*** HOLE CARDS ***
Dealt to e0a930d6 
Dealt to b1d56263 
Dealt to eaa64fca 
Dealt to 505adee0 
Dealt to 397d8950 
Dealt to Hero [8d 7c]
Dealt to bf6ded18 
Hero: folds
bf6ded18: raises $8 to $12
e0a930d6: calls $12
397d8950: folds
b1d56263: folds
505adee0: calls $10
eaa64fca: folds
*** FLOP *** [Ah 2s 4c]
505adee0: checks
bf6ded18: checks
e0a930d6: bets $30
505adee0: calls $30
bf6ded18: calls $30
*** TURN *** [Ah 2s 4c] [7h]
505adee0: checks
bf6ded18: checks
e0a930d6: bets $130
505adee0: calls $130
bf6ded18: folds
*** RIVER *** [Ah 2s 4c 7h] [Jh]
505adee0: bets $195
e0a930d6: calls $195
505adee0: shows [Qs 3h]
e0a930d6: shows [Ad Kd]
*** SHOWDOWN ***
e0a930d6 collected $780 from pot
*** SUMMARY ***
Total pot $780
Board [Ah 2s 4c 7h Jh]
Seat 6: e0a930d6 showed [Ad Kd] and won ($780) with Pair of Aces
Seat 1: b1d56263 folded before Flop (didn't bet)
Seat 3: eaa64fca(big blind) folded before Flop
Seat 2: 505adee0(small blind) showed [Qs 3h] and lost with Ace-High
Seat 7: 397d8950 folded before Flop (didn't bet)
Seat 4: Hero folded before Flop (didn't bet)
Seat 5: bf6ded18 folded on the Turn



Poker Hand #ring_900366461: NLH No Limit ($2/$4) - 2025/05/26 22:50:35
Table 'MR NLH 2/4' 7-max Seat #7 is the button
Seat 6: e0a930d6 ($1,389.99 in chips)
Seat 1: b1d56263 ($811.41 in chips)
Seat 3: eaa64fca ($415.11 in chips)
Seat 2: 505adee0 ($1,179.92 in chips)
Seat 7: 397d8950 ($177.72 in chips)
Seat 4: Hero ($246 in chips)
Seat 5: bf6ded18 ($695.15 in chips)
b1d56263: posts small blind $2
505adee0: posts big blind $4
*** HOLE CARDS ***
Dealt to e0a930d6 
Dealt to b1d56263 
Dealt to eaa64fca 
Dealt to 505adee0 
Dealt to 397d8950 
Dealt to Hero [3d 7c]
Dealt to bf6ded18 
eaa64fca: folds
Hero: folds
bf6ded18: folds
e0a930d6: raises $8 to $12
397d8950: folds
b1d56263: folds
505adee0: folds
Uncalled bet ($8) returned to e0a930d6
*** SHOWDOWN ***
e0a930d6 collected $10 from pot
*** SUMMARY ***
Total pot $10
Seat 6: e0a930d6won ($10)
Seat 1: b1d56263(small blind) folded before Flop
Seat 3: eaa64fca folded before Flop (didn't bet)
Seat 2: 505adee0(big blind) folded before Flop
Seat 7: 397d8950 folded before Flop (didn't bet)
Seat 4: Hero folded before Flop (didn't bet)
Seat 5: bf6ded18 folded before Flop (didn't bet)



Poker Hand #ring_900364543: NLH No Limit ($2/$4) - 2025/05/26 22:49:34
Table 'MR NLH 2/4' 7-max Seat #6 is the button
Seat 6: e0a930d6 ($1,389.99 in chips)
Seat 1: b1d56263 ($781.38 in chips)
Seat 3: eaa64fca ($415.11 in chips)
Seat 2: 505adee0 ($1,179.92 in chips)
Seat 7: 397d8950 ($179.72 in chips)
Seat 4: Hero ($246 in chips)
Seat 5: bf6ded18 ($727.15 in chips)
397d8950: posts small blind $2
b1d56263: posts big blind $4
*** HOLE CARDS ***
Dealt to e0a930d6 
Dealt to b1d56263 
Dealt to eaa64fca 
Dealt to 505adee0 
Dealt to 397d8950 
Dealt to Hero [Ad 4h]
Dealt to bf6ded18 
505adee0: folds
eaa64fca: folds
Hero: folds
bf6ded18: raises $8 to $12
e0a930d6: folds
397d8950: folds
b1d56263: calls $8
*** FLOP *** [3h 3d Qd]
b1d56263: checks
bf6ded18: checks
*** TURN *** [3h 3d Qd] [5c]
b1d56263: checks
bf6ded18: bets $20
b1d56263: calls $20
*** RIVER *** [3h 3d Qd 5c] [6h]
b1d56263: checks
bf6ded18: checks
b1d56263: shows [8h 8s]
bf6ded18: shows [Ac Tc]
*** SHOWDOWN ***
b1d56263 collected $66 from pot
*** SUMMARY ***
Total pot $66
Board [3h 3d Qd 5c 6h]
Seat 6: e0a930d6 folded before Flop (didn't bet)
Seat 1: b1d56263(big blind) showed [8h 8s] and won ($66) with Pair of Eights and Pair of Treys
Seat 3: eaa64fca folded before Flop (didn't bet)
Seat 2: 505adee0 folded before Flop (didn't bet)
Seat 7: 397d8950(small blind) folded before Flop
Seat 4: Hero folded before Flop (didn't bet)
Seat 5: bf6ded18 showed [Ac Tc] and lost with Pair of Treys



Poker Hand #ring_900361596: NLH No Limit ($2/$4) - 2025/05/26 22:48:00
Table 'MR NLH 2/4' 7-max Seat #5 is the button
Seat 6: e0a930d6 ($1,346.59 in chips)
Seat 1: b1d56263 ($781.38 in chips)
Seat 3: eaa64fca ($415.11 in chips)
Seat 2: 505adee0 ($1,179.92 in chips)
Seat 7: 397d8950 ($183.72 in chips)
Seat 4: Hero ($258 in chips)
Seat 5: bf6ded18 ($759.15 in chips)
e0a930d6: posts small blind $2
397d8950: posts big blind $4
*** HOLE CARDS ***
Dealt to e0a930d6 
Dealt to b1d56263 
Dealt to eaa64fca 
Dealt to 505adee0 
Dealt to 397d8950 
Dealt to Hero [Kh 8h]
Dealt to bf6ded18 
b1d56263: folds
505adee0: folds
eaa64fca: folds
Hero: raises $8 to $12
bf6ded18: calls $12
e0a930d6: calls $10
397d8950: folds
*** FLOP *** [9c 9s 4h]
e0a930d6: checks
Hero: checks
bf6ded18: checks
*** TURN *** [9c 9s 4h] [7c]
e0a930d6: bets $20
Hero: folds
bf6ded18: calls $20
*** RIVER *** [9c 9s 4h 7c] [8d]
e0a930d6: bets $40
bf6ded18: folds
Uncalled bet ($40) returned to e0a930d6
*** SHOWDOWN ***
e0a930d6 collected $80 from pot
*** SUMMARY ***
Total pot $80
Board [9c 9s 4h 7c 8d]
Seat 6: e0a930d6(small blind)won ($80) with Pair of Nines
Seat 1: b1d56263 folded before Flop (didn't bet)
Seat 3: eaa64fca folded before Flop (didn't bet)
Seat 2: 505adee0 folded before Flop (didn't bet)
Seat 7: 397d8950(big blind) folded before Flop
Seat 4: Hero folded on the Turn
Seat 5: bf6ded18 folded on the River



Poker Hand #ring_900360606: NLH No Limit ($2/$4) - 2025/05/26 22:47:29
Table 'MR NLH 2/4' 7-max Seat #4 is the button
Seat 6: e0a930d6 ($1,350.59 in chips)
Seat 1: b1d56263 ($781.38 in chips)
Seat 3: eaa64fca ($415.11 in chips)
Seat 2: 505adee0 ($1,173.92 in chips)
Seat 7: 397d8950 ($183.72 in chips)
Seat 4: Hero ($258 in chips)
Seat 5: bf6ded18 ($761.15 in chips)
bf6ded18: posts small blind $2
e0a930d6: posts big blind $4
*** HOLE CARDS ***
Dealt to e0a930d6 
Dealt to b1d56263 
Dealt to eaa64fca 
Dealt to 505adee0 
Dealt to 397d8950 
Dealt to Hero [3d 5s]
Dealt to bf6ded18 
397d8950: folds
b1d56263: folds
505adee0: raises $8 to $12
eaa64fca: folds
Hero: folds
bf6ded18: folds
e0a930d6: folds
Uncalled bet ($8) returned to 505adee0
*** SHOWDOWN ***
505adee0 collected $10 from pot
*** SUMMARY ***
Total pot $10
Seat 6: e0a930d6(big blind) folded before Flop
Seat 1: b1d56263 folded before Flop (didn't bet)
Seat 3: eaa64fca folded before Flop (didn't bet)
Seat 2: 505adee0won ($10)
Seat 7: 397d8950 folded before Flop (didn't bet)
Seat 4: Hero folded before Flop (didn't bet)
Seat 5: bf6ded18(small blind) folded before Flop



Poker Hand #ring_900358498: NLH No Limit ($2/$4) - 2025/05/26 22:46:22
Table 'MR NLH 2/4' 7-max Seat #3 is the button
Seat 6: e0a930d6 ($1,274.07 in chips)
Seat 1: b1d56263 ($781.38 in chips)
Seat 3: eaa64fca ($415.11 in chips)
Seat 2: 505adee0 ($1,233.92 in chips)
Seat 7: 397d8950 ($183.72 in chips)
Seat 4: Hero ($270 in chips)
Seat 5: bf6ded18 ($773.15 in chips)
Hero: posts small blind $2
bf6ded18: posts big blind $4
*** HOLE CARDS ***
Dealt to e0a930d6 
Dealt to b1d56263 
Dealt to eaa64fca 
Dealt to 505adee0 
Dealt to 397d8950 
Dealt to Hero [9s 8s]
Dealt to bf6ded18 
e0a930d6: raises $8 to $12
397d8950: folds
b1d56263: folds
505adee0: calls $12
eaa64fca: folds
Hero: calls $10
bf6ded18: calls $8
*** FLOP *** [5c Qd Ts]
Hero: checks
bf6ded18: checks
e0a930d6: bets $48
505adee0: calls $48
Hero: folds
bf6ded18: folds
*** TURN *** [5c Qd Ts] [7d]
e0a930d6: checks
505adee0: checks
*** RIVER *** [5c Qd Ts 7d] [4d]
e0a930d6: checks
505adee0: checks
505adee0: shows [2h Qh]
e0a930d6: shows [Qc Ah]
*** SHOWDOWN ***
e0a930d6 collected $144 from pot
*** SUMMARY ***
Total pot $144
Board [5c Qd Ts 7d 4d]
Seat 6: e0a930d6 showed [Qc Ah] and won ($144) with Pair of Queens
Seat 1: b1d56263 folded before Flop (didn't bet)
Seat 3: eaa64fca folded before Flop (didn't bet)
Seat 2: 505adee0 showed [2h Qh] and lost with Pair of Queens
Seat 7: 397d8950 folded before Flop (didn't bet)
Seat 4: Hero(small blind) folded on the Flop
Seat 5: bf6ded18(big blind) folded on the Flop



Poker Hand #ring_900355413: NLH No Limit ($2/$4) - 2025/05/26 22:44:44
Table 'MR NLH 2/4' 7-max Seat #2 is the button
Seat 6: e0a930d6 ($1,274.07 in chips)
Seat 1: b1d56263 ($590.76 in chips)
Seat 3: eaa64fca ($417.11 in chips)
Seat 2: 505adee0 ($1,393.59 in chips)
Seat 7: 397d8950 ($226.22 in chips)
Seat 4: Hero ($274 in chips)
Seat 5: bf6ded18 ($773.15 in chips)
eaa64fca: posts small blind $2
Hero: posts big blind $4
*** HOLE CARDS ***
Dealt to e0a930d6 
Dealt to b1d56263 
Dealt to eaa64fca 
Dealt to 505adee0 
Dealt to 397d8950 
Dealt to Hero [4h Jc]
Dealt to bf6ded18 
bf6ded18: folds
e0a930d6: folds
397d8950: calls $4
b1d56263: raises $10 to $14
505adee0: raises $28.5 to $42.5
eaa64fca: folds
Hero: folds
397d8950: calls $38.5
b1d56263: calls $28.5
*** FLOP *** [Td Ks 3d]
397d8950: checks
b1d56263: checks
505adee0: bets $44.05
397d8950: folds
b1d56263: calls $44.05
*** TURN *** [Td Ks 3d] [3s]
b1d56263: checks
505adee0: bets $73.12
b1d56263: calls $73.12
*** RIVER *** [Td Ks 3d 3s] [3h]
b1d56263: checks
505adee0: checks
b1d56263: shows [Qs Kh]
505adee0: shows [Js Jh]
*** SHOWDOWN ***
b1d56263 collected $367.84 from pot
*** SUMMARY ***
Total pot $367.84
Board [Td Ks 3d 3s 3h]
Seat 6: e0a930d6 folded before Flop (didn't bet)
Seat 1: b1d56263 showed [Qs Kh] and won ($367.84) with Treys Full over Kings
Seat 3: eaa64fca(small blind) folded before Flop
Seat 2: 505adee0 showed [Js Jh] and lost with Treys Full over Jacks
Seat 7: 397d8950 folded on the Flop
Seat 4: Hero(big blind) folded before Flop
Seat 5: bf6ded18 folded before Flop (didn't bet)



Poker Hand #ring_900353418: NLH No Limit ($2/$4) - 2025/05/26 22:43:42
Table 'MR NLH 2/4' 7-max Seat #1 is the button
Seat 6: e0a930d6 ($1,274.07 in chips)
Seat 1: b1d56263 ($590.76 in chips)
Seat 3: eaa64fca ($398 in chips)
Seat 2: 505adee0 ($1,395.59 in chips)
Seat 7: 397d8950 ($246.22 in chips)
Seat 4: Hero ($274 in chips)
Seat 5: bf6ded18 ($773.15 in chips)
505adee0: posts small blind $2
eaa64fca: posts big blind $4
*** HOLE CARDS ***
Dealt to e0a930d6 
Dealt to b1d56263 
Dealt to eaa64fca 
Dealt to 505adee0 
Dealt to 397d8950 
Dealt to Hero [8c 2c]
Dealt to bf6ded18 
Hero: folds
bf6ded18: folds
e0a930d6: folds
397d8950: calls $4
b1d56263: folds
505adee0: folds
eaa64fca: raises $16 to $20
397d8950: calls $16
*** FLOP *** [Ts Jd 9s]
eaa64fca: checks
397d8950: checks
*** TURN *** [Ts Jd 9s] [5h]
eaa64fca: bets $13.86
397d8950: folds
Uncalled bet ($13.86) returned to eaa64fca
*** SHOWDOWN ***
eaa64fca collected $42 from pot
*** SUMMARY ***
Total pot $42
Board [Ts Jd 9s 5h]
Seat 6: e0a930d6 folded before Flop (didn't bet)
Seat 1: b1d56263 folded before Flop (didn't bet)
Seat 3: eaa64fca(big blind)won ($42) with Ace-High
Seat 2: 505adee0(small blind) folded before Flop
Seat 7: 397d8950 folded on the Turn
Seat 4: Hero folded before Flop (didn't bet)
Seat 5: bf6ded18 folded before Flop (didn't bet)



Poker Hand #ring_900352576: NLH No Limit ($2/$4) - 2025/05/26 22:43:15
Table 'MR NLH 2/4' 7-max Seat #7 is the button
Seat 6: e0a930d6 ($1,274.07 in chips)
Seat 1: b1d56263 ($592.76 in chips)
Seat 3: eaa64fca ($398 in chips)
Seat 2: 505adee0 ($1,393.59 in chips)
Seat 7: 397d8950 ($246.22 in chips)
Seat 4: Hero ($274 in chips)
Seat 5: bf6ded18 ($773.15 in chips)
b1d56263: posts small blind $2
505adee0: posts big blind $4
*** HOLE CARDS ***
Dealt to e0a930d6 
Dealt to b1d56263 
Dealt to eaa64fca 
Dealt to 505adee0 
Dealt to 397d8950 
Dealt to Hero [2d 8s]
Dealt to bf6ded18 
eaa64fca: folds
Hero: folds
bf6ded18: folds
e0a930d6: folds
397d8950: folds
b1d56263: folds
*** SHOWDOWN ***
505adee0 collected $6 from pot
*** SUMMARY ***
Total pot $6
Seat 6: e0a930d6 folded before Flop (didn't bet)
Seat 1: b1d56263(small blind) folded before Flop
Seat 3: eaa64fca folded before Flop (didn't bet)
Seat 2: 505adee0(big blind)won ($6)
Seat 7: 397d8950 folded before Flop (didn't bet)
Seat 4: Hero folded before Flop (didn't bet)
Seat 5: bf6ded18 folded before Flop (didn't bet)



Poker Hand #ring_900351294: NLH No Limit ($2/$4) - 2025/05/26 22:42:33
Table 'MR NLH 2/4' 7-max Seat #6 is the button
Seat 6: e0a930d6 ($1,274.07 in chips)
Seat 1: b1d56263 ($596.76 in chips)
Seat 3: eaa64fca ($398 in chips)
Seat 2: 505adee0 ($1,378.85 in chips)
Seat 7: 397d8950 ($258.22 in chips)
Seat 4: Hero ($274 in chips)
Seat 5: bf6ded18 ($773.15 in chips)
397d8950: posts small blind $2
b1d56263: posts big blind $4
*** HOLE CARDS ***
Dealt to e0a930d6 
Dealt to b1d56263 
Dealt to eaa64fca 
Dealt to 505adee0 
Dealt to 397d8950 
Dealt to Hero [Ad 6h]
Dealt to bf6ded18 
505adee0: raises $8 to $12
eaa64fca: folds
Hero: folds
bf6ded18: folds
e0a930d6: folds
397d8950: calls $10
b1d56263: folds
*** FLOP *** [9s 7h 8d]
397d8950: checks
505adee0: bets $9.24
397d8950: folds
Uncalled bet ($9.24) returned to 505adee0
*** SHOWDOWN ***
505adee0 collected $28 from pot
*** SUMMARY ***
Total pot $28
Board [9s 7h 8d]
Seat 6: e0a930d6 folded before Flop (didn't bet)
Seat 1: b1d56263(big blind) folded before Flop
Seat 3: eaa64fca folded before Flop (didn't bet)
Seat 2: 505adee0won ($28) with Ace-High
Seat 7: 397d8950(small blind) folded on the Flop
Seat 4: Hero folded before Flop (didn't bet)
Seat 5: bf6ded18 folded before Flop (didn't bet)



Poker Hand #ring_900350511: NLH No Limit ($2/$4) - 2025/05/26 22:42:07
Table 'MR NLH 2/4' 7-max Seat #5 is the button
Seat 6: e0a930d6 ($1,276.07 in chips)
Seat 1: b1d56263 ($596.76 in chips)
Seat 3: eaa64fca ($398 in chips)
Seat 2: 505adee0 ($1,378.85 in chips)
Seat 7: 397d8950 ($262.22 in chips)
Seat 4: Hero ($268 in chips)
Seat 5: bf6ded18 ($773.15 in chips)
e0a930d6: posts small blind $2
397d8950: posts big blind $4
Hero: posts big blind $4
*** HOLE CARDS ***
Dealt to e0a930d6 
Dealt to b1d56263 
Dealt to eaa64fca 
Dealt to 505adee0 
Dealt to 397d8950 
Dealt to Hero [8h 6d]
Dealt to bf6ded18 
b1d56263: folds
505adee0: folds
eaa64fca: folds
Hero: raises $8 to $12
bf6ded18: folds
e0a930d6: folds
397d8950: folds
Uncalled bet ($8) returned to Hero
*** SHOWDOWN ***
Hero collected $10 from pot
*** SUMMARY ***
Total pot $10
Seat 6: e0a930d6(small blind) folded before Flop
Seat 1: b1d56263 folded before Flop (didn't bet)
Seat 3: eaa64fca folded before Flop (didn't bet)
Seat 2: 505adee0 folded before Flop (didn't bet)
Seat 7: 397d8950(big blind) folded before Flop
Seat 4: Herowon ($10)
Seat 5: bf6ded18 folded before Flop (didn't bet)



Poker Hand #ring_900345320: NLH No Limit ($2/$4) - 2025/05/26 22:39:23
Table 'MR NLH 2/4' 7-max Seat #2 is the button
Seat 6: e0a930d6 ($1,280.07 in chips)
Seat 1: b1d56263 ($592.76 in chips)
Seat 3: eaa64fca ($400 in chips)
Seat 2: 505adee0 ($993.34 in chips)
Seat 7: 397d8950 ($266.22 in chips)
Seat 4: Hero ($418.43 in chips)
Seat 5: bf6ded18 ($773.15 in chips)
eaa64fca: posts small blind $2
Hero: posts big blind $4
*** HOLE CARDS ***
Dealt to e0a930d6 
Dealt to b1d56263 
Dealt to eaa64fca 
Dealt to 505adee0 
Dealt to 397d8950 
Dealt to Hero [Kh Ac]
Dealt to bf6ded18 
bf6ded18: folds
e0a930d6: folds
397d8950: calls $4
b1d56263: folds
505adee0: raises $8 to $12
eaa64fca: folds
Hero: raises $36 to $48
397d8950: folds
505adee0: calls $36
*** FLOP *** [7c 7d Qs]
Hero: bets $30.6
505adee0: calls $30.6
*** TURN *** [7c 7d Qs] [3c]
Hero: bets $182
505adee0: raises $527.2 to $709.2
Hero: calls $157.83 and is all-in
Uncalled bet ($369.37) returned to 505adee0
505adee0: shows [Ts 7s]
Hero: shows [Kh Ac]
*** RIVER *** [7c 7d Qs 3c] [2s]
*** SHOWDOWN ***
505adee0 collected $842.86 from pot
*** SUMMARY ***
Total pot $842.86
Board [7c 7d Qs 3c 2s]
Seat 6: e0a930d6 folded before Flop (didn't bet)
Seat 1: b1d56263 folded before Flop (didn't bet)
Seat 3: eaa64fca(small blind) folded before Flop
Seat 2: 505adee0 showed [Ts 7s] and won ($842.86) with Three Sevens
Seat 7: 397d8950 folded before Flop
Seat 4: Hero(big blind) showed [Kh Ac] and lost with Pair of Sevens
Seat 5: bf6ded18 folded before Flop (didn't bet)



Poker Hand #ring_900342910: NLH No Limit ($2/$4) - 2025/05/26 22:38:05
Table 'MR NLH 2/4' 7-max Seat #1 is the button
Seat 6: e0a930d6 ($1,280.07 in chips)
Seat 1: b1d56263 ($592.76 in chips)
Seat 3: eaa64fca ($400 in chips)
Seat 2: 505adee0 ($802 in chips)
Seat 7: 397d8950 ($473.38 in chips)
Seat 4: Hero ($418.43 in chips)
Seat 5: bf6ded18 ($773.15 in chips)
505adee0: posts small blind $2
eaa64fca: posts big blind $4
*** HOLE CARDS ***
Dealt to e0a930d6 
Dealt to b1d56263 
Dealt to eaa64fca 
Dealt to 505adee0 
Dealt to 397d8950 
Dealt to Hero [6d Jh]
Dealt to bf6ded18 
Hero: folds
bf6ded18: folds
e0a930d6: folds
397d8950: raises $8 to $12
b1d56263: folds
505adee0: calls $10
eaa64fca: folds
*** FLOP *** [2h 2d Tc]
505adee0: checks
397d8950: bets $28
505adee0: calls $28
*** TURN *** [2h 2d Tc] [8s]
505adee0: checks
397d8950: bets $84
505adee0: calls $84
*** RIVER *** [2h 2d Tc 8s] [3s]
505adee0: bets $83.16
397d8950: calls $83.16
505adee0: shows [Ts Th]
397d8950: shows [Qc Qh]
*** SHOWDOWN ***
505adee0 collected $418.32 from pot
*** SUMMARY ***
Total pot $418.32
Board [2h 2d Tc 8s 3s]
Seat 6: e0a930d6 folded before Flop (didn't bet)
Seat 1: b1d56263 folded before Flop (didn't bet)
Seat 3: eaa64fca(big blind) folded before Flop
Seat 2: 505adee0(small blind) showed [Ts Th] and won ($418.32) with Tens Full over Twos
Seat 7: 397d8950 showed [Qc Qh] and lost with Pair of Queens and Pair of Twos
Seat 4: Hero folded before Flop (didn't bet)
Seat 5: bf6ded18 folded before Flop (didn't bet)



Poker Hand #ring_900341996: NLH No Limit ($2/$4) - 2025/05/26 22:37:36
Table 'MR NLH 2/4' 7-max Seat #7 is the button
Seat 6: e0a930d6 ($1,280.07 in chips)
Seat 1: b1d56263 ($594.76 in chips)
Seat 2: 505adee0 ($796 in chips)
Seat 7: 397d8950 ($477.38 in chips)
Seat 4: Hero ($418.43 in chips)
Seat 5: bf6ded18 ($773.15 in chips)
b1d56263: posts small blind $2
505adee0: posts big blind $4
*** HOLE CARDS ***
Dealt to e0a930d6 
Dealt to b1d56263 
Dealt to 505adee0 
Dealt to 397d8950 
Dealt to Hero [5s Jc]
Dealt to bf6ded18 
Hero: folds
bf6ded18: folds
e0a930d6: folds
397d8950: calls $4
b1d56263: folds
505adee0: raises $12 to $16
397d8950: folds
Uncalled bet ($12) returned to 505adee0
*** SHOWDOWN ***
505adee0 collected $10 from pot
*** SUMMARY ***
Total pot $10
Seat 6: e0a930d6 folded before Flop (didn't bet)
Seat 1: b1d56263(small blind) folded before Flop
Seat 2: 505adee0(big blind)won ($10)
Seat 7: 397d8950 folded before Flop
Seat 4: Hero folded before Flop (didn't bet)
Seat 5: bf6ded18 folded before Flop (didn't bet)



Poker Hand #ring_900341181: NLH No Limit ($2/$4) - 2025/05/26 22:37:11
Table 'MR NLH 2/4' 7-max Seat #6 is the button
Seat 6: e0a930d6 ($1,280.07 in chips)
Seat 1: b1d56263 ($598.76 in chips)
Seat 2: 505adee0 ($796 in chips)
Seat 7: 397d8950 ($479.38 in chips)
Seat 4: Hero ($418.43 in chips)
Seat 5: bf6ded18 ($767.15 in chips)
397d8950: posts small blind $2
b1d56263: posts big blind $4
*** HOLE CARDS ***
Dealt to e0a930d6 
Dealt to b1d56263 
Dealt to 505adee0 
Dealt to 397d8950 
Dealt to Hero [8s 2s]
Dealt to bf6ded18 
505adee0: folds
Hero: folds
bf6ded18: raises $8 to $12
e0a930d6: folds
397d8950: folds
b1d56263: folds
Uncalled bet ($8) returned to bf6ded18
*** SHOWDOWN ***
bf6ded18 collected $10 from pot
*** SUMMARY ***
Total pot $10
Seat 6: e0a930d6 folded before Flop (didn't bet)
Seat 1: b1d56263(big blind) folded before Flop
Seat 2: 505adee0 folded before Flop (didn't bet)
Seat 7: 397d8950(small blind) folded before Flop
Seat 4: Hero folded before Flop (didn't bet)
Seat 5: bf6ded18won ($10)



Poker Hand #ring_900340150: NLH No Limit ($2/$4) - 2025/05/26 22:36:38
Table 'MR NLH 2/4' 7-max Seat #5 is the button
Seat 6: e0a930d6 ($1,282.07 in chips)
Seat 1: b1d56263 ($588.76 in chips)
Seat 2: 505adee0 ($800 in chips)
Seat 7: 397d8950 ($483.38 in chips)
Seat 4: Hero ($418.43 in chips)
Seat 5: bf6ded18 ($767.15 in chips)
e0a930d6: posts small blind $2
397d8950: posts big blind $4
505adee0: posts big blind $4
*** HOLE CARDS ***
Dealt to e0a930d6 
Dealt to b1d56263 
Dealt to 505adee0 
Dealt to 397d8950 
Dealt to Hero [6d 3d]
Dealt to bf6ded18 
b1d56263: raises $6 to $10
505adee0: folds
Hero: folds
bf6ded18: folds
e0a930d6: folds
397d8950: folds
Uncalled bet ($6) returned to b1d56263
*** SHOWDOWN ***
b1d56263 collected $14 from pot
*** SUMMARY ***
Total pot $14
Seat 6: e0a930d6(small blind) folded before Flop
Seat 1: b1d56263won ($14)
Seat 2: 505adee0 folded before Flop
Seat 7: 397d8950(big blind) folded before Flop
Seat 4: Hero folded before Flop (didn't bet)
Seat 5: bf6ded18 folded before Flop (didn't bet)



Poker Hand #ring_900339372: NLH No Limit ($2/$4) - 2025/05/26 22:36:14
Table 'MR NLH 2/4' 7-max Seat #4 is the button
Seat 6: e0a930d6 ($1,280.07 in chips)
Seat 1: b1d56263 ($588.76 in chips)
Seat 7: 397d8950 ($483.38 in chips)
Seat 4: Hero ($418.43 in chips)
Seat 5: bf6ded18 ($769.15 in chips)
bf6ded18: posts small blind $2
e0a930d6: posts big blind $4
*** HOLE CARDS ***
Dealt to e0a930d6 
Dealt to b1d56263 
Dealt to 397d8950 
Dealt to Hero [6d Kc]
Dealt to bf6ded18 
397d8950: folds
b1d56263: folds
Hero: folds
bf6ded18: folds
*** SHOWDOWN ***
e0a930d6 collected $6 from pot
*** SUMMARY ***
Total pot $6
Seat 6: e0a930d6(big blind)won ($6)
Seat 1: b1d56263 folded before Flop (didn't bet)
Seat 7: 397d8950 folded before Flop (didn't bet)
Seat 4: Hero folded before Flop (didn't bet)
Seat 5: bf6ded18(small blind) folded before Flop



Poker Hand #ring_900338688: NLH No Limit ($2/$4) - 2025/05/26 22:35:52
Table 'MR NLH 2/4' 7-max Seat #1 is the button
Seat 6: e0a930d6 ($1,280.07 in chips)
Seat 1: b1d56263 ($588.76 in chips)
Seat 7: 397d8950 ($477.38 in chips)
Seat 4: Hero ($420.43 in chips)
Seat 5: bf6ded18 ($773.15 in chips)
Hero: posts small blind $2
bf6ded18: posts big blind $4
*** HOLE CARDS ***
Dealt to e0a930d6 
Dealt to b1d56263 
Dealt to 397d8950 
Dealt to Hero [9c 2d]
Dealt to bf6ded18 
e0a930d6: folds
397d8950: raises $8 to $12
b1d56263: folds
Hero: folds
bf6ded18: folds
Uncalled bet ($8) returned to 397d8950
*** SHOWDOWN ***
397d8950 collected $10 from pot
*** SUMMARY ***
Total pot $10
Seat 6: e0a930d6 folded before Flop (didn't bet)
Seat 1: b1d56263 folded before Flop (didn't bet)
Seat 7: 397d8950won ($10)
Seat 4: Hero(small blind) folded before Flop
Seat 5: bf6ded18(big blind) folded before Flop



Poker Hand #ring_900336786: NLH No Limit ($2/$4) - 2025/05/26 22:34:52
Table 'MR NLH 2/4' 7-max Seat #7 is the button
Seat 6: e0a930d6 ($1,280.07 in chips)
Seat 1: b1d56263 ($600.76 in chips)
Seat 7: 397d8950 ($477.38 in chips)
Seat 4: Hero ($432.43 in chips)
Seat 5: bf6ded18 ($750.77 in chips)
b1d56263: posts small blind $2
Hero: posts big blind $4
*** HOLE CARDS ***
Dealt to e0a930d6 
Dealt to b1d56263 
Dealt to 397d8950 
Dealt to Hero [Ts 5s]
Dealt to bf6ded18 
bf6ded18: raises $8 to $12
e0a930d6: folds
397d8950: folds
b1d56263: calls $10
Hero: calls $8
*** FLOP *** [Js Jd Ad]
b1d56263: checks
Hero: checks
bf6ded18: checks
*** TURN *** [Js Jd Ad] [Qc]
b1d56263: checks
Hero: checks
bf6ded18: checks
*** RIVER *** [Js Jd Ad Qc] [3c]
b1d56263: checks
Hero: checks
bf6ded18: checks
b1d56263: shows [8d 8s]
Hero: shows [Ts 5s]
bf6ded18: shows [As Td]
*** SHOWDOWN ***
bf6ded18 collected $36 from pot
*** SUMMARY ***
Total pot $36
Board [Js Jd Ad Qc 3c]
Seat 6: e0a930d6 folded before Flop (didn't bet)
Seat 1: b1d56263(small blind) showed [8d 8s] and lost with Pair of Jacks and Pair of Eights
Seat 7: 397d8950 folded before Flop (didn't bet)
Seat 4: Hero(big blind) showed [Ts 5s] and lost with Pair of Jacks
Seat 5: bf6ded18 showed [As Td] and won ($36) with Pair of Aces and Pair of Jacks



Poker Hand #ring_900336184: NLH No Limit ($2/$4) - 2025/05/26 22:34:33
Table 'MR NLH 2/4' 7-max Seat #6 is the button
Seat 6: e0a930d6 ($1,280.07 in chips)
Seat 1: b1d56263 ($598.76 in chips)
Seat 7: 397d8950 ($479.38 in chips)
Seat 4: Hero ($432.43 in chips)
Seat 5: bf6ded18 ($750.77 in chips)
397d8950: posts small blind $2
b1d56263: posts big blind $4
*** HOLE CARDS ***
Dealt to e0a930d6 
Dealt to b1d56263 
Dealt to 397d8950 
Dealt to Hero [3h 2d]
Dealt to bf6ded18 
Hero: folds
bf6ded18: folds
e0a930d6: folds
397d8950: folds
*** SHOWDOWN ***
b1d56263 collected $6 from pot
*** SUMMARY ***
Total pot $6
Seat 6: e0a930d6 folded before Flop (didn't bet)
Seat 1: b1d56263(big blind)won ($6)
Seat 7: 397d8950(small blind) folded before Flop
Seat 4: Hero folded before Flop (didn't bet)
Seat 5: bf6ded18 folded before Flop (didn't bet)



Poker Hand #ring_900335441: NLH No Limit ($2/$4) - 2025/05/26 22:34:09
Table 'MR NLH 2/4' 7-max Seat #5 is the button
Seat 6: e0a930d6 ($1,282.07 in chips)
Seat 1: b1d56263 ($598.76 in chips)
Seat 7: 397d8950 ($477.38 in chips)
Seat 4: Hero ($432.43 in chips)
Seat 5: bf6ded18 ($750.77 in chips)
e0a930d6: posts small blind $2
397d8950: posts big blind $4
*** HOLE CARDS ***
Dealt to e0a930d6 
Dealt to b1d56263 
Dealt to 397d8950 
Dealt to Hero [2d 9h]
Dealt to bf6ded18 
b1d56263: folds
Hero: folds
bf6ded18: folds
e0a930d6: folds
*** SHOWDOWN ***
397d8950 collected $6 from pot
*** SUMMARY ***
Total pot $6
Seat 6: e0a930d6(small blind) folded before Flop
Seat 1: b1d56263 folded before Flop (didn't bet)
Seat 7: 397d8950(big blind)won ($6)
Seat 4: Hero folded before Flop (didn't bet)
Seat 5: bf6ded18 folded before Flop (didn't bet)



Poker Hand #ring_900334651: NLH No Limit ($2/$4) - 2025/05/26 22:33:44
Table 'MR NLH 2/4' 7-max Seat #4 is the button
Seat 6: e0a930d6 ($1,286.07 in chips)
Seat 1: b1d56263 ($598.76 in chips)
Seat 7: 397d8950 ($477.38 in chips)
Seat 4: Hero ($426.43 in chips)
Seat 5: bf6ded18 ($752.77 in chips)
bf6ded18: posts small blind $2
e0a930d6: posts big blind $4
*** HOLE CARDS ***
Dealt to e0a930d6 
Dealt to b1d56263 
Dealt to 397d8950 
Dealt to Hero [6s 4s]
Dealt to bf6ded18 
397d8950: folds
b1d56263: folds
Hero: raises $6 to $10
bf6ded18: folds
e0a930d6: folds
Uncalled bet ($6) returned to Hero
*** SHOWDOWN ***
Hero collected $10 from pot
*** SUMMARY ***
Total pot $10
Seat 6: e0a930d6(big blind) folded before Flop
Seat 1: b1d56263 folded before Flop (didn't bet)
Seat 7: 397d8950 folded before Flop (didn't bet)
Seat 4: Herowon ($10)
Seat 5: bf6ded18(small blind) folded before Flop



Poker Hand #ring_900332600: NLH No Limit ($2/$4) - 2025/05/26 22:32:39
Table 'MR NLH 2/4' 7-max Seat #1 is the button
Seat 6: e0a930d6 ($1,286.07 in chips)
Seat 1: b1d56263 ($598.76 in chips)
Seat 7: 397d8950 ($496 in chips)
Seat 4: Hero ($445.04 in chips)
Seat 5: bf6ded18 ($756.77 in chips)
Hero: posts small blind $2
bf6ded18: posts big blind $4
*** HOLE CARDS ***
Dealt to e0a930d6 
Dealt to b1d56263 
Dealt to 397d8950 
Dealt to Hero [Ac Kc]
Dealt to bf6ded18 
e0a930d6: folds
397d8950: raises $8 to $12
b1d56263: folds
Hero: raises $22 to $34
bf6ded18: folds
397d8950: raises $23.76 to $57.76
Hero: calls $23.76
*** FLOP *** [Kh Ah 8s]
Hero: bets $35.86
397d8950: calls $35.86
*** TURN *** [Kh Ah 8s] [3d]
Hero: bets $95.62
397d8950: raises $306.76 to $402.38 and is all-in
Hero: calls $255.8 and is all-in
Uncalled bet ($50.96) returned to 397d8950
Hero: shows [Ac Kc]
397d8950: shows [Ks As]
*** RIVER *** [Kh Ah 8s 3d] [8h]
*** SHOWDOWN ***
Hero collected $447.04 from pot
397d8950 collected $447.04 from pot
*** SUMMARY ***
Total pot $894.08
Board [Kh Ah 8s 3d 8h]
Seat 6: e0a930d6 folded before Flop (didn't bet)
Seat 1: b1d56263 folded before Flop (didn't bet)
Seat 7: 397d8950 showed [Ks As] and won ($447.04) with Pair of Aces and Pair of Kings
Seat 4: Hero(small blind) showed [Ac Kc] and won ($447.04) with Pair of Aces and Pair of Kings
Seat 5: bf6ded18(big blind) folded before Flop



Poker Hand #ring_900331716: NLH No Limit ($2/$4) - 2025/05/26 22:32:10
Table 'MR NLH 2/4' 7-max Seat #7 is the button
Seat 6: e0a930d6 ($1,286.07 in chips)
Seat 1: b1d56263 ($600.76 in chips)
Seat 7: 397d8950 ($496 in chips)
Seat 4: Hero ($449.04 in chips)
Seat 5: bf6ded18 ($750.77 in chips)
b1d56263: posts small blind $2
Hero: posts big blind $4
*** HOLE CARDS ***
Dealt to e0a930d6 
Dealt to b1d56263 
Dealt to 397d8950 
Dealt to Hero [4d 7s]
Dealt to bf6ded18 
bf6ded18: raises $8 to $12
e0a930d6: folds
397d8950: folds
b1d56263: folds
Hero: folds
Uncalled bet ($8) returned to bf6ded18
*** SHOWDOWN ***
bf6ded18 collected $10 from pot
*** SUMMARY ***
Total pot $10
Seat 6: e0a930d6 folded before Flop (didn't bet)
Seat 1: b1d56263(small blind) folded before Flop
Seat 7: 397d8950 folded before Flop (didn't bet)
Seat 4: Hero(big blind) folded before Flop
Seat 5: bf6ded18won ($10)



Poker Hand #ring_900330986: NLH No Limit ($2/$4) - 2025/05/26 22:31:46
Table 'MR NLH 2/4' 7-max Seat #6 is the button
Seat 6: e0a930d6 ($1,286.07 in chips)
Seat 1: b1d56263 ($598.76 in chips)
Seat 7: 397d8950 ($498 in chips)
Seat 4: Hero ($449.04 in chips)
Seat 5: bf6ded18 ($750.77 in chips)
397d8950: posts small blind $2
b1d56263: posts big blind $4
*** HOLE CARDS ***
Dealt to e0a930d6 
Dealt to b1d56263 
Dealt to 397d8950 
Dealt to Hero [Qd 2h]
Dealt to bf6ded18 
Hero: folds
bf6ded18: folds
e0a930d6: folds
397d8950: folds
*** SHOWDOWN ***
b1d56263 collected $6 from pot
*** SUMMARY ***
Total pot $6
Seat 6: e0a930d6 folded before Flop (didn't bet)
Seat 1: b1d56263(big blind)won ($6)
Seat 7: 397d8950(small blind) folded before Flop
Seat 4: Hero folded before Flop (didn't bet)
Seat 5: bf6ded18 folded before Flop (didn't bet)



Poker Hand #ring_900329700: NLH No Limit ($2/$4) - 2025/05/26 22:31:06
Table 'MR NLH 2/4' 7-max Seat #5 is the button
Seat 6: e0a930d6 ($1,252.31 in chips)
Seat 1: b1d56263 ($598.76 in chips)
Seat 7: 397d8950 ($502 in chips)
Seat 4: Hero ($449.04 in chips)
Seat 5: bf6ded18 ($784.77 in chips)
e0a930d6: posts small blind $2
397d8950: posts big blind $4
*** HOLE CARDS ***
Dealt to e0a930d6 
Dealt to b1d56263 
Dealt to 397d8950 
Dealt to Hero [7h 4c]
Dealt to bf6ded18 
b1d56263: folds
Hero: folds
bf6ded18: raises $6 to $10
e0a930d6: raises $24 to $34
397d8950: folds
bf6ded18: calls $24
*** FLOP *** [6d 2c Tc]
e0a930d6: bets $54
bf6ded18: folds
Uncalled bet ($54) returned to e0a930d6
*** SHOWDOWN ***
e0a930d6 collected $72 from pot
*** SUMMARY ***
Total pot $72
Board [6d 2c Tc]
Seat 6: e0a930d6(small blind)won ($72) with Pair of Queens
Seat 1: b1d56263 folded before Flop (didn't bet)
Seat 7: 397d8950(big blind) folded before Flop
Seat 4: Hero folded before Flop (didn't bet)
Seat 5: bf6ded18 folded on the Flop



Poker Hand #ring_900328851: NLH No Limit ($2/$4) - 2025/05/26 22:30:37
Table 'MR NLH 2/4' 7-max Seat #4 is the button
Seat 6: e0a930d6 ($1,250.31 in chips)
Seat 1: b1d56263 ($598.76 in chips)
Seat 7: 397d8950 ($502 in chips)
Seat 4: Hero ($449.04 in chips)
Seat 5: bf6ded18 ($786.77 in chips)
bf6ded18: posts small blind $2
e0a930d6: posts big blind $4
*** HOLE CARDS ***
Dealt to e0a930d6 
Dealt to b1d56263 
Dealt to 397d8950 
Dealt to Hero [4d Tc]
Dealt to bf6ded18 
397d8950: folds
b1d56263: folds
Hero: folds
bf6ded18: folds
*** SHOWDOWN ***
e0a930d6 collected $6 from pot
*** SUMMARY ***
Total pot $6
Seat 6: e0a930d6(big blind)won ($6)
Seat 1: b1d56263 folded before Flop (didn't bet)
Seat 7: 397d8950 folded before Flop (didn't bet)
Seat 4: Hero folded before Flop (didn't bet)
Seat 5: bf6ded18(small blind) folded before Flop



Poker Hand #ring_900327588: NLH No Limit ($2/$4) - 2025/05/26 22:29:55
Table 'MR NLH 2/4' 7-max Seat #0 is the button
Seat 6: e0a930d6 ($1,250.31 in chips)
Seat 1: b1d56263 ($598.76 in chips)
Seat 7: 397d8950 ($502 in chips)
Seat 4: Hero ($438.12 in chips)
Seat 5: bf6ded18 ($798.77 in chips)
Hero: posts small blind $2
bf6ded18: posts big blind $4
*** HOLE CARDS ***
Dealt to e0a930d6 
Dealt to b1d56263 
Dealt to 397d8950 
Dealt to Hero [9c 7c]
Dealt to bf6ded18 
e0a930d6: folds
397d8950: folds
b1d56263: folds
Hero: raises $8 to $12
bf6ded18: calls $8
*** FLOP *** [4d 9d Qd]
Hero: checks
bf6ded18: checks
*** TURN *** [4d 9d Qd] [Jh]
Hero: bets $4
bf6ded18: folds
Uncalled bet ($4) returned to Hero
*** SHOWDOWN ***
Hero collected $24 from pot
*** SUMMARY ***
Total pot $24
Board [4d 9d Qd Jh]
Seat 6: e0a930d6 folded before Flop (didn't bet)
Seat 1: b1d56263 folded before Flop (didn't bet)
Seat 7: 397d8950 folded before Flop (didn't bet)
Seat 4: Hero(small blind)won ($24) with Pair of Nines
Seat 5: bf6ded18(big blind) folded on the Turn



Poker Hand #ring_900325370: NLH No Limit ($2/$4) - 2025/05/26 22:28:43
Table 'MR NLH 2/4' 7-max Seat #1 is the button
Seat 6: e0a930d6 ($1,250.31 in chips)
Seat 2: fb311f28 ($196 in chips)
Seat 1: b1d56263 ($598.76 in chips)
Seat 7: 397d8950 ($506 in chips)
Seat 4: Hero ($442.12 in chips)
Seat 5: bf6ded18 ($613.77 in chips)
fb311f28: posts small blind $2
Hero: posts big blind $4
*** HOLE CARDS ***
Dealt to e0a930d6 
Dealt to fb311f28 
Dealt to b1d56263 
Dealt to 397d8950 
Dealt to Hero [3c 6c]
Dealt to bf6ded18 
bf6ded18: calls $4
e0a930d6: folds
397d8950: calls $4
b1d56263: folds
fb311f28: raises $12 to $16
Hero: folds
bf6ded18: raises $30 to $46
397d8950: folds
fb311f28: calls $30
*** FLOP *** [5d 8h 6d]
fb311f28: bets $50
bf6ded18: calls $50
*** TURN *** [5d 8h 6d] [Qs]
fb311f28: bets $100 and is all-in
bf6ded18: calls $100
fb311f28: shows [Js Jh]
bf6ded18: shows [Qc Qh]
*** RIVER *** [5d 8h 6d Qs] [8c]
*** SHOWDOWN ***
bf6ded18 collected $400 from pot
*** SUMMARY ***
Total pot $400
Board [5d 8h 6d Qs 8c]
Seat 6: e0a930d6 folded before Flop (didn't bet)
Seat 2: fb311f28(small blind) showed [Js Jh] and lost with Pair of Jacks and Pair of Eights
Seat 1: b1d56263 folded before Flop (didn't bet)
Seat 7: 397d8950 folded before Flop
Seat 4: Hero(big blind) folded before Flop
Seat 5: bf6ded18 showed [Qc Qh] and won ($400) with Queens Full over Eights



Poker Hand #ring_900323520: NLH No Limit ($2/$4) - 2025/05/26 22:27:41
Table 'MR NLH 2/4' 7-max Seat #7 is the button
Seat 6: e0a930d6 ($1,284.81 in chips)
Seat 2: fb311f28 ($200 in chips)
Seat 1: b1d56263 ($600.76 in chips)
Seat 7: 397d8950 ($506 in chips)
Seat 4: Hero ($442.12 in chips)
Seat 5: bf6ded18 ($577.64 in chips)
b1d56263: posts small blind $2
fb311f28: posts big blind $4
*** HOLE CARDS ***
Dealt to e0a930d6 
Dealt to fb311f28 
Dealt to b1d56263 
Dealt to 397d8950 
Dealt to Hero [6s 7d]
Dealt to bf6ded18 
Hero: folds
bf6ded18: raises $8 to $12
e0a930d6: calls $12
397d8950: folds
b1d56263: folds
fb311f28: folds
*** FLOP *** [8h Jc Th]
bf6ded18: checks
e0a930d6: checks
*** TURN *** [8h Jc Th] [Js]
bf6ded18: bets $22.5
e0a930d6: calls $22.5
*** RIVER *** [8h Jc Th Js] [9s]
bf6ded18: bets $56.25
e0a930d6: folds
Uncalled bet ($56.25) returned to bf6ded18
*** SHOWDOWN ***
bf6ded18 collected $75 from pot
*** SUMMARY ***
Total pot $75
Board [8h Jc Th Js 9s]
Seat 6: e0a930d6 folded on the River
Seat 2: fb311f28(big blind) folded before Flop
Seat 1: b1d56263(small blind) folded before Flop
Seat 7: 397d8950 folded before Flop (didn't bet)
Seat 4: Hero folded before Flop (didn't bet)
Seat 5: bf6ded18won ($75) with Three Jacks



Poker Hand #ring_900321041: NLH No Limit ($2/$4) - 2025/05/26 22:26:18
Table 'MR NLH 2/4' 7-max Seat #6 is the button
Seat 6: e0a930d6 ($1,284.81 in chips)
Seat 1: b1d56263 ($604.76 in chips)
Seat 7: 397d8950 ($508 in chips)
Seat 4: Hero ($404.63 in chips)
Seat 5: bf6ded18 ($613.64 in chips)
397d8950: posts small blind $2
b1d56263: posts big blind $4
*** HOLE CARDS ***
Dealt to e0a930d6 
Dealt to b1d56263 
Dealt to 397d8950 
Dealt to Hero [6h 5h]
Dealt to bf6ded18 
Hero: raises $8 to $12
bf6ded18: calls $12
e0a930d6: folds
397d8950: folds
b1d56263: folds
*** FLOP *** [Jc 2h 8d]
Hero: checks
bf6ded18: checks
*** TURN *** [Jc 2h 8d] [3s]
Hero: bets $24
bf6ded18: calls $24
*** RIVER *** [Jc 2h 8d 3s] [4s]
Hero: bets $113.11
bf6ded18: folds
Uncalled bet ($113.11) returned to Hero
*** SHOWDOWN ***
Hero collected $78 from pot
*** SUMMARY ***
Total pot $78
Board [Jc 2h 8d 3s 4s]
Seat 6: e0a930d6 folded before Flop (didn't bet)
Seat 1: b1d56263(big blind) folded before Flop
Seat 7: 397d8950(small blind) folded before Flop
Seat 4: Herowon ($78) with Sixes-High Straight
Seat 5: bf6ded18 folded on the River



Poker Hand #ring_900320322: NLH No Limit ($2/$4) - 2025/05/26 22:25:55
Table 'MR NLH 2/4' 7-max Seat #5 is the button
Seat 6: e0a930d6 ($1,280.81 in chips)
Seat 1: b1d56263 ($604.76 in chips)
Seat 7: 397d8950 ($512 in chips)
Seat 4: Hero ($404.63 in chips)
Seat 5: bf6ded18 ($613.64 in chips)
e0a930d6: posts small blind $2
397d8950: posts big blind $4
*** HOLE CARDS ***
Dealt to e0a930d6 
Dealt to b1d56263 
Dealt to 397d8950 
Dealt to Hero [2c 7d]
Dealt to bf6ded18 
b1d56263: folds
Hero: folds
bf6ded18: folds
e0a930d6: raises $8 to $12
397d8950: folds
Uncalled bet ($8) returned to e0a930d6
*** SHOWDOWN ***
e0a930d6 collected $8 from pot
*** SUMMARY ***
Total pot $8
Seat 6: e0a930d6(small blind)won ($8)
Seat 1: b1d56263 folded before Flop (didn't bet)
Seat 7: 397d8950(big blind) folded before Flop
Seat 4: Hero folded before Flop (didn't bet)
Seat 5: bf6ded18 folded before Flop (didn't bet)



Poker Hand #ring_900318677: NLH No Limit ($2/$4) - 2025/05/26 22:25:01
Table 'MR NLH 2/4' 7-max Seat #4 is the button
Seat 6: e0a930d6 ($1,130.66 in chips)
Seat 1: b1d56263 ($768.76 in chips)
Seat 7: 397d8950 ($512 in chips)
Seat 4: Hero ($404.63 in chips)
Seat 5: bf6ded18 ($615.64 in chips)
bf6ded18: posts small blind $2
e0a930d6: posts big blind $4
*** HOLE CARDS ***
Dealt to e0a930d6 
Dealt to b1d56263 
Dealt to 397d8950 
Dealt to Hero [7d 3h]
Dealt to bf6ded18 
397d8950: folds
b1d56263: raises $6 to $10
Hero: folds
bf6ded18: folds
e0a930d6: raises $16.5 to $26.5
b1d56263: calls $16.5
*** FLOP *** [2s Ks 8c]
e0a930d6: bets $27.5
b1d56263: calls $27.5
*** TURN *** [2s Ks 8c] [Qh]
e0a930d6: bets $110
b1d56263: calls $110
*** RIVER *** [2s Ks 8c Qh] [Jd]
e0a930d6: checks
b1d56263: checks
b1d56263: shows [Ad Qs]
e0a930d6: shows [Kh Kc]
*** SHOWDOWN ***
e0a930d6 collected $330 from pot
*** SUMMARY ***
Total pot $330
Board [2s Ks 8c Qh Jd]
Seat 6: e0a930d6(big blind) showed [Kh Kc] and won ($330) with Three Kings
Seat 1: b1d56263 showed [Ad Qs] and lost with Pair of Queens
Seat 7: 397d8950 folded before Flop (didn't bet)
Seat 4: Hero folded before Flop (didn't bet)
Seat 5: bf6ded18(small blind) folded before Flop



Poker Hand #ring_900316724: NLH No Limit ($2/$4) - 2025/05/26 22:23:58
Table 'MR NLH 2/4' 7-max Seat #1 is the button
Seat 6: e0a930d6 ($1,130.66 in chips)
Seat 1: b1d56263 ($698.51 in chips)
Seat 7: 397d8950 ($584 in chips)
Seat 4: Hero ($406.63 in chips)
Seat 5: bf6ded18 ($619.64 in chips)
Hero: posts small blind $2
bf6ded18: posts big blind $4
*** HOLE CARDS ***
Dealt to e0a930d6 
Dealt to b1d56263 
Dealt to 397d8950 
Dealt to Hero [2d Kh]
Dealt to bf6ded18 
e0a930d6: folds
397d8950: raises $8 to $12
b1d56263: calls $12
Hero: folds
bf6ded18: folds
*** FLOP *** [Qd Ad 9s]
397d8950: checks
b1d56263: checks
*** TURN *** [Qd Ad 9s] [9h]
397d8950: bets $22.5
b1d56263: calls $22.5
*** RIVER *** [Qd Ad 9s 9h] [Ts]
397d8950: bets $37.5
b1d56263: raises $75 to $112.5
397d8950: folds
Uncalled bet ($75) returned to b1d56263
397d8950: shows [Ac]
*** SHOWDOWN ***
b1d56263 collected $150 from pot
*** SUMMARY ***
Total pot $150
Board [Qd Ad 9s 9h Ts]
Seat 6: e0a930d6 folded before Flop (didn't bet)
Seat 1: b1d56263won ($150) with Tens Full over Nines
Seat 7: 397d8950 folded on the River
Seat 4: Hero(small blind) folded before Flop
Seat 5: bf6ded18(big blind) folded before Flop



Poker Hand #ring_900316062: NLH No Limit ($2/$4) - 2025/05/26 22:23:35
Table 'MR NLH 2/4' 7-max Seat #7 is the button
Seat 6: e0a930d6 ($1,130.66 in chips)
Seat 1: b1d56263 ($700.51 in chips)
Seat 7: 397d8950 ($584 in chips)
Seat 4: Hero ($404.63 in chips)
Seat 5: bf6ded18 ($619.64 in chips)
b1d56263: posts small blind $2
Hero: posts big blind $4
*** HOLE CARDS ***
Dealt to e0a930d6 
Dealt to b1d56263 
Dealt to 397d8950 
Dealt to Hero [3h 3c]
Dealt to bf6ded18 
bf6ded18: folds
e0a930d6: folds
397d8950: folds
b1d56263: folds
*** SHOWDOWN ***
Hero collected $6 from pot
*** SUMMARY ***
Total pot $6
Seat 6: e0a930d6 folded before Flop (didn't bet)
Seat 1: b1d56263(small blind) folded before Flop
Seat 7: 397d8950 folded before Flop (didn't bet)
Seat 4: Hero(big blind)won ($6)
Seat 5: bf6ded18 folded before Flop (didn't bet)



Poker Hand #ring_900315174: NLH No Limit ($2/$4) - 2025/05/26 22:23:07
Table 'MR NLH 2/4' 7-max Seat #6 is the button
Seat 6: e0a930d6 ($1,130.66 in chips)
Seat 1: b1d56263 ($704.51 in chips)
Seat 7: 397d8950 ($586 in chips)
Seat 4: Hero ($404.63 in chips)
Seat 5: bf6ded18 ($613.64 in chips)
397d8950: posts small blind $2
b1d56263: posts big blind $4
*** HOLE CARDS ***
Dealt to e0a930d6 
Dealt to b1d56263 
Dealt to 397d8950 
Dealt to Hero [9h Jc]
Dealt to bf6ded18 
Hero: folds
bf6ded18: raises $6 to $10
e0a930d6: folds
397d8950: folds
b1d56263: folds
Uncalled bet ($6) returned to bf6ded18
*** SHOWDOWN ***
bf6ded18 collected $10 from pot
*** SUMMARY ***
Total pot $10
Seat 6: e0a930d6 folded before Flop (didn't bet)
Seat 1: b1d56263(big blind) folded before Flop
Seat 7: 397d8950(small blind) folded before Flop
Seat 4: Hero folded before Flop (didn't bet)
Seat 5: bf6ded18won ($10)



Poker Hand #ring_900314595: NLH No Limit ($2/$4) - 2025/05/26 22:22:48
Table 'MR NLH 2/4' 7-max Seat #5 is the button
Seat 6: e0a930d6 ($1,132.66 in chips)
Seat 1: b1d56263 ($704.51 in chips)
Seat 7: 397d8950 ($584 in chips)
Seat 4: Hero ($404.63 in chips)
Seat 5: bf6ded18 ($613.64 in chips)
e0a930d6: posts small blind $2
397d8950: posts big blind $4
*** HOLE CARDS ***
Dealt to e0a930d6 
Dealt to b1d56263 
Dealt to 397d8950 
Dealt to Hero [8s Th]
Dealt to bf6ded18 
b1d56263: folds
Hero: folds
bf6ded18: folds
e0a930d6: folds
*** SHOWDOWN ***
397d8950 collected $6 from pot
*** SUMMARY ***
Total pot $6
Seat 6: e0a930d6(small blind) folded before Flop
Seat 1: b1d56263 folded before Flop (didn't bet)
Seat 7: 397d8950(big blind)won ($6)
Seat 4: Hero folded before Flop (didn't bet)
Seat 5: bf6ded18 folded before Flop (didn't bet)



Poker Hand #ring_900312961: NLH No Limit ($2/$4) - 2025/05/26 22:21:56
Table 'MR NLH 2/4' 7-max Seat #4 is the button
Seat 6: e0a930d6 ($1,160.26 in chips)
Seat 1: b1d56263 ($704.51 in chips)
Seat 7: 397d8950 ($584 in chips)
Seat 4: Hero ($378.6 in chips)
Seat 5: bf6ded18 ($615.64 in chips)
bf6ded18: posts small blind $2
e0a930d6: posts big blind $4
*** HOLE CARDS ***
Dealt to e0a930d6 
Dealt to b1d56263 
Dealt to 397d8950 
Dealt to Hero [6s Ad]
Dealt to bf6ded18 
397d8950: folds
b1d56263: folds
Hero: raises $6 to $10
bf6ded18: folds
e0a930d6: calls $6
*** FLOP *** [9s Jc Jh]
e0a930d6: checks
Hero: checks
*** TURN *** [9s Jc Jh] [Ah]
e0a930d6: checks
Hero: checks
*** RIVER *** [9s Jc Jh Ah] [7s]
e0a930d6: checks
Hero: bets $17.6
e0a930d6: calls $17.6
Hero: shows [6s Ad]
e0a930d6: shows [7c Qc]
*** SHOWDOWN ***
Hero collected $57.2 from pot
*** SUMMARY ***
Total pot $57.2
Board [9s Jc Jh Ah 7s]
Seat 6: e0a930d6(big blind) showed [7c Qc] and lost with Pair of Jacks and Pair of Sevens
Seat 1: b1d56263 folded before Flop (didn't bet)
Seat 7: 397d8950 folded before Flop (didn't bet)
Seat 4: Hero showed [6s Ad] and won ($57.2) with Pair of Aces and Pair of Jacks
Seat 5: bf6ded18(small blind) folded before Flop



Poker Hand #ring_900311905: NLH No Limit ($2/$4) - 2025/05/26 22:21:22
Table 'MR NLH 2/4' 7-max Seat #1 is the button
Seat 6: e0a930d6 ($1,160.26 in chips)
Seat 1: b1d56263 ($714.51 in chips)
Seat 7: 397d8950 ($584 in chips)
Seat 4: Hero ($364.6 in chips)
Seat 5: bf6ded18 ($619.64 in chips)
Hero: posts small blind $2
bf6ded18: posts big blind $4
*** HOLE CARDS ***
Dealt to e0a930d6 
Dealt to b1d56263 
Dealt to 397d8950 
Dealt to Hero [Ks Kc]
Dealt to bf6ded18 
e0a930d6: folds
397d8950: folds
b1d56263: raises $6 to $10
Hero: raises $34.8 to $44.8
bf6ded18: folds
b1d56263: folds
Uncalled bet ($34.8) returned to Hero
*** SHOWDOWN ***
Hero collected $24 from pot
*** SUMMARY ***
Total pot $24
Seat 6: e0a930d6 folded before Flop (didn't bet)
Seat 1: b1d56263 folded before Flop
Seat 7: 397d8950 folded before Flop (didn't bet)
Seat 4: Hero(small blind)won ($24)
Seat 5: bf6ded18(big blind) folded before Flop



Poker Hand #ring_900311121: NLH No Limit ($2/$4) - 2025/05/26 22:20:55
Table 'MR NLH 2/4' 7-max Seat #7 is the button
Seat 6: e0a930d6 ($1,160.26 in chips)
Seat 1: b1d56263 ($716.51 in chips)
Seat 7: 397d8950 ($584 in chips)
Seat 4: Hero ($362.6 in chips)
Seat 5: bf6ded18 ($619.64 in chips)
b1d56263: posts small blind $2
Hero: posts big blind $4
*** HOLE CARDS ***
Dealt to e0a930d6 
Dealt to b1d56263 
Dealt to 397d8950 
Dealt to Hero [As Ad]
Dealt to bf6ded18 
bf6ded18: folds
e0a930d6: folds
397d8950: folds
b1d56263: folds
*** SHOWDOWN ***
Hero collected $6 from pot
*** SUMMARY ***
Total pot $6
Seat 6: e0a930d6 folded before Flop (didn't bet)
Seat 1: b1d56263(small blind) folded before Flop
Seat 7: 397d8950 folded before Flop (didn't bet)
Seat 4: Hero(big blind)won ($6)
Seat 5: bf6ded18 folded before Flop (didn't bet)



Poker Hand #ring_900310368: NLH No Limit ($2/$4) - 2025/05/26 22:20:31
Table 'MR NLH 2/4' 7-max Seat #6 is the button
Seat 6: e0a930d6 ($1,160.26 in chips)
Seat 1: b1d56263 ($720.51 in chips)
Seat 7: 397d8950 ($586 in chips)
Seat 4: Hero ($362.6 in chips)
Seat 5: bf6ded18 ($613.64 in chips)
397d8950: posts small blind $2
b1d56263: posts big blind $4
*** HOLE CARDS ***
Dealt to e0a930d6 
Dealt to b1d56263 
Dealt to 397d8950 
Dealt to Hero [Qs Jh]
Dealt to bf6ded18 
Hero: folds
bf6ded18: raises $4 to $8
e0a930d6: folds
397d8950: folds
b1d56263: folds
Uncalled bet ($4) returned to bf6ded18
*** SHOWDOWN ***
bf6ded18 collected $10 from pot
*** SUMMARY ***
Total pot $10
Seat 6: e0a930d6 folded before Flop (didn't bet)
Seat 1: b1d56263(big blind) folded before Flop
Seat 7: 397d8950(small blind) folded before Flop
Seat 4: Hero folded before Flop (didn't bet)
Seat 5: bf6ded18won ($10)



Poker Hand #ring_900309661: NLH No Limit ($2/$4) - 2025/05/26 22:20:09
Table 'MR NLH 2/4' 7-max Seat #5 is the button
Seat 6: e0a930d6 ($1,162.26 in chips)
Seat 1: b1d56263 ($720.51 in chips)
Seat 7: 397d8950 ($590 in chips)
Seat 4: Hero ($356.6 in chips)
Seat 5: bf6ded18 ($613.64 in chips)
e0a930d6: posts small blind $2
397d8950: posts big blind $4
*** HOLE CARDS ***
Dealt to e0a930d6 
Dealt to b1d56263 
Dealt to 397d8950 
Dealt to Hero [Ac As]
Dealt to bf6ded18 
b1d56263: folds
Hero: raises $8 to $12
bf6ded18: folds
e0a930d6: folds
397d8950: folds
Uncalled bet ($8) returned to Hero
*** SHOWDOWN ***
Hero collected $10 from pot
*** SUMMARY ***
Total pot $10
Seat 6: e0a930d6(small blind) folded before Flop
Seat 1: b1d56263 folded before Flop (didn't bet)
Seat 7: 397d8950(big blind) folded before Flop
Seat 4: Herowon ($10)
Seat 5: bf6ded18 folded before Flop (didn't bet)



Poker Hand #ring_900308508: NLH No Limit ($2/$4) - 2025/05/26 22:19:31
Table 'MR NLH 2/4' 7-max Seat #4 is the button
Seat 6: e0a930d6 ($1,142.24 in chips)
Seat 1: b1d56263 ($741.51 in chips)
Seat 7: 397d8950 ($590 in chips)
Seat 4: Hero ($356.6 in chips)
Seat 5: bf6ded18 ($615.64 in chips)
bf6ded18: posts small blind $2
e0a930d6: posts big blind $4
*** HOLE CARDS ***
Dealt to e0a930d6 
Dealt to b1d56263 
Dealt to 397d8950 
Dealt to Hero [Ks Tc]
Dealt to bf6ded18 
397d8950: folds
b1d56263: raises $6 to $10
Hero: folds
bf6ded18: folds
e0a930d6: calls $6
*** FLOP *** [Ac Jc 9h]
e0a930d6: checks
b1d56263: bets $11
e0a930d6: raises $33 to $44
b1d56263: folds
Uncalled bet ($33) returned to e0a930d6
*** SHOWDOWN ***
e0a930d6 collected $44 from pot
*** SUMMARY ***
Total pot $44
Board [Ac Jc 9h]
Seat 6: e0a930d6(big blind)won ($44) with Three Nines
Seat 1: b1d56263 folded on the Flop
Seat 7: 397d8950 folded before Flop (didn't bet)
Seat 4: Hero folded before Flop (didn't bet)
Seat 5: bf6ded18(small blind) folded before Flop



Poker Hand #ring_900306960: NLH No Limit ($2/$4) - 2025/05/26 22:18:40
Table 'MR NLH 2/4' 7-max Seat #1 is the button
Seat 6: e0a930d6 ($1,142.24 in chips)
Seat 1: b1d56263 ($749.51 in chips)
Seat 7: 397d8950 ($598 in chips)
Seat 4: Hero ($358.6 in chips)
Seat 5: bf6ded18 ($598.81 in chips)
Hero: posts small blind $2
bf6ded18: posts big blind $4
*** HOLE CARDS ***
Dealt to e0a930d6 
Dealt to b1d56263 
Dealt to 397d8950 
Dealt to Hero [9c 3c]
Dealt to bf6ded18 
e0a930d6: folds
397d8950: raises $4 to $8
b1d56263: calls $8
Hero: folds
bf6ded18: calls $4
*** FLOP *** [6d 4h Js]
bf6ded18: checks
397d8950: checks
b1d56263: checks
*** TURN *** [6d 4h Js] [Qs]
bf6ded18: bets $19.5
397d8950: folds
b1d56263: folds
Uncalled bet ($19.5) returned to bf6ded18
*** SHOWDOWN ***
bf6ded18 collected $26 from pot
*** SUMMARY ***
Total pot $26
Board [6d 4h Js Qs]
Seat 6: e0a930d6 folded before Flop (didn't bet)
Seat 1: b1d56263 folded on the Turn
Seat 7: 397d8950 folded on the Turn
Seat 4: Hero(small blind) folded before Flop
Seat 5: bf6ded18(big blind)won ($26) with Pair of Queens



Poker Hand #ring_900305256: NLH No Limit ($2/$4) - 2025/05/26 22:17:46
Table 'MR NLH 2/4' 7-max Seat #7 is the button
Seat 6: e0a930d6 ($1,169.24 in chips)
Seat 1: b1d56263 ($751.51 in chips)
Seat 7: 397d8950 ($546.73 in chips)
Seat 4: Hero ($385.6 in chips)
Seat 5: bf6ded18 ($598.81 in chips)
b1d56263: posts small blind $2
Hero: posts big blind $4
*** HOLE CARDS ***
Dealt to e0a930d6 
Dealt to b1d56263 
Dealt to 397d8950 
Dealt to Hero [Jc Jd]
Dealt to bf6ded18 
bf6ded18: folds
e0a930d6: raises $8 to $12
397d8950: raises $15 to $27
b1d56263: folds
Hero: calls $23
e0a930d6: calls $15
*** FLOP *** [3h 4d Qh]
Hero: checks
e0a930d6: checks
397d8950: bets $83
Hero: folds
e0a930d6: folds
Uncalled bet ($83) returned to 397d8950
*** SHOWDOWN ***
397d8950 collected $83 from pot
*** SUMMARY ***
Total pot $83
Board [3h 4d Qh]
Seat 6: e0a930d6 folded on the Flop
Seat 1: b1d56263(small blind) folded before Flop
Seat 7: 397d8950won ($83) with Pair of Kings
Seat 4: Hero(big blind) folded on the Flop
Seat 5: bf6ded18 folded before Flop (didn't bet)



Poker Hand #ring_900303988: NLH No Limit ($2/$4) - 2025/05/26 22:17:04
Table 'MR NLH 2/4' 7-max Seat #6 is the button
Seat 6: e0a930d6 ($1,169.24 in chips)
Seat 2: aa2ec619 ($372.8 in chips)
Seat 1: b1d56263 ($841.51 in chips)
Seat 3: a376ef26 ($882.54 in chips)
Seat 7: 397d8950 ($465.83 in chips)
Seat 4: Hero ($385.6 in chips)
Seat 5: bf6ded18 ($598.81 in chips)
397d8950: posts small blind $2
b1d56263: posts big blind $4
*** HOLE CARDS ***
Dealt to e0a930d6 
Dealt to aa2ec619 
Dealt to b1d56263 
Dealt to a376ef26 
Dealt to 397d8950 
Dealt to Hero [Qc Th]
Dealt to bf6ded18 
aa2ec619: folds
a376ef26: folds
Hero: folds
bf6ded18: folds
e0a930d6: folds
397d8950: raises $8 to $12
b1d56263: raises $24 to $36
397d8950: calls $24
*** FLOP *** [5h 8d Tc]
397d8950: bets $54
b1d56263: calls $54
*** TURN *** [5h 8d Tc] [6s]
397d8950: bets $180
b1d56263: folds
Uncalled bet ($180) returned to 397d8950
*** SHOWDOWN ***
397d8950 collected $180 from pot
*** SUMMARY ***
Total pot $180
Board [5h 8d Tc 6s]
Seat 6: e0a930d6 folded before Flop (didn't bet)
Seat 2: aa2ec619 folded before Flop (didn't bet)
Seat 1: b1d56263(big blind) folded on the Turn
Seat 3: a376ef26 folded before Flop (didn't bet)
Seat 7: 397d8950(small blind)won ($180) with Pair of Tens
Seat 4: Hero folded before Flop (didn't bet)
Seat 5: bf6ded18 folded before Flop (didn't bet)



Poker Hand #ring_900302003: NLH No Limit ($2/$4) - 2025/05/26 22:15:59
Table 'MR NLH 2/4' 7-max Seat #5 is the button
Seat 6: e0a930d6 ($1,171.24 in chips)
Seat 2: aa2ec619 ($372.8 in chips)
Seat 1: b1d56263 ($841.51 in chips)
Seat 3: a376ef26 ($882.54 in chips)
Seat 7: 397d8950 ($496.83 in chips)
Seat 4: Hero ($416.6 in chips)
Seat 5: bf6ded18 ($540.08 in chips)
e0a930d6: posts small blind $2
397d8950: posts big blind $4
*** HOLE CARDS ***
Dealt to e0a930d6 
Dealt to aa2ec619 
Dealt to b1d56263 
Dealt to a376ef26 
Dealt to 397d8950 
Dealt to Hero [7d 5d]
Dealt to bf6ded18 
b1d56263: folds
aa2ec619: folds
a376ef26: folds
Hero: raises $8 to $12
bf6ded18: calls $12
e0a930d6: folds
397d8950: calls $8
*** FLOP *** [Jc Ts 7c]
397d8950: checks
Hero: bets $19
bf6ded18: calls $19
397d8950: calls $19
*** TURN *** [Jc Ts 7c] [3s]
397d8950: checks
Hero: checks
bf6ded18: checks
*** RIVER *** [Jc Ts 7c 3s] [2c]
397d8950: checks
Hero: checks
bf6ded18: checks
Hero: shows [7d 5d]
bf6ded18: shows [Ad 7h]
397d8950: shows [9s Ks]
*** SHOWDOWN ***
bf6ded18 collected $95 from pot
*** SUMMARY ***
Total pot $95
Board [Jc Ts 7c 3s 2c]
Seat 6: e0a930d6(small blind) folded before Flop
Seat 2: aa2ec619 folded before Flop (didn't bet)
Seat 1: b1d56263 folded before Flop (didn't bet)
Seat 3: a376ef26 folded before Flop (didn't bet)
Seat 7: 397d8950(big blind) showed [9s Ks] and lost with King-High
Seat 4: Hero showed [7d 5d] and lost with Pair of Sevens
Seat 5: bf6ded18 showed [Ad 7h] and won ($95) with Pair of Sevens



Poker Hand #ring_900300652: NLH No Limit ($2/$4) - 2025/05/26 22:15:15
Table 'MR NLH 2/4' 7-max Seat #4 is the button
Seat 6: e0a930d6 ($1,175.24 in chips)
Seat 2: aa2ec619 ($372.8 in chips)
Seat 1: b1d56263 ($841.51 in chips)
Seat 3: a376ef26 ($882.54 in chips)
Seat 7: 397d8950 ($485.55 in chips)
Seat 4: Hero ($420.6 in chips)
Seat 5: bf6ded18 ($544.08 in chips)
bf6ded18: posts small blind $2
e0a930d6: posts big blind $4
*** HOLE CARDS ***
Dealt to e0a930d6 
Dealt to aa2ec619 
Dealt to b1d56263 
Dealt to a376ef26 
Dealt to 397d8950 
Dealt to Hero [5s Ks]
Dealt to bf6ded18 
397d8950: calls $4
b1d56263: folds
aa2ec619: folds
a376ef26: folds
Hero: calls $4
bf6ded18: calls $2
e0a930d6: checks
*** FLOP *** [4c 9h As]
bf6ded18: checks
e0a930d6: checks
397d8950: bets $8
Hero: folds
bf6ded18: folds
e0a930d6: folds
Uncalled bet ($8) returned to 397d8950
*** SHOWDOWN ***
397d8950 collected $16 from pot
*** SUMMARY ***
Total pot $16
Board [4c 9h As]
Seat 6: e0a930d6(big blind) folded on the Flop
Seat 2: aa2ec619 folded before Flop (didn't bet)
Seat 1: b1d56263 folded before Flop (didn't bet)
Seat 3: a376ef26 folded before Flop (didn't bet)
Seat 7: 397d8950won ($16) with Pair of Fours
Seat 4: Hero folded on the Flop
Seat 5: bf6ded18(small blind) folded on the Flop



Poker Hand #ring_900299430: NLH No Limit ($2/$4) - 2025/05/26 22:14:35
Table 'MR NLH 2/4' 7-max Seat #3 is the button
Seat 6: e0a930d6 ($1,187.24 in chips)
Seat 2: aa2ec619 ($384.8 in chips)
Seat 1: b1d56263 ($853.51 in chips)
Seat 3: a376ef26 ($840.54 in chips)
Seat 7: 397d8950 ($485.55 in chips)
Seat 4: Hero ($422.6 in chips)
Seat 5: bf6ded18 ($548.08 in chips)
Hero: posts small blind $2
bf6ded18: posts big blind $4
*** HOLE CARDS ***
Dealt to e0a930d6 
Dealt to aa2ec619 
Dealt to b1d56263 
Dealt to a376ef26 
Dealt to 397d8950 
Dealt to Hero [Qd Td]
Dealt to bf6ded18 
e0a930d6: raises $8 to $12
397d8950: folds
b1d56263: calls $12
aa2ec619: calls $12
a376ef26: raises $56 to $68
Hero: folds
bf6ded18: folds
e0a930d6: folds
b1d56263: folds
aa2ec619: folds
Uncalled bet ($56) returned to a376ef26
*** SHOWDOWN ***
a376ef26 collected $54 from pot
*** SUMMARY ***
Total pot $54
Seat 6: e0a930d6 folded before Flop
Seat 2: aa2ec619 folded before Flop
Seat 1: b1d56263 folded before Flop
Seat 3: a376ef26won ($54)
Seat 7: 397d8950 folded before Flop (didn't bet)
Seat 4: Hero(small blind) folded before Flop
Seat 5: bf6ded18(big blind) folded before Flop



Poker Hand #ring_900298575: NLH No Limit ($2/$4) - 2025/05/26 22:14:08
Table 'MR NLH 2/4' 7-max Seat #2 is the button
Seat 6: e0a930d6 ($1,191.24 in chips)
Seat 2: aa2ec619 ($384.8 in chips)
Seat 1: b1d56263 ($853.51 in chips)
Seat 3: a376ef26 ($842.54 in chips)
Seat 7: 397d8950 ($475.55 in chips)
Seat 4: Hero ($426.6 in chips)
Seat 5: bf6ded18 ($548.08 in chips)
a376ef26: posts small blind $2
Hero: posts big blind $4
e0a930d6: posts big blind $4
*** HOLE CARDS ***
Dealt to e0a930d6 
Dealt to aa2ec619 
Dealt to b1d56263 
Dealt to a376ef26 
Dealt to 397d8950 
Dealt to Hero [Ks 4c]
Dealt to bf6ded18 
bf6ded18: folds
e0a930d6: checks
397d8950: raises $8 to $12
b1d56263: folds
aa2ec619: folds
a376ef26: folds
Hero: folds
e0a930d6: folds
Uncalled bet ($8) returned to 397d8950
397d8950: shows [5d]
*** SHOWDOWN ***
397d8950 collected $14 from pot
*** SUMMARY ***
Total pot $14
Seat 6: e0a930d6 folded before Flop
Seat 2: aa2ec619 folded before Flop (didn't bet)
Seat 1: b1d56263 folded before Flop (didn't bet)
Seat 3: a376ef26(small blind) folded before Flop
Seat 7: 397d8950 showed [5d] and won ($14)
Seat 4: Hero(big blind) folded before Flop
Seat 5: bf6ded18 folded before Flop (didn't bet)



Poker Hand #ring_900297604: NLH No Limit ($2/$4) - 2025/05/26 22:13:35
Table 'MR NLH 2/4' 7-max Seat #1 is the button
Seat 2: aa2ec619 ($372.8 in chips)
Seat 1: b1d56263 ($853.51 in chips)
Seat 3: a376ef26 ($846.54 in chips)
Seat 7: 397d8950 ($483.55 in chips)
Seat 4: Hero ($426.6 in chips)
Seat 5: bf6ded18 ($548.08 in chips)
aa2ec619: posts small blind $2
a376ef26: posts big blind $4
*** HOLE CARDS ***
Dealt to aa2ec619 
Dealt to b1d56263 
Dealt to a376ef26 
Dealt to 397d8950 
Dealt to Hero [3h 7d]
Dealt to bf6ded18 
Hero: folds
bf6ded18: folds
397d8950: raises $4 to $8
b1d56263: folds
aa2ec619: raises $27 to $35
a376ef26: folds
397d8950: folds
Uncalled bet ($27) returned to aa2ec619
aa2ec619: shows [2c]
*** SHOWDOWN ***
aa2ec619 collected $20 from pot
*** SUMMARY ***
Total pot $20
Seat 2: aa2ec619(small blind) showed [2c] and won ($20)
Seat 1: b1d56263 folded before Flop (didn't bet)
Seat 3: a376ef26(big blind) folded before Flop
Seat 7: 397d8950 folded before Flop
Seat 4: Hero folded before Flop (didn't bet)
Seat 5: bf6ded18 folded before Flop (didn't bet)



Poker Hand #ring_900296899: NLH No Limit ($2/$4) - 2025/05/26 22:13:12
Table 'MR NLH 2/4' 7-max Seat #7 is the button
Seat 2: aa2ec619 ($376.8 in chips)
Seat 1: b1d56263 ($855.51 in chips)
Seat 3: a376ef26 ($840.54 in chips)
Seat 7: 397d8950 ($483.55 in chips)
Seat 4: Hero ($426.6 in chips)
Seat 5: bf6ded18 ($548.08 in chips)
b1d56263: posts small blind $2
aa2ec619: posts big blind $4
*** HOLE CARDS ***
Dealt to aa2ec619 
Dealt to b1d56263 
Dealt to a376ef26 
Dealt to 397d8950 
Dealt to Hero [3h Jh]
Dealt to bf6ded18 
a376ef26: raises $6 to $10
Hero: folds
bf6ded18: folds
397d8950: folds
b1d56263: folds
aa2ec619: folds
Uncalled bet ($6) returned to a376ef26
*** SHOWDOWN ***
a376ef26 collected $10 from pot
*** SUMMARY ***
Total pot $10
Seat 2: aa2ec619(big blind) folded before Flop
Seat 1: b1d56263(small blind) folded before Flop
Seat 3: a376ef26won ($10)
Seat 7: 397d8950 folded before Flop (didn't bet)
Seat 4: Hero folded before Flop (didn't bet)
Seat 5: bf6ded18 folded before Flop (didn't bet)



Poker Hand #ring_900295318: NLH No Limit ($2/$4) - 2025/05/26 22:12:19
Table 'MR NLH 2/4' 7-max Seat #6 is the button
Seat 6: aec19e78 ($365 in chips)
Seat 2: aa2ec619 ($392.8 in chips)
Seat 1: b1d56263 ($837.13 in chips)
Seat 3: a376ef26 ($840.54 in chips)
Seat 7: 397d8950 ($487.55 in chips)
Seat 4: Hero ($426.6 in chips)
Seat 5: bf6ded18 ($548.08 in chips)
397d8950: posts small blind $2
b1d56263: posts big blind $4
*** HOLE CARDS ***
Dealt to aec19e78 
Dealt to aa2ec619 
Dealt to b1d56263 
Dealt to a376ef26 
Dealt to 397d8950 
Dealt to Hero [7s 8d]
Dealt to bf6ded18 
aa2ec619: calls $4
a376ef26: folds
Hero: folds
bf6ded18: folds
aec19e78: folds
397d8950: calls $2
b1d56263: checks
*** FLOP *** [Ts 6d 5s]
397d8950: checks
b1d56263: checks
aa2ec619: bets $12
397d8950: folds
b1d56263: calls $12
*** TURN *** [Ts 6d 5s] [4d]
b1d56263: checks
aa2ec619: checks
*** RIVER *** [Ts 6d 5s 4d] [Ks]
b1d56263: checks
aa2ec619: checks
b1d56263: shows [Kh Td]
aa2ec619: shows [3c Th]
*** SHOWDOWN ***
b1d56263 collected $36 from pot
*** SUMMARY ***
Total pot $36
Board [Ts 6d 5s 4d Ks]
Seat 6: aec19e78 folded before Flop (didn't bet)
Seat 2: aa2ec619 showed [3c Th] and lost with Pair of Tens
Seat 1: b1d56263(big blind) showed [Kh Td] and won ($36) with Pair of Kings and Pair of Tens
Seat 3: a376ef26 folded before Flop (didn't bet)
Seat 7: 397d8950(small blind) folded on the Flop
Seat 4: Hero folded before Flop (didn't bet)
Seat 5: bf6ded18 folded before Flop (didn't bet)



Poker Hand #ring_900293248: NLH No Limit ($2/$4) - 2025/05/26 22:11:12
Table 'MR NLH 2/4' 7-max Seat #5 is the button
Seat 6: aec19e78 ($377 in chips)
Seat 2: aa2ec619 ($392.8 in chips)
Seat 1: b1d56263 ($837.13 in chips)
Seat 3: a376ef26 ($840.54 in chips)
Seat 7: 397d8950 ($556.25 in chips)
Seat 4: Hero ($426.6 in chips)
Seat 5: bf6ded18 ($475.1 in chips)
aec19e78: posts small blind $2
397d8950: posts big blind $4
*** HOLE CARDS ***
Dealt to aec19e78 
Dealt to aa2ec619 
Dealt to b1d56263 
Dealt to a376ef26 
Dealt to 397d8950 
Dealt to Hero [Qs 9h]
Dealt to bf6ded18 
b1d56263: folds
aa2ec619: folds
a376ef26: folds
Hero: folds
bf6ded18: raises $8 to $12
aec19e78: calls $10
397d8950: calls $8
*** FLOP *** [9c 9s 2s]
aec19e78: checks
397d8950: bets $11.88
bf6ded18: calls $11.88
aec19e78: folds
*** TURN *** [9c 9s 2s] [Kh]
397d8950: bets $44.82
bf6ded18: calls $44.82
*** RIVER *** [9c 9s 2s Kh] [6d]
397d8950: checks
bf6ded18: checks
bf6ded18: shows [4h Kd]
397d8950: shows [3c Ah]
*** SHOWDOWN ***
bf6ded18 collected $149.4 from pot
*** SUMMARY ***
Total pot $149.4
Board [9c 9s 2s Kh 6d]
Seat 6: aec19e78(small blind) folded on the Flop
Seat 2: aa2ec619 folded before Flop (didn't bet)
Seat 1: b1d56263 folded before Flop (didn't bet)
Seat 3: a376ef26 folded before Flop (didn't bet)
Seat 7: 397d8950(big blind) showed [3c Ah] and lost with Pair of Nines
Seat 4: Hero folded before Flop (didn't bet)
Seat 5: bf6ded18 showed [4h Kd] and won ($149.4) with Pair of Kings and Pair of Nines



Poker Hand #ring_900290635: NLH No Limit ($2/$4) - 2025/05/26 22:09:47
Table 'MR NLH 2/4' 7-max Seat #4 is the button
Seat 6: aec19e78 ($381 in chips)
Seat 2: aa2ec619 ($341.24 in chips)
Seat 1: b1d56263 ($837.13 in chips)
Seat 3: a376ef26 ($840.54 in chips)
Seat 7: 397d8950 ($590.62 in chips)
Seat 4: Hero ($442.88 in chips)
Seat 5: bf6ded18 ($477.1 in chips)
bf6ded18: posts small blind $2
aec19e78: posts big blind $4
397d8950: posts big blind $4
*** HOLE CARDS ***
Dealt to aec19e78 
Dealt to aa2ec619 
Dealt to b1d56263 
Dealt to a376ef26 
Dealt to 397d8950 
Dealt to Hero [5s 6s]
Dealt to bf6ded18 
397d8950: checks
b1d56263: folds
aa2ec619: calls $4
a376ef26: folds
Hero: raises $12.28 to $16.28
bf6ded18: folds
aec19e78: folds
397d8950: calls $12.28
aa2ec619: calls $12.28
*** FLOP *** [Tc 2s Qd]
397d8950: checks
aa2ec619: bets $18.09
Hero: folds
397d8950: calls $18.09
*** TURN *** [Tc 2s Qd] [8d]
397d8950: checks
aa2ec619: bets $91.02
397d8950: folds
Uncalled bet ($91.02) returned to aa2ec619
*** SHOWDOWN ***
aa2ec619 collected $91.02 from pot
*** SUMMARY ***
Total pot $91.02
Board [Tc 2s Qd 8d]
Seat 6: aec19e78(big blind) folded before Flop
Seat 2: aa2ec619won ($91.02) with Pair of Tens and Pair of Eights
Seat 1: b1d56263 folded before Flop (didn't bet)
Seat 3: a376ef26 folded before Flop (didn't bet)
Seat 7: 397d8950 folded on the Turn
Seat 4: Hero folded on the Flop
Seat 5: bf6ded18(small blind) folded before Flop



Poker Hand #ring_900289585: NLH No Limit ($2/$4) - 2025/05/26 22:09:12
Table 'MR NLH 2/4' 7-max Seat #3 is the button
Seat 6: aec19e78 ($381 in chips)
Seat 2: aa2ec619 ($335.24 in chips)
Seat 1: b1d56263 ($837.13 in chips)
Seat 3: a376ef26 ($840.54 in chips)
Seat 4: Hero ($444.88 in chips)
Seat 5: bf6ded18 ($481.1 in chips)
Hero: posts small blind $2
bf6ded18: posts big blind $4
*** HOLE CARDS ***
Dealt to aec19e78 
Dealt to aa2ec619 
Dealt to b1d56263 
Dealt to a376ef26 
Dealt to Hero [Ts 2h]
Dealt to bf6ded18 
aec19e78: folds
b1d56263: folds
aa2ec619: raises $10 to $14
a376ef26: folds
Hero: folds
bf6ded18: folds
Uncalled bet ($10) returned to aa2ec619
*** SHOWDOWN ***
aa2ec619 collected $10 from pot
*** SUMMARY ***
Total pot $10
Seat 6: aec19e78 folded before Flop (didn't bet)
Seat 2: aa2ec619won ($10)
Seat 1: b1d56263 folded before Flop (didn't bet)
Seat 3: a376ef26 folded before Flop (didn't bet)
Seat 4: Hero(small blind) folded before Flop
Seat 5: bf6ded18(big blind) folded before Flop



Poker Hand #ring_900287923: NLH No Limit ($2/$4) - 2025/05/26 22:08:17
Table 'MR NLH 2/4' 7-max Seat #2 is the button
Seat 7: 94c7ce66 ($1,191.24 in chips)
Seat 6: aec19e78 ($191 in chips)
Seat 2: aa2ec619 ($526.24 in chips)
Seat 1: b1d56263 ($837.13 in chips)
Seat 3: a376ef26 ($842.54 in chips)
Seat 4: Hero ($448.88 in chips)
Seat 5: bf6ded18 ($493.1 in chips)
a376ef26: posts small blind $2
Hero: posts big blind $4
*** HOLE CARDS ***
Dealt to 94c7ce66 
Dealt to aec19e78 
Dealt to aa2ec619 
Dealt to b1d56263 
Dealt to a376ef26 
Dealt to Hero [7s 5h]
Dealt to bf6ded18 
bf6ded18: raises $8 to $12
aec19e78: raises $179 to $191 and is all-in
94c7ce66: folds
b1d56263: folds
aa2ec619: calls $191
a376ef26: folds
Hero: folds
bf6ded18: folds
aa2ec619: shows [Ts Tc]
aec19e78: shows [Jc Js]
*** FIRST FLOP *** [6d Kh 5s]
*** SECOND FLOP *** [4c 7c 8d]
*** FIRST TURN *** [6d Kh 5s] [2c]
*** SECOND TURN *** [4c 7c 8d] [9h]
*** FIRST RIVER *** [6d Kh 5s 2c] [3d]
*** SECOND RIVER *** [4c 7c 8d 9h] [7d]
*** FIRST SHOWDOWN ***
aec19e78 collected $200.5 from pot
*** SECOND SHOWDOWN ***
aec19e78 collected $199.5 from pot
*** SUMMARY ***
Total pot $400
Hand was run two timesFIRST Board [6d Kh 5s 2c 3d]
SECOND Board [4c 7c 8d 9h 7d]
Seat 7: 94c7ce66 folded before Flop (didn't bet)
Seat 6: aec19e78 showed [Jc Js] and won ($400) with Pair of Jacks / Pair of Jacks and Pair of Sevens
Seat 2: aa2ec619 showed [Ts Tc] and lost with Pair of Tens / Pair of Tens and Pair of Sevens
Seat 1: b1d56263 folded before Flop (didn't bet)
Seat 3: a376ef26(small blind) folded before Flop
Seat 4: Hero(big blind) folded before Flop
Seat 5: bf6ded18 folded before Flop



Poker Hand #ring_900286928: NLH No Limit ($2/$4) - 2025/05/26 22:07:44
Table 'MR NLH 2/4' 7-max Seat #1 is the button
Seat 7: 94c7ce66 ($1,197.24 in chips)
Seat 6: aec19e78 ($191 in chips)
Seat 2: aa2ec619 ($528.24 in chips)
Seat 1: b1d56263 ($837.13 in chips)
Seat 3: a376ef26 ($846.54 in chips)
Seat 4: Hero ($436.88 in chips)
Seat 5: bf6ded18 ($493.1 in chips)
aa2ec619: posts small blind $2
a376ef26: posts big blind $4
94c7ce66: posts big blind $4
94c7ce66: posts small blind $2
*** HOLE CARDS ***
Dealt to 94c7ce66 
Dealt to aec19e78 
Dealt to aa2ec619 
Dealt to b1d56263 
Dealt to a376ef26 
Dealt to Hero [Qd Ah]
Dealt to bf6ded18 
Hero: raises $8 to $12
bf6ded18: folds
aec19e78: folds
94c7ce66: folds
b1d56263: folds
aa2ec619: folds
a376ef26: folds
Uncalled bet ($8) returned to Hero
*** SHOWDOWN ***
Hero collected $16 from pot
*** SUMMARY ***
Total pot $14
Seat 7: 94c7ce66 folded before Flop
Seat 6: aec19e78 folded before Flop (didn't bet)
Seat 2: aa2ec619(small blind) folded before Flop
Seat 1: b1d56263 folded before Flop (didn't bet)
Seat 3: a376ef26(big blind) folded before Flop
Seat 4: Herowon ($16)
Seat 5: bf6ded18 folded before Flop (didn't bet)



Poker Hand #ring_900285209: NLH No Limit ($2/$4) - 2025/05/26 22:06:47
Table 'MR NLH 2/4' 7-max Seat #6 is the button
Seat 6: aec19e78 ($201 in chips)
Seat 2: aa2ec619 ($532.24 in chips)
Seat 1: b1d56263 ($839.13 in chips)
Seat 3: a376ef26 ($822.16 in chips)
Seat 4: Hero ($436.88 in chips)
Seat 5: bf6ded18 ($503.1 in chips)
b1d56263: posts small blind $2
aa2ec619: posts big blind $4
*** HOLE CARDS ***
Dealt to aec19e78 
Dealt to aa2ec619 
Dealt to b1d56263 
Dealt to a376ef26 
Dealt to Hero [Qs 2c]
Dealt to bf6ded18 
a376ef26: raises $6 to $10
Hero: folds
bf6ded18: calls $10
aec19e78: calls $10
b1d56263: folds
aa2ec619: folds
*** FLOP *** [2h 8h 8c]
a376ef26: checks
bf6ded18: checks
aec19e78: checks
*** TURN *** [2h 8h 8c] [As]
a376ef26: bets $23.76
bf6ded18: folds
aec19e78: folds
Uncalled bet ($23.76) returned to a376ef26
*** SHOWDOWN ***
a376ef26 collected $36 from pot
*** SUMMARY ***
Total pot $36
Board [2h 8h 8c As]
Seat 6: aec19e78 folded on the Turn
Seat 2: aa2ec619(big blind) folded before Flop
Seat 1: b1d56263(small blind) folded before Flop
Seat 3: a376ef26won ($36) with Pair of Eights
Seat 4: Hero folded before Flop (didn't bet)
Seat 5: bf6ded18 folded on the Turn



Poker Hand #ring_900283849: NLH No Limit ($2/$4) - 2025/05/26 22:06:02
Table 'MR NLH 2/4' 7-max Seat #5 is the button
Seat 6: aec19e78 ($205 in chips)
Seat 2: aa2ec619 ($532.24 in chips)
Seat 1: b1d56263 ($835.49 in chips)
Seat 3: a376ef26 ($822.16 in chips)
Seat 4: Hero ($436.88 in chips)
Seat 5: bf6ded18 ($503.1 in chips)
aec19e78: posts small blind $2
b1d56263: posts big blind $4
*** HOLE CARDS ***
Dealt to aec19e78 
Dealt to aa2ec619 
Dealt to b1d56263 
Dealt to a376ef26 
Dealt to Hero [2c 3s]
Dealt to bf6ded18 
aa2ec619: folds
a376ef26: folds
Hero: folds
bf6ded18: folds
aec19e78: calls $2
b1d56263: checks
*** FLOP *** [8d Td 6h]
aec19e78: checks
b1d56263: bets $4
aec19e78: folds
Uncalled bet ($4) returned to b1d56263
*** SHOWDOWN ***
b1d56263 collected $8 from pot
*** SUMMARY ***
Total pot $8
Board [8d Td 6h]
Seat 6: aec19e78(small blind) folded on the Flop
Seat 2: aa2ec619 folded before Flop (didn't bet)
Seat 1: b1d56263(big blind)won ($8) with Ten-High
Seat 3: a376ef26 folded before Flop (didn't bet)
Seat 4: Hero folded before Flop (didn't bet)
Seat 5: bf6ded18 folded before Flop (didn't bet)



Poker Hand #ring_900281835: NLH No Limit ($2/$4) - 2025/05/26 22:04:55
Table 'MR NLH 2/4' 7-max Seat #4 is the button
Seat 6: aec19e78 ($237.8 in chips)
Seat 2: aa2ec619 ($532.24 in chips)
Seat 1: b1d56263 ($835.49 in chips)
Seat 3: a376ef26 ($822.16 in chips)
Seat 4: Hero ($406.12 in chips)
Seat 5: bf6ded18 ($505.1 in chips)
bf6ded18: posts small blind $2
aec19e78: posts big blind $4
*** HOLE CARDS ***
Dealt to aec19e78 
Dealt to aa2ec619 
Dealt to b1d56263 
Dealt to a376ef26 
Dealt to Hero [4d Ad]
Dealt to bf6ded18 
b1d56263: folds
aa2ec619: folds
a376ef26: folds
Hero: raises $8 to $12
bf6ded18: folds
aec19e78: calls $8
*** FLOP *** [5d Th 6d]
aec19e78: checks
Hero: bets $20.8
aec19e78: calls $20.8
*** TURN *** [5d Th 6d] [8c]
aec19e78: checks
Hero: bets $58.08
aec19e78: folds
Uncalled bet ($58.08) returned to Hero
*** SHOWDOWN ***
Hero collected $67.6 from pot
*** SUMMARY ***
Total pot $67.6
Board [5d Th 6d 8c]
Seat 6: aec19e78(big blind) folded on the Turn
Seat 2: aa2ec619 folded before Flop (didn't bet)
Seat 1: b1d56263 folded before Flop (didn't bet)
Seat 3: a376ef26 folded before Flop (didn't bet)
Seat 4: Herowon ($67.6) with Ace-High
Seat 5: bf6ded18(small blind) folded before Flop



Poker Hand #ring_900279376: NLH No Limit ($2/$4) - 2025/05/26 22:03:33
Table 'MR NLH 2/4' 7-max Seat #3 is the button
Seat 6: aec19e78 ($257.8 in chips)
Seat 2: aa2ec619 ($532.24 in chips)
Seat 1: b1d56263 ($835.49 in chips)
Seat 3: a376ef26 ($842.16 in chips)
Seat 4: Hero ($366 in chips)
Seat 5: bf6ded18 ($509.1 in chips)
Hero: posts small blind $2
bf6ded18: posts big blind $4
*** HOLE CARDS ***
Dealt to aec19e78 
Dealt to aa2ec619 
Dealt to b1d56263 
Dealt to a376ef26 
Dealt to Hero [Qc Ah]
Dealt to bf6ded18 
aec19e78: calls $4
b1d56263: folds
aa2ec619: folds
a376ef26: raises $16 to $20
Hero: calls $18
bf6ded18: folds
aec19e78: calls $16
*** FLOP *** [2h 7s 6c]
Hero: checks
aec19e78: checks
a376ef26: checks
*** TURN *** [2h 7s 6c] [Kh]
Hero: bets $51.2
aec19e78: folds
a376ef26: folds
Uncalled bet ($51.2) returned to Hero
*** SHOWDOWN ***
Hero collected $64 from pot
*** SUMMARY ***
Total pot $64
Board [2h 7s 6c Kh]
Seat 6: aec19e78 folded on the Turn
Seat 2: aa2ec619 folded before Flop (didn't bet)
Seat 1: b1d56263 folded before Flop (didn't bet)
Seat 3: a376ef26 folded on the Turn
Seat 4: Hero(small blind)won ($64) with Ace-High
Seat 5: bf6ded18(big blind) folded before Flop



Poker Hand #ring_900278575: NLH No Limit ($2/$4) - 2025/05/26 22:03:07
Table 'MR NLH 2/4' 7-max Seat #2 is the button
Seat 6: aec19e78 ($257.8 in chips)
Seat 2: aa2ec619 ($532.24 in chips)
Seat 1: b1d56263 ($835.49 in chips)
Seat 3: a376ef26 ($844.16 in chips)
Seat 4: Hero ($364 in chips)
Seat 5: bf6ded18 ($509.1 in chips)
a376ef26: posts small blind $2
Hero: posts big blind $4
*** HOLE CARDS ***
Dealt to aec19e78 
Dealt to aa2ec619 
Dealt to b1d56263 
Dealt to a376ef26 
Dealt to Hero [Qd Ac]
Dealt to bf6ded18 
bf6ded18: folds
aec19e78: folds
b1d56263: folds
aa2ec619: folds
a376ef26: folds
*** SHOWDOWN ***
Hero collected $6 from pot
*** SUMMARY ***
Total pot $6
Seat 6: aec19e78 folded before Flop (didn't bet)
Seat 2: aa2ec619 folded before Flop (didn't bet)
Seat 1: b1d56263 folded before Flop (didn't bet)
Seat 3: a376ef26(small blind) folded before Flop
Seat 4: Hero(big blind)won ($6)
Seat 5: bf6ded18 folded before Flop (didn't bet)



Poker Hand #ring_900277006: NLH No Limit ($2/$4) - 2025/05/26 22:02:14
Table 'MR NLH 2/4' 7-max Seat #1 is the button
Seat 6: aec19e78 ($248.43 in chips)
Seat 2: aa2ec619 ($534.24 in chips)
Seat 1: b1d56263 ($835.49 in chips)
Seat 3: a376ef26 ($848.16 in chips)
Seat 4: Hero ($364 in chips)
Seat 5: bf6ded18 ($513.1 in chips)
aa2ec619: posts small blind $2
a376ef26: posts big blind $4
*** HOLE CARDS ***
Dealt to aec19e78 
Dealt to aa2ec619 
Dealt to b1d56263 
Dealt to a376ef26 
Dealt to Hero [3s 7c]
Dealt to bf6ded18 
Hero: folds
bf6ded18: calls $4
aec19e78: calls $4
b1d56263: folds
aa2ec619: folds
a376ef26: checks
*** FLOP *** [Qs 9d Kc]
a376ef26: checks
bf6ded18: checks
aec19e78: bets $7
a376ef26: folds
bf6ded18: folds
Uncalled bet ($7) returned to aec19e78
*** SHOWDOWN ***
aec19e78 collected $14 from pot
*** SUMMARY ***
Total pot $14
Board [Qs 9d Kc]
Seat 6: aec19e78won ($14) with Pair of Queens
Seat 2: aa2ec619(small blind) folded before Flop
Seat 1: b1d56263 folded before Flop (didn't bet)
Seat 3: a376ef26(big blind) folded on the Flop
Seat 4: Hero folded before Flop (didn't bet)
Seat 5: bf6ded18 folded on the Flop



Poker Hand #ring_900275881: NLH No Limit ($2/$4) - 2025/05/26 22:01:37
Table 'MR NLH 2/4' 7-max Seat #6 is the button
Seat 6: aec19e78 ($248.43 in chips)
Seat 2: aa2ec619 ($538.24 in chips)
Seat 1: b1d56263 ($837.49 in chips)
Seat 3: a376ef26 ($848.16 in chips)
Seat 4: Hero ($376 in chips)
Seat 5: bf6ded18 ($379.1 in chips)
b1d56263: posts small blind $2
aa2ec619: posts big blind $4
*** HOLE CARDS ***
Dealt to aec19e78 
Dealt to aa2ec619 
Dealt to b1d56263 
Dealt to a376ef26 
Dealt to Hero [7c 6c]
Dealt to bf6ded18 
a376ef26: folds
Hero: raises $8 to $12
bf6ded18: raises $30 to $42
aec19e78: folds
b1d56263: folds
aa2ec619: folds
Hero: folds
Uncalled bet ($30) returned to bf6ded18
*** SHOWDOWN ***
bf6ded18 collected $30 from pot
*** SUMMARY ***
Total pot $30
Seat 6: aec19e78 folded before Flop (didn't bet)
Seat 2: aa2ec619(big blind) folded before Flop
Seat 1: b1d56263(small blind) folded before Flop
Seat 3: a376ef26 folded before Flop (didn't bet)
Seat 4: Hero folded before Flop
Seat 5: bf6ded18won ($30)



Poker Hand #ring_900274932: NLH No Limit ($2/$4) - 2025/05/26 22:01:05
Table 'MR NLH 2/4' 7-max Seat #5 is the button
Seat 6: aec19e78 ($250.43 in chips)
Seat 2: aa2ec619 ($538.24 in chips)
Seat 1: b1d56263 ($835.49 in chips)
Seat 3: a376ef26 ($848.16 in chips)
Seat 4: Hero ($376 in chips)
Seat 5: bf6ded18 ($379.1 in chips)
aec19e78: posts small blind $2
b1d56263: posts big blind $4
*** HOLE CARDS ***
Dealt to aec19e78 
Dealt to aa2ec619 
Dealt to b1d56263 
Dealt to a376ef26 
Dealt to Hero [8s 3s]
Dealt to bf6ded18 
aa2ec619: folds
a376ef26: folds
Hero: folds
bf6ded18: folds
aec19e78: folds
*** SHOWDOWN ***
b1d56263 collected $6 from pot
*** SUMMARY ***
Total pot $6
Seat 6: aec19e78(small blind) folded before Flop
Seat 2: aa2ec619 folded before Flop (didn't bet)
Seat 1: b1d56263(big blind)won ($6)
Seat 3: a376ef26 folded before Flop (didn't bet)
Seat 4: Hero folded before Flop (didn't bet)
Seat 5: bf6ded18 folded before Flop (didn't bet)



Poker Hand #ring_900274053: NLH No Limit ($2/$4) - 2025/05/26 22:00:36
Table 'MR NLH 2/4' 7-max Seat #4 is the button
Seat 7: 94c7ce66 ($1,197.24 in chips)
Seat 6: aec19e78 ($254.43 in chips)
Seat 2: aa2ec619 ($538.24 in chips)
Seat 1: b1d56263 ($835.49 in chips)
Seat 3: a376ef26 ($848.16 in chips)
Seat 4: Hero ($370 in chips)
Seat 5: bf6ded18 ($381.1 in chips)
bf6ded18: posts small blind $2
aec19e78: posts big blind $4
*** HOLE CARDS ***
Dealt to 94c7ce66 
Dealt to aec19e78 
Dealt to aa2ec619 
Dealt to b1d56263 
Dealt to a376ef26 
Dealt to Hero [Th Qd]
Dealt to bf6ded18 
94c7ce66: folds
b1d56263: folds
aa2ec619: folds
a376ef26: folds
Hero: raises $8 to $12
bf6ded18: folds
aec19e78: folds
Uncalled bet ($8) returned to Hero
*** SHOWDOWN ***
Hero collected $10 from pot
*** SUMMARY ***
Total pot $10
Seat 7: 94c7ce66 folded before Flop (didn't bet)
Seat 6: aec19e78(big blind) folded before Flop
Seat 2: aa2ec619 folded before Flop (didn't bet)
Seat 1: b1d56263 folded before Flop (didn't bet)
Seat 3: a376ef26 folded before Flop (didn't bet)
Seat 4: Herowon ($10)
Seat 5: bf6ded18(small blind) folded before Flop



Poker Hand #ring_900270415: NLH No Limit ($2/$4) - 2025/05/26 21:58:31
Table 'MR NLH 2/4' 7-max Seat #3 is the button
Seat 7: 94c7ce66 ($1,099.05 in chips)
Seat 6: aec19e78 ($254.43 in chips)
Seat 2: aa2ec619 ($538.24 in chips)
Seat 1: b1d56263 ($835.49 in chips)
Seat 3: a376ef26 ($848.16 in chips)
Seat 4: Hero ($372 in chips)
Seat 5: bf6ded18 ($488 in chips)
Hero: posts small blind $2
bf6ded18: posts big blind $4
*** HOLE CARDS ***
Dealt to 94c7ce66 
Dealt to aec19e78 
Dealt to aa2ec619 
Dealt to b1d56263 
Dealt to a376ef26 
Dealt to Hero [3s 8c]
Dealt to bf6ded18 
aec19e78: folds
94c7ce66: raises $8 to $12
b1d56263: folds
aa2ec619: folds
a376ef26: folds
Hero: folds
bf6ded18: calls $8
*** FLOP *** [Ks Td 7d]
bf6ded18: checks
94c7ce66: bets $13
bf6ded18: raises $17.16 to $30.16
94c7ce66: calls $17.16
*** TURN *** [Ks Td 7d] [8h]
bf6ded18: bets $64.74
94c7ce66: calls $64.74
*** RIVER *** [Ks Td 7d 8h] [7h]
bf6ded18: checks
94c7ce66: bets $107.9
bf6ded18: folds
Uncalled bet ($107.9) returned to 94c7ce66
*** SHOWDOWN ***
94c7ce66 collected $215.8 from pot
*** SUMMARY ***
Total pot $215.8
Board [Ks Td 7d 8h 7h]
Seat 7: 94c7ce66won ($215.8) with Pair of Sevens
Seat 6: aec19e78 folded before Flop (didn't bet)
Seat 2: aa2ec619 folded before Flop (didn't bet)
Seat 1: b1d56263 folded before Flop (didn't bet)
Seat 3: a376ef26 folded before Flop (didn't bet)
Seat 4: Hero(small blind) folded before Flop
Seat 5: bf6ded18(big blind) folded on the River



Poker Hand #ring_900269209: NLH No Limit ($2/$4) - 2025/05/26 21:57:51
Table 'MR NLH 2/4' 7-max Seat #2 is the button
Seat 7: 94c7ce66 ($1,086.22 in chips)
Seat 6: aec19e78 ($254.43 in chips)
Seat 2: aa2ec619 ($538.24 in chips)
Seat 1: b1d56263 ($835.49 in chips)
Seat 3: a376ef26 ($850.16 in chips)
Seat 4: Hero ($384 in chips)
a376ef26: posts small blind $2
Hero: posts big blind $4
*** HOLE CARDS ***
Dealt to 94c7ce66 
Dealt to aec19e78 
Dealt to aa2ec619 
Dealt to b1d56263 
Dealt to a376ef26 
Dealt to Hero [7c 6c]
aec19e78: folds
94c7ce66: raises $8 to $12
b1d56263: folds
aa2ec619: folds
a376ef26: folds
Hero: calls $8
*** FLOP *** [Qs Kh 4h]
Hero: checks
94c7ce66: bets $19.5
Hero: folds
Uncalled bet ($19.5) returned to 94c7ce66
*** SHOWDOWN ***
94c7ce66 collected $26 from pot
*** SUMMARY ***
Total pot $26
Board [Qs Kh 4h]
Seat 7: 94c7ce66won ($26) with Pair of Kings
Seat 6: aec19e78 folded before Flop (didn't bet)
Seat 2: aa2ec619 folded before Flop (didn't bet)
Seat 1: b1d56263 folded before Flop (didn't bet)
Seat 3: a376ef26(small blind) folded before Flop
Seat 4: Hero(big blind) folded on the Flop



