Poker Hand #ring_898791244: NLH No Limit ($2/$4) - 2025/05/26 01:49:36
Table 'MR NLH 2/4' 7-max Seat #4 is the button
Seat 4: 5d31b37 ($1,082.2 in chips)
Seat 7: 4782789b ($1,284.46 in chips)
Seat 1: 437588ac ($234.37 in chips)
Seat 2: Hero ($59.78 in chips)
4782789b: posts small blind $2
437588ac: posts big blind $4
*** HOLE CARDS ***
Dealt to 5d31b37 
Dealt to 4782789b 
Dealt to 437588ac 
Dealt to Hero [6d 3d]
Hero: folds
5d31b37: folds
4782789b: folds
*** SHOWDOWN ***
437588ac collected $6 from pot
*** SUMMARY ***
Total pot $6
Seat 4: 5d31b37 folded before Flop (didn't bet)
Seat 7: 4782789b(small blind) folded before Flop
Seat 1: 437588ac(big blind)won ($6)
Seat 2: Hero folded before Flop (didn't bet)



Poker Hand #ring_898789314: NLH No Limit ($2/$4) - 2025/05/26 01:48:25
Table 'MR NLH 2/4' 7-max Seat #2 is the button
Seat 4: 5d31b37 ($1,084.2 in chips)
Seat 7: 4782789b ($1,271.63 in chips)
Seat 1: 437588ac ($246.37 in chips)
Seat 2: Hero ($59.78 in chips)
5d31b37: posts small blind $2
4782789b: posts big blind $4
*** HOLE CARDS ***
Dealt to 5d31b37 
Dealt to 4782789b 
Dealt to 437588ac 
Dealt to Hero [5c 8s]
437588ac: calls $4
Hero: folds
5d31b37: folds
4782789b: checks
*** FLOP *** [4c Tc Jh]
4782789b: checks
437588ac: checks
*** TURN *** [4c Tc Jh] [7s]
4782789b: bets $8
437588ac: calls $8
*** RIVER *** [4c Tc Jh 7s] [Jc]
4782789b: bets $16
437588ac: folds
Uncalled bet ($16) returned to 4782789b
*** SHOWDOWN ***
4782789b collected $26 from pot
*** SUMMARY ***
Total pot $26
Board [4c Tc Jh 7s Jc]
Seat 4: 5d31b37(small blind) folded before Flop
Seat 7: 4782789b(big blind)won ($26) with Pair of Jacks
Seat 1: 437588ac folded on the River
Seat 2: Hero folded before Flop (didn't bet)



Poker Hand #ring_898787302: NLH No Limit ($2/$4) - 2025/05/26 01:47:13
Table 'MR NLH 2/4' 7-max Seat #1 is the button
Seat 4: 5d31b37 ($1,033.52 in chips)
Seat 7: 4782789b ($1,271.63 in chips)
Seat 1: 437588ac ($262.37 in chips)
Seat 2: Hero ($99.78 in chips)
Hero: posts small blind $2
5d31b37: posts big blind $4
*** HOLE CARDS ***
Dealt to 5d31b37 
Dealt to 4782789b 
Dealt to 437588ac 
Dealt to Hero [4c 5h]
4782789b: folds
437588ac: calls $4
Hero: calls $2
5d31b37: checks
*** FLOP *** [8d 2s 7h]
Hero: checks
5d31b37: bets $12
437588ac: calls $12
Hero: calls $12
*** TURN *** [8d 2s 7h] [Jc]
Hero: checks
5d31b37: checks
437588ac: checks
*** RIVER *** [8d 2s 7h Jc] [Kh]
Hero: bets $24
5d31b37: raises $64 to $88
437588ac: folds
Hero: folds
Uncalled bet ($64) returned to 5d31b37
*** SHOWDOWN ***
5d31b37 collected $96 from pot
*** SUMMARY ***
Total pot $96
Board [8d 2s 7h Jc Kh]
Seat 4: 5d31b37(big blind)won ($96) with Pair of Sevens and Pair of Twos
Seat 7: 4782789b folded before Flop (didn't bet)
Seat 1: 437588ac folded on the River
Seat 2: Hero(small blind) folded on the River



Poker Hand #ring_898785535: NLH No Limit ($2/$4) - 2025/05/26 01:46:08
Table 'MR NLH 2/4' 7-max Seat #7 is the button
Seat 4: 5d31b37 ($1,033.52 in chips)
Seat 7: 4782789b ($1,271.63 in chips)
Seat 1: 437588ac ($270.37 in chips)
Seat 2: Hero ($92.5 in chips)
437588ac: posts small blind $2
Hero: posts big blind $4
*** HOLE CARDS ***
Dealt to 5d31b37 
Dealt to 4782789b 
Dealt to 437588ac 
Dealt to Hero [6h 4c]
5d31b37: folds
4782789b: folds
437588ac: calls $2
Hero: checks
*** FLOP *** [5c 2d 9h]
437588ac: checks
Hero: bets $4
437588ac: calls $4
*** TURN *** [5c 2d 9h] [Ts]
437588ac: checks
Hero: checks
*** RIVER *** [5c 2d 9h Ts] [9s]
437588ac: checks
Hero: bets $8
437588ac: folds
Uncalled bet ($8) returned to Hero
*** SHOWDOWN ***
Hero collected $16 from pot
*** SUMMARY ***
Total pot $16
Board [5c 2d 9h Ts 9s]
Seat 4: 5d31b37 folded before Flop (didn't bet)
Seat 7: 4782789b folded before Flop (didn't bet)
Seat 1: 437588ac(small blind) folded on the River
Seat 2: Hero(big blind)won ($16) with Pair of Nines



Poker Hand #ring_898784777: NLH No Limit ($2/$4) - 2025/05/26 01:45:41
Table 'MR NLH 2/4' 7-max Seat #4 is the button
Seat 4: 5d31b37 ($1,033.52 in chips)
Seat 7: 4782789b ($1,260.71 in chips)
Seat 1: 437588ac ($282.37 in chips)
Seat 2: Hero ($92.5 in chips)
4782789b: posts small blind $2
437588ac: posts big blind $4
*** HOLE CARDS ***
Dealt to 5d31b37 
Dealt to 4782789b 
Dealt to 437588ac 
Dealt to Hero [4c 7h]
Hero: folds
5d31b37: folds
4782789b: raises $8 to $12
437588ac: calls $8
*** FLOP *** [Qh Qc 5c]
4782789b: bets $16
437588ac: folds
Uncalled bet ($16) returned to 4782789b
*** SHOWDOWN ***
4782789b collected $24 from pot
*** SUMMARY ***
Total pot $24
Board [Qh Qc 5c]
Seat 4: 5d31b37 folded before Flop (didn't bet)
Seat 7: 4782789b(small blind)won ($24) with Pair of Queens
Seat 1: 437588ac(big blind) folded on the Flop
Seat 2: Hero folded before Flop (didn't bet)



Poker Hand #ring_898784423: NLH No Limit ($2/$4) - 2025/05/26 01:45:28
Table 'MR NLH 2/4' 7-max Seat #2 is the button
Seat 4: 5d31b37 ($1,035.52 in chips)
Seat 7: 4782789b ($1,258.71 in chips)
Seat 1: 437588ac ($282.37 in chips)
Seat 2: Hero ($92.5 in chips)
5d31b37: posts small blind $2
4782789b: posts big blind $4
*** HOLE CARDS ***
Dealt to 5d31b37 
Dealt to 4782789b 
Dealt to 437588ac 
Dealt to Hero [8c 3s]
437588ac: folds
Hero: folds
5d31b37: folds
*** SHOWDOWN ***
4782789b collected $6 from pot
*** SUMMARY ***
Total pot $6
Seat 4: 5d31b37(small blind) folded before Flop
Seat 7: 4782789b(big blind)won ($6)
Seat 1: 437588ac folded before Flop (didn't bet)
Seat 2: Hero folded before Flop (didn't bet)



Poker Hand #ring_898783040: NLH No Limit ($2/$4) - 2025/05/26 01:44:36
Table 'MR NLH 2/4' 7-max Seat #1 is the button
Seat 4: 5d31b37 ($1,084.47 in chips)
Seat 7: 4782789b ($1,258.71 in chips)
Seat 1: 437588ac ($282.37 in chips)
Seat 2: Hero ($48.95 in chips)
Hero: posts small blind $2
5d31b37: posts big blind $4
*** HOLE CARDS ***
Dealt to 5d31b37 
Dealt to 4782789b 
Dealt to 437588ac 
Dealt to Hero [6s As]
4782789b: folds
437588ac: folds
Hero: raises $6 to $10
5d31b37: raises $50 to $60
Hero: calls $38.95 and is all-in
Uncalled bet ($11.05) returned to 5d31b37
Hero: shows [6s As]
5d31b37: shows [3c 3h]
*** FLOP *** [Ks 9h 8d]
*** TURN *** [Ks 9h 8d] [Js]
*** RIVER *** [Ks 9h 8d Js] [6h]
*** SHOWDOWN ***
Hero collected $97.9 from pot
*** SUMMARY ***
Total pot $97.9
Board [Ks 9h 8d Js 6h]
Seat 4: 5d31b37(big blind) showed [3c 3h] and lost with Pair of Treys
Seat 7: 4782789b folded before Flop (didn't bet)
Seat 1: 437588ac folded before Flop (didn't bet)
Seat 2: Hero(small blind) showed [6s As] and won ($97.9) with Pair of Sixes



Poker Hand #ring_898780405: NLH No Limit ($2/$4) - 2025/05/26 01:43:01
Table 'MR NLH 2/4' 7-max Seat #7 is the button
Seat 4: 5d31b37 ($1,105.27 in chips)
Seat 7: 4782789b ($1,223.97 in chips)
Seat 1: 437588ac ($291.17 in chips)
Seat 2: Hero ($57.75 in chips)
437588ac: posts small blind $2
Hero: posts big blind $4
*** HOLE CARDS ***
Dealt to 5d31b37 
Dealt to 4782789b 
Dealt to 437588ac 
Dealt to Hero [Kh 6s]
5d31b37: raises $4.8 to $8.8
4782789b: calls $8.8
437588ac: calls $6.8
Hero: calls $4.8
*** FLOP *** [5h Td As]
437588ac: checks
Hero: checks
5d31b37: checks
4782789b: bets $12
437588ac: folds
Hero: folds
5d31b37: calls $12
*** TURN *** [5h Td As] [Ks]
5d31b37: checks
4782789b: bets $40
5d31b37: folds
Uncalled bet ($40) returned to 4782789b
*** SHOWDOWN ***
4782789b collected $59.2 from pot
*** SUMMARY ***
Total pot $59.2
Board [5h Td As Ks]
Seat 4: 5d31b37 folded on the Turn
Seat 7: 4782789bwon ($59.2) with Pair of Twos
Seat 1: 437588ac(small blind) folded on the Flop
Seat 2: Hero(big blind) folded on the Flop



Poker Hand #ring_898779660: NLH No Limit ($2/$4) - 2025/05/26 01:42:33
Table 'MR NLH 2/4' 7-max Seat #4 is the button
Seat 4: 5d31b37 ($1,105.27 in chips)
Seat 7: 4782789b ($1,213.05 in chips)
Seat 1: 437588ac ($303.17 in chips)
Seat 2: Hero ($57.75 in chips)
4782789b: posts small blind $2
437588ac: posts big blind $4
*** HOLE CARDS ***
Dealt to 5d31b37 
Dealt to 4782789b 
Dealt to 437588ac 
Dealt to Hero [9c 6s]
Hero: folds
5d31b37: folds
4782789b: raises $8 to $12
437588ac: calls $8
*** FLOP *** [8d 8c Kc]
4782789b: bets $16
437588ac: folds
Uncalled bet ($16) returned to 4782789b
*** SHOWDOWN ***
4782789b collected $24 from pot
*** SUMMARY ***
Total pot $24
Board [8d 8c Kc]
Seat 4: 5d31b37 folded before Flop (didn't bet)
Seat 7: 4782789b(small blind)won ($24) with Pair of Eights
Seat 1: 437588ac(big blind) folded on the Flop
Seat 2: Hero folded before Flop (didn't bet)



Poker Hand #ring_898778234: NLH No Limit ($2/$4) - 2025/05/26 01:41:42
Table 'MR NLH 2/4' 7-max Seat #2 is the button
Seat 4: 5d31b37 ($1,107.27 in chips)
Seat 7: 4782789b ($1,217.05 in chips)
Seat 1: 437588ac ($156.25 in chips)
Seat 2: Hero ($214 in chips)
5d31b37: posts small blind $2
4782789b: posts big blind $4
*** HOLE CARDS ***
Dealt to 5d31b37 
Dealt to 4782789b 
Dealt to 437588ac 
Dealt to Hero [Td Ts]
437588ac: raises $10 to $14
Hero: raises $27.2 to $41.2
5d31b37: folds
4782789b: folds
437588ac: calls $27.2
*** FLOP *** [2c Qh 6s]
437588ac: checks
Hero: bets $44.2
437588ac: calls $44.2
*** TURN *** [2c Qh 6s] [6h]
437588ac: checks
Hero: bets $128.6 and is all-in
437588ac: calls $70.85 and is all-in
Uncalled bet ($57.75) returned to Hero
437588ac: shows [Qs Kc]
Hero: shows [Td Ts]
*** RIVER *** [2c Qh 6s 6h] [5d]
*** SHOWDOWN ***
437588ac collected $318.5 from pot
*** SUMMARY ***
Total pot $318.5
Board [2c Qh 6s 6h 5d]
Seat 4: 5d31b37(small blind) folded before Flop
Seat 7: 4782789b(big blind) folded before Flop
Seat 1: 437588ac showed [Qs Kc] and won ($318.5) with Pair of Queens and Pair of Sixes
Seat 2: Hero showed [Td Ts] and lost with Pair of Tens and Pair of Sixes



Poker Hand #ring_898777581: NLH No Limit ($2/$4) - 2025/05/26 01:41:18
Table 'MR NLH 2/4' 7-max Seat #1 is the button
Seat 4: 5d31b37 ($1,111.27 in chips)
Seat 7: 4782789b ($1,217.05 in chips)
Seat 1: 437588ac ($150.25 in chips)
Seat 2: Hero ($216 in chips)
Hero: posts small blind $2
5d31b37: posts big blind $4
*** HOLE CARDS ***
Dealt to 5d31b37 
Dealt to 4782789b 
Dealt to 437588ac 
Dealt to Hero [8s 4d]
4782789b: folds
437588ac: raises $10 to $14
Hero: folds
5d31b37: folds
Uncalled bet ($10) returned to 437588ac
*** SHOWDOWN ***
437588ac collected $10 from pot
*** SUMMARY ***
Total pot $10
Seat 4: 5d31b37(big blind) folded before Flop
Seat 7: 4782789b folded before Flop (didn't bet)
Seat 1: 437588acwon ($10)
Seat 2: Hero(small blind) folded before Flop



Poker Hand #ring_898775596: NLH No Limit ($2/$4) - 2025/05/26 01:40:06
Table 'MR NLH 2/4' 7-max Seat #7 is the button
Seat 4: 5d31b37 ($1,111.27 in chips)
Seat 7: 4782789b ($1,081.01 in chips)
Seat 1: 437588ac ($162.25 in chips)
Seat 2: Hero ($354 in chips)
437588ac: posts small blind $2
Hero: posts big blind $4
*** HOLE CARDS ***
Dealt to 5d31b37 
Dealt to 4782789b 
Dealt to 437588ac 
Dealt to Hero [8h As]
5d31b37: folds
4782789b: raises $8 to $12
437588ac: calls $10
Hero: calls $8
*** FLOP *** [8s 6d Ts]
437588ac: checks
Hero: bets $18
4782789b: calls $18
437588ac: folds
*** TURN *** [8s 6d Ts] [5h]
Hero: bets $36
4782789b: calls $36
*** RIVER *** [8s 6d Ts 5h] [7h]
Hero: bets $72
4782789b: calls $72
Hero: shows [8h As]
4782789b: shows [6s 4s]
*** SHOWDOWN ***
4782789b collected $288 from pot
*** SUMMARY ***
Total pot $288
Board [8s 6d Ts 5h 7h]
Seat 4: 5d31b37 folded before Flop (didn't bet)
Seat 7: 4782789b showed [6s 4s] and won ($288) with Eights-High Straight
Seat 1: 437588ac(small blind) folded on the Flop
Seat 2: Hero(big blind) showed [8h As] and lost with Pair of Eights



Poker Hand #ring_898775037: NLH No Limit ($2/$4) - 2025/05/26 01:39:46
Table 'MR NLH 2/4' 7-max Seat #4 is the button
Seat 4: 5d31b37 ($1,111.27 in chips)
Seat 7: 4782789b ($1,077.01 in chips)
Seat 1: 437588ac ($166.25 in chips)
Seat 2: Hero ($354 in chips)
4782789b: posts small blind $2
437588ac: posts big blind $4
*** HOLE CARDS ***
Dealt to 5d31b37 
Dealt to 4782789b 
Dealt to 437588ac 
Dealt to Hero [2d 7h]
Hero: folds
5d31b37: folds
4782789b: raises $8 to $12
437588ac: folds
Uncalled bet ($8) returned to 4782789b
*** SHOWDOWN ***
4782789b collected $8 from pot
*** SUMMARY ***
Total pot $8
Seat 4: 5d31b37 folded before Flop (didn't bet)
Seat 7: 4782789b(small blind)won ($8)
Seat 1: 437588ac(big blind) folded before Flop
Seat 2: Hero folded before Flop (didn't bet)



Poker Hand #ring_898774172: NLH No Limit ($2/$4) - 2025/05/26 01:39:14
Table 'MR NLH 2/4' 7-max Seat #2 is the button
Seat 4: 5d31b37 ($1,113.27 in chips)
Seat 7: 4782789b ($1,060.54 in chips)
Seat 1: 437588ac ($182.25 in chips)
Seat 2: Hero ($354 in chips)
5d31b37: posts small blind $2
4782789b: posts big blind $4
*** HOLE CARDS ***
Dealt to 5d31b37 
Dealt to 4782789b 
Dealt to 437588ac 
Dealt to Hero [3c 9d]
437588ac: calls $4
Hero: folds
5d31b37: folds
4782789b: raises $12 to $16
437588ac: calls $12
*** FLOP *** [Jc Th Ks]
4782789b: bets $12
437588ac: folds
Uncalled bet ($12) returned to 4782789b
*** SHOWDOWN ***
4782789b collected $34 from pot
*** SUMMARY ***
Total pot $34
Board [Jc Th Ks]
Seat 4: 5d31b37(small blind) folded before Flop
Seat 7: 4782789b(big blind)won ($34) with Pair of Kings
Seat 1: 437588ac folded on the Flop
Seat 2: Hero folded before Flop (didn't bet)



Poker Hand #ring_898772126: NLH No Limit ($2/$4) - 2025/05/26 01:37:59
Table 'MR NLH 2/4' 7-max Seat #1 is the button
Seat 4: 5d31b37 ($1,041.29 in chips)
Seat 7: 4782789b ($1,060.54 in chips)
Seat 1: 437588ac ($258.25 in chips)
Seat 2: Hero ($358 in chips)
Hero: posts small blind $2
5d31b37: posts big blind $4
*** HOLE CARDS ***
Dealt to 5d31b37 
Dealt to 4782789b 
Dealt to 437588ac 
Dealt to Hero [5h Kh]
4782789b: folds
437588ac: calls $4
Hero: calls $2
5d31b37: raises $16 to $20
437588ac: calls $16
Hero: folds
*** FLOP *** [9s Jh 4d]
5d31b37: checks
437588ac: checks
*** TURN *** [9s Jh 4d] [3s]
5d31b37: bets $56
437588ac: calls $56
*** RIVER *** [9s Jh 4d 3s] [Ah]
5d31b37: checks
437588ac: checks
437588ac: shows [9d Ks]
5d31b37: shows [8c Jc]
*** SHOWDOWN ***
5d31b37 collected $156 from pot
*** SUMMARY ***
Total pot $156
Board [9s Jh 4d 3s Ah]
Seat 4: 5d31b37(big blind) showed [8c Jc] and won ($156) with Pair of Jacks
Seat 7: 4782789b folded before Flop (didn't bet)
Seat 1: 437588ac showed [9d Ks] and lost with Pair of Nines
Seat 2: Hero(small blind) folded before Flop



Poker Hand #ring_898770152: NLH No Limit ($2/$4) - 2025/05/26 01:36:50
Table 'MR NLH 2/4' 7-max Seat #7 is the button
Seat 4: 5d31b37 ($1,041.29 in chips)
Seat 7: 4782789b ($1,022.78 in chips)
Seat 1: 437588ac ($270.25 in chips)
Seat 2: Hero ($388 in chips)
437588ac: posts small blind $2
Hero: posts big blind $4
*** HOLE CARDS ***
Dealt to 5d31b37 
Dealt to 4782789b 
Dealt to 437588ac 
Dealt to Hero [4h 4d]
5d31b37: folds
4782789b: raises $8 to $12
437588ac: calls $10
Hero: calls $8
*** FLOP *** [9s Qc 9d]
437588ac: checks
Hero: checks
4782789b: checks
*** TURN *** [9s Qc 9d] [7s]
437588ac: checks
Hero: bets $18
4782789b: calls $18
437588ac: folds
*** RIVER *** [9s Qc 9d 7s] [Th]
Hero: checks
4782789b: checks
Hero: shows [4h 4d]
4782789b: shows [Qd 8d]
*** SHOWDOWN ***
4782789b collected $72 from pot
*** SUMMARY ***
Total pot $72
Board [9s Qc 9d 7s Th]
Seat 4: 5d31b37 folded before Flop (didn't bet)
Seat 7: 4782789b showed [Qd 8d] and won ($72) with Pair of Queens and Pair of Nines
Seat 1: 437588ac(small blind) folded on the Turn
Seat 2: Hero(big blind) showed [4h 4d] and lost with Pair of Nines and Pair of Fours



Poker Hand #ring_898769471: NLH No Limit ($2/$4) - 2025/05/26 01:36:24
Table 'MR NLH 2/4' 7-max Seat #4 is the button
Seat 4: 5d31b37 ($1,030.28 in chips)
Seat 7: 4782789b ($1,024.78 in chips)
Seat 1: 437588ac ($280.25 in chips)
Seat 2: Hero ($388 in chips)
4782789b: posts small blind $2
437588ac: posts big blind $4
*** HOLE CARDS ***
Dealt to 5d31b37 
Dealt to 4782789b 
Dealt to 437588ac 
Dealt to Hero [4s Qd]
Hero: folds
5d31b37: raises $6 to $10
4782789b: folds
437588ac: calls $6
*** FLOP *** [4c Kd 8h]
437588ac: checks
5d31b37: bets $7.26
437588ac: folds
Uncalled bet ($7.26) returned to 5d31b37
*** SHOWDOWN ***
5d31b37 collected $22 from pot
*** SUMMARY ***
Total pot $22
Board [4c Kd 8h]
Seat 4: 5d31b37won ($22) with King-High
Seat 7: 4782789b(small blind) folded before Flop
Seat 1: 437588ac(big blind) folded on the Flop
Seat 2: Hero folded before Flop (didn't bet)



Poker Hand #ring_898768674: NLH No Limit ($2/$4) - 2025/05/26 01:35:56
Table 'MR NLH 2/4' 7-max Seat #2 is the button
Seat 4: 5d31b37 ($1,032.28 in chips)
Seat 7: 4782789b ($1,010.78 in chips)
Seat 1: 437588ac ($280.25 in chips)
Seat 2: Hero ($400 in chips)
5d31b37: posts small blind $2
4782789b: posts big blind $4
*** HOLE CARDS ***
Dealt to 5d31b37 
Dealt to 4782789b 
Dealt to 437588ac 
Dealt to Hero [5c Ac]
437588ac: folds
Hero: raises $8 to $12
5d31b37: folds
4782789b: raises $32 to $44
Hero: folds
Uncalled bet ($32) returned to 4782789b
*** SHOWDOWN ***
4782789b collected $26 from pot
*** SUMMARY ***
Total pot $26
Seat 4: 5d31b37(small blind) folded before Flop
Seat 7: 4782789b(big blind)won ($26)
Seat 1: 437588ac folded before Flop (didn't bet)
Seat 2: Hero folded before Flop



Poker Hand #ring_898767853: NLH No Limit ($2/$4) - 2025/05/26 01:35:27
Table 'MR NLH 2/4' 7-max Seat #1 is the button
Seat 4: 5d31b37 ($1,036.28 in chips)
Seat 7: 4782789b ($1,010.78 in chips)
Seat 1: 437588ac ($274.25 in chips)
Seat 2: Hero ($402 in chips)
Hero: posts small blind $2
5d31b37: posts big blind $4
*** HOLE CARDS ***
Dealt to 5d31b37 
Dealt to 4782789b 
Dealt to 437588ac 
Dealt to Hero [Jd 5h]
4782789b: folds
437588ac: raises $4 to $8
Hero: folds
5d31b37: folds
Uncalled bet ($4) returned to 437588ac
*** SHOWDOWN ***
437588ac collected $10 from pot
*** SUMMARY ***
Total pot $10
Seat 4: 5d31b37(big blind) folded before Flop
Seat 7: 4782789b folded before Flop (didn't bet)
Seat 1: 437588acwon ($10)
Seat 2: Hero(small blind) folded before Flop



Poker Hand #ring_898767257: NLH No Limit ($2/$4) - 2025/05/26 01:35:07
Table 'MR NLH 2/4' 7-max Seat #7 is the button
Seat 4: 5d31b37 ($1,036.28 in chips)
Seat 7: 4782789b ($1,010.78 in chips)
Seat 1: 437588ac ($276.25 in chips)
Seat 2: Hero ($400 in chips)
437588ac: posts small blind $2
Hero: posts big blind $4
*** HOLE CARDS ***
Dealt to 5d31b37 
Dealt to 4782789b 
Dealt to 437588ac 
Dealt to Hero [Kd 8c]
5d31b37: folds
4782789b: folds
437588ac: folds
*** SHOWDOWN ***
Hero collected $6 from pot
*** SUMMARY ***
Total pot $6
Seat 4: 5d31b37 folded before Flop (didn't bet)
Seat 7: 4782789b folded before Flop (didn't bet)
Seat 1: 437588ac(small blind) folded before Flop
Seat 2: Hero(big blind)won ($6)



