Poker Hand #ring_910232987: NLH No Limit ($1/$2) - 2025/06/01 03:09:03
Table 'MR NLH 1/2' 7-max Seat #7 is the button
Seat 1: 81245fdb ($542.25 in chips)
Seat 6: 5a124e4b ($472.8 in chips)
Seat 7: Hero ($646.54 in chips)
81245fdb: posts small blind $1
5a124e4b: posts big blind $2
*** HOLE CARDS ***
Dealt to 81245fdb 
Dealt to 5a124e4b 
Dealt to Hero [Th 3h]
Hero: folds
81245fdb: raises $4 to $6
5a124e4b: folds
Uncalled bet ($4) returned to 81245fdb
*** SHOWDOWN ***
81245fdb collected $4 from pot
*** SUMMARY ***
Total pot $4
Seat 1: 81245fdb(small blind)won ($4)
Seat 6: 5a124e4b(big blind) folded before Flop
Seat 7: Hero folded before Flop (didn't bet)



Poker Hand #ring_910232125: NLH No Limit ($1/$2) - 2025/06/01 03:08:25
Table 'MR NLH 1/2' 7-max Seat #6 is the button
Seat 1: 81245fdb ($549.25 in chips)
Seat 2: 2897361d ($301.41 in chips)
Seat 6: 5a124e4b ($472.8 in chips)
Seat 7: Hero ($647.54 in chips)
Hero: posts small blind $1
81245fdb: posts big blind $2
*** HOLE CARDS ***
Dealt to 81245fdb 
Dealt to 2897361d 
Dealt to 5a124e4b 
Dealt to Hero [4d 8c]
2897361d: calls $2
5a124e4b: folds
Hero: folds
81245fdb: checks
*** FLOP *** [Td 9h 3h]
81245fdb: checks
2897361d: bets $5
81245fdb: calls $5
*** TURN *** [Td 9h 3h] [Jd]
81245fdb: checks
2897361d: bets $15
81245fdb: folds
Uncalled bet ($15) returned to 2897361d
*** SHOWDOWN ***
2897361d collected $15 from pot
*** SUMMARY ***
Total pot $15
Board [Td 9h 3h Jd]
Seat 1: 81245fdb(big blind) folded on the Turn
Seat 2: 2897361dwon ($15) with Pair of Kings
Seat 6: 5a124e4b folded before Flop (didn't bet)
Seat 7: Hero(small blind) folded before Flop



Poker Hand #ring_910231734: NLH No Limit ($1/$2) - 2025/06/01 03:08:09
Table 'MR NLH 1/2' 7-max Seat #0 is the button
Seat 1: 81245fdb ($549.25 in chips)
Seat 2: 2897361d ($301.41 in chips)
Seat 6: 5a124e4b ($470.8 in chips)
Seat 7: Hero ($649.54 in chips)
5a124e4b: posts small blind $1
Hero: posts big blind $2
*** HOLE CARDS ***
Dealt to 81245fdb 
Dealt to 2897361d 
Dealt to 5a124e4b 
Dealt to Hero [2d 8h]
81245fdb: folds
2897361d: folds
5a124e4b: raises $4 to $6
Hero: folds
Uncalled bet ($4) returned to 5a124e4b
*** SHOWDOWN ***
5a124e4b collected $4 from pot
*** SUMMARY ***
Total pot $4
Seat 1: 81245fdb folded before Flop (didn't bet)
Seat 2: 2897361d folded before Flop (didn't bet)
Seat 6: 5a124e4b(small blind)won ($4)
Seat 7: Hero(big blind) folded before Flop



Poker Hand #ring_910230931: NLH No Limit ($1/$2) - 2025/06/01 03:07:32
Table 'MR NLH 1/2' 7-max Seat #2 is the button
Seat 4: ee97090a ($462.5 in chips)
Seat 1: 81245fdb ($546.25 in chips)
Seat 2: 2897361d ($301.41 in chips)
Seat 6: 5a124e4b ($472.8 in chips)
Seat 7: Hero ($649.54 in chips)
ee97090a: posts small blind $1
5a124e4b: posts big blind $2
*** HOLE CARDS ***
Dealt to ee97090a 
Dealt to 81245fdb 
Dealt to 2897361d 
Dealt to 5a124e4b 
Dealt to Hero [4c Qh]
Hero: folds
81245fdb: raises $2 to $4
2897361d: folds
ee97090a: folds
5a124e4b: folds
Uncalled bet ($2) returned to 81245fdb
*** SHOWDOWN ***
81245fdb collected $5 from pot
*** SUMMARY ***
Total pot $5
Seat 4: ee97090a(small blind) folded before Flop
Seat 1: 81245fdbwon ($5)
Seat 2: 2897361d folded before Flop (didn't bet)
Seat 6: 5a124e4b(big blind) folded before Flop
Seat 7: Hero folded before Flop (didn't bet)



Poker Hand #ring_910230114: NLH No Limit ($1/$2) - 2025/06/01 03:06:56
Table 'MR NLH 1/2' 7-max Seat #1 is the button
Seat 4: ee97090a ($475.5 in chips)
Seat 1: 81245fdb ($533.96 in chips)
Seat 2: 2897361d ($302.41 in chips)
Seat 6: 5a124e4b ($472.8 in chips)
Seat 7: Hero ($649.54 in chips)
2897361d: posts small blind $1
ee97090a: posts big blind $2
*** HOLE CARDS ***
Dealt to ee97090a 
Dealt to 81245fdb 
Dealt to 2897361d 
Dealt to 5a124e4b 
Dealt to Hero [Ad 6h]
5a124e4b: folds
Hero: folds
81245fdb: raises $2 to $4
2897361d: folds
ee97090a: calls $2
*** FLOP *** [2d 4h Kc]
ee97090a: checks
81245fdb: bets $9
ee97090a: calls $9
*** TURN *** [2d 4h Kc] [Td]
ee97090a: checks
81245fdb: bets $27
ee97090a: folds
Uncalled bet ($27) returned to 81245fdb
*** SHOWDOWN ***
81245fdb collected $27 from pot
*** SUMMARY ***
Total pot $27
Board [2d 4h Kc Td]
Seat 4: ee97090a(big blind) folded on the Turn
Seat 1: 81245fdbwon ($27) with Pair of Kings and Pair of Twos
Seat 2: 2897361d(small blind) folded before Flop
Seat 6: 5a124e4b folded before Flop (didn't bet)
Seat 7: Hero folded before Flop (didn't bet)



Poker Hand #ring_910229735: NLH No Limit ($1/$2) - 2025/06/01 03:06:40
Table 'MR NLH 1/2' 7-max Seat #7 is the button
Seat 4: ee97090a ($475.5 in chips)
Seat 1: 81245fdb ($534.96 in chips)
Seat 2: 2897361d ($301.41 in chips)
Seat 6: 5a124e4b ($472.8 in chips)
Seat 7: Hero ($649.54 in chips)
81245fdb: posts small blind $1
2897361d: posts big blind $2
*** HOLE CARDS ***
Dealt to ee97090a 
Dealt to 81245fdb 
Dealt to 2897361d 
Dealt to 5a124e4b 
Dealt to Hero [Ts 7c]
ee97090a: folds
5a124e4b: folds
Hero: folds
81245fdb: folds
*** SHOWDOWN ***
2897361d collected $3 from pot
*** SUMMARY ***
Total pot $3
Seat 4: ee97090a folded before Flop (didn't bet)
Seat 1: 81245fdb(small blind) folded before Flop
Seat 2: 2897361d(big blind)won ($3)
Seat 6: 5a124e4b folded before Flop (didn't bet)
Seat 7: Hero folded before Flop (didn't bet)



Poker Hand #ring_910228761: NLH No Limit ($1/$2) - 2025/06/01 03:05:57
Table 'MR NLH 1/2' 7-max Seat #6 is the button
Seat 4: ee97090a ($487.5 in chips)
Seat 1: 81245fdb ($536.96 in chips)
Seat 2: 2897361d ($288.12 in chips)
Seat 6: 5a124e4b ($472.8 in chips)
Seat 7: Hero ($650.54 in chips)
Hero: posts small blind $1
81245fdb: posts big blind $2
*** HOLE CARDS ***
Dealt to ee97090a 
Dealt to 81245fdb 
Dealt to 2897361d 
Dealt to 5a124e4b 
Dealt to Hero [4d Qc]
2897361d: raises $10 to $12
ee97090a: calls $12
5a124e4b: folds
Hero: folds
81245fdb: folds
*** FLOP *** [6s 9s Qs]
2897361d: checks
ee97090a: checks
*** TURN *** [6s 9s Qs] [6d]
2897361d: bets $27
ee97090a: folds
Uncalled bet ($27) returned to 2897361d
2897361d: shows [Ad 7s]
*** SHOWDOWN ***
2897361d collected $27 from pot
*** SUMMARY ***
Total pot $27
Board [6s 9s Qs 6d]
Seat 4: ee97090a folded on the Turn
Seat 1: 81245fdb(big blind) folded before Flop
Seat 2: 2897361d showed [Ad 7s] and won ($27) with Pair of Sixes
Seat 6: 5a124e4b folded before Flop (didn't bet)
Seat 7: Hero(small blind) folded before Flop



Poker Hand #ring_910227358: NLH No Limit ($1/$2) - 2025/06/01 03:04:54
Table 'MR NLH 1/2' 7-max Seat #4 is the button
Seat 4: ee97090a ($487.5 in chips)
Seat 1: 81245fdb ($563.46 in chips)
Seat 2: 2897361d ($288.12 in chips)
Seat 6: 5a124e4b ($473.8 in chips)
Seat 7: Hero ($625.97 in chips)
5a124e4b: posts small blind $1
Hero: posts big blind $2
*** HOLE CARDS ***
Dealt to ee97090a 
Dealt to 81245fdb 
Dealt to 2897361d 
Dealt to 5a124e4b 
Dealt to Hero [8h 4h]
81245fdb: raises $2 to $4
2897361d: folds
ee97090a: folds
5a124e4b: folds
Hero: calls $2
*** FLOP *** [9s 8c 7c]
Hero: checks
81245fdb: checks
*** TURN *** [9s 8c 7c] [2d]
Hero: checks
81245fdb: checks
*** RIVER *** [9s 8c 7c 2d] [9h]
Hero: bets $4.5
81245fdb: raises $18 to $22.5
Hero: calls $18
81245fdb: shows [6d 3d]
Hero: shows [8h 4h]
*** SHOWDOWN ***
Hero collected $54 from pot
*** SUMMARY ***
Total pot $54
Board [9s 8c 7c 2d 9h]
Seat 4: ee97090a folded before Flop (didn't bet)
Seat 1: 81245fdb showed [6d 3d] and lost with Pair of Nines
Seat 2: 2897361d folded before Flop (didn't bet)
Seat 6: 5a124e4b(small blind) folded before Flop
Seat 7: Hero(big blind) showed [8h 4h] and won ($54) with Pair of Nines and Pair of Eights



Poker Hand #ring_910226319: NLH No Limit ($1/$2) - 2025/06/01 03:04:09
Table 'MR NLH 1/2' 7-max Seat #2 is the button
Seat 4: ee97090a ($480.13 in chips)
Seat 1: 81245fdb ($563.46 in chips)
Seat 2: 2897361d ($288.12 in chips)
Seat 6: 5a124e4b ($475.8 in chips)
Seat 7: Hero ($631.97 in chips)
ee97090a: posts small blind $1
5a124e4b: posts big blind $2
*** HOLE CARDS ***
Dealt to ee97090a 
Dealt to 81245fdb 
Dealt to 2897361d 
Dealt to 5a124e4b 
Dealt to Hero [4s As]
Hero: raises $4 to $6
81245fdb: folds
2897361d: folds
ee97090a: calls $5
5a124e4b: folds
*** FLOP *** [5h Th 2d]
ee97090a: checks
Hero: checks
*** TURN *** [5h Th 2d] [7s]
ee97090a: checks
Hero: checks
*** RIVER *** [5h Th 2d 7s] [Qs]
ee97090a: bets $16
Hero: folds
Uncalled bet ($16) returned to ee97090a
*** SHOWDOWN ***
ee97090a collected $14 from pot
*** SUMMARY ***
Total pot $14
Board [5h Th 2d 7s Qs]
Seat 4: ee97090a(small blind)won ($14) with Pair of Queens
Seat 1: 81245fdb folded before Flop (didn't bet)
Seat 2: 2897361d folded before Flop (didn't bet)
Seat 6: 5a124e4b(big blind) folded before Flop
Seat 7: Hero folded on the River



Poker Hand #ring_910225456: NLH No Limit ($1/$2) - 2025/06/01 03:03:30
Table 'MR NLH 1/2' 7-max Seat #1 is the button
Seat 4: ee97090a ($486.13 in chips)
Seat 1: 81245fdb ($563.46 in chips)
Seat 2: 2897361d ($289.12 in chips)
Seat 6: 5a124e4b ($475.8 in chips)
Seat 7: Hero ($625.55 in chips)
2897361d: posts small blind $1
ee97090a: posts big blind $2
*** HOLE CARDS ***
Dealt to ee97090a 
Dealt to 81245fdb 
Dealt to 2897361d 
Dealt to 5a124e4b 
Dealt to Hero [8s Js]
5a124e4b: folds
Hero: raises $4 to $6
81245fdb: folds
2897361d: folds
ee97090a: calls $4
*** FLOP *** [7d 6c 8c]
ee97090a: checks
Hero: bets $6.5
ee97090a: folds
Uncalled bet ($6.5) returned to Hero
*** SHOWDOWN ***
Hero collected $13 from pot
*** SUMMARY ***
Total pot $13
Board [7d 6c 8c]
Seat 4: ee97090a(big blind) folded on the Flop
Seat 1: 81245fdb folded before Flop (didn't bet)
Seat 2: 2897361d(small blind) folded before Flop
Seat 6: 5a124e4b folded before Flop (didn't bet)
Seat 7: Herowon ($13) with Pair of Eights



Poker Hand #ring_910225054: NLH No Limit ($1/$2) - 2025/06/01 03:03:12
Table 'MR NLH 1/2' 7-max Seat #7 is the button
Seat 4: ee97090a ($483.13 in chips)
Seat 1: 81245fdb ($564.46 in chips)
Seat 2: 2897361d ($291.12 in chips)
Seat 6: 5a124e4b ($475.8 in chips)
Seat 7: Hero ($625.55 in chips)
81245fdb: posts small blind $1
2897361d: posts big blind $2
*** HOLE CARDS ***
Dealt to ee97090a 
Dealt to 81245fdb 
Dealt to 2897361d 
Dealt to 5a124e4b 
Dealt to Hero [9c 5d]
ee97090a: raises $2 to $4
5a124e4b: folds
Hero: folds
81245fdb: folds
2897361d: folds
Uncalled bet ($2) returned to ee97090a
*** SHOWDOWN ***
ee97090a collected $5 from pot
*** SUMMARY ***
Total pot $5
Seat 4: ee97090awon ($5)
Seat 1: 81245fdb(small blind) folded before Flop
Seat 2: 2897361d(big blind) folded before Flop
Seat 6: 5a124e4b folded before Flop (didn't bet)
Seat 7: Hero folded before Flop (didn't bet)



Poker Hand #ring_910223512: NLH No Limit ($1/$2) - 2025/06/01 03:02:04
Table 'MR NLH 1/2' 7-max Seat #6 is the button
Seat 4: ee97090a ($444.36 in chips)
Seat 3: dcb80d62 ($1,222.09 in chips)
Seat 1: 81245fdb ($566.46 in chips)
Seat 6: 5a124e4b ($475.8 in chips)
Seat 7: Hero ($626.55 in chips)
Hero: posts small blind $1
81245fdb: posts big blind $2
*** HOLE CARDS ***
Dealt to ee97090a 
Dealt to dcb80d62 
Dealt to 81245fdb 
Dealt to 5a124e4b 
Dealt to Hero [Ks 6c]
dcb80d62: raises $5 to $7
ee97090a: raises $15 to $22
5a124e4b: folds
Hero: folds
81245fdb: folds
dcb80d62: calls $15
*** FLOP *** [8d 2c Jd]
dcb80d62: checks
ee97090a: bets $18
dcb80d62: calls $18
*** TURN *** [8d 2c Jd] [6d]
dcb80d62: checks
ee97090a: bets $60
dcb80d62: folds
Uncalled bet ($60) returned to ee97090a
*** SHOWDOWN ***
ee97090a collected $83 from pot
*** SUMMARY ***
Total pot $83
Board [8d 2c Jd 6d]
Seat 4: ee97090awon ($83) with Pair of Aces
Seat 3: dcb80d62 folded on the Turn
Seat 1: 81245fdb(big blind) folded before Flop
Seat 6: 5a124e4b folded before Flop (didn't bet)
Seat 7: Hero(small blind) folded before Flop



Poker Hand #ring_910222560: NLH No Limit ($1/$2) - 2025/06/01 03:01:21
Table 'MR NLH 1/2' 7-max Seat #4 is the button
Seat 4: ee97090a ($460.36 in chips)
Seat 3: dcb80d62 ($1,222.09 in chips)
Seat 1: 81245fdb ($535.21 in chips)
Seat 6: 5a124e4b ($491.8 in chips)
Seat 7: Hero ($628.55 in chips)
5a124e4b: posts small blind $1
Hero: posts big blind $2
*** HOLE CARDS ***
Dealt to ee97090a 
Dealt to dcb80d62 
Dealt to 81245fdb 
Dealt to 5a124e4b 
Dealt to Hero [As 5d]
81245fdb: raises $2 to $4
dcb80d62: folds
ee97090a: raises $12 to $16
5a124e4b: calls $15
Hero: folds
81245fdb: calls $12
*** FLOP *** [8c Ts 6d]
5a124e4b: checks
81245fdb: checks
ee97090a: checks
*** TURN *** [8c Ts 6d] [2s]
5a124e4b: checks
81245fdb: bets $25
ee97090a: folds
5a124e4b: folds
Uncalled bet ($25) returned to 81245fdb
*** SHOWDOWN ***
81245fdb collected $50 from pot
*** SUMMARY ***
Total pot $50
Board [8c Ts 6d 2s]
Seat 4: ee97090a folded on the Turn
Seat 3: dcb80d62 folded before Flop (didn't bet)
Seat 1: 81245fdbwon ($50) with Pair of Tens
Seat 6: 5a124e4b(small blind) folded on the Turn
Seat 7: Hero(big blind) folded before Flop



Poker Hand #ring_910221160: NLH No Limit ($1/$2) - 2025/06/01 03:00:20
Table 'MR NLH 1/2' 7-max Seat #3 is the button
Seat 4: ee97090a ($461.36 in chips)
Seat 3: dcb80d62 ($1,323.72 in chips)
Seat 1: 81245fdb ($440.36 in chips)
Seat 6: 5a124e4b ($493.8 in chips)
Seat 7: Hero ($628.55 in chips)
ee97090a: posts small blind $1
5a124e4b: posts big blind $2
*** HOLE CARDS ***
Dealt to ee97090a 
Dealt to dcb80d62 
Dealt to 81245fdb 
Dealt to 5a124e4b 
Dealt to Hero [9d 4c]
Hero: folds
81245fdb: raises $2 to $4
dcb80d62: raises $11 to $15
ee97090a: folds
5a124e4b: folds
81245fdb: calls $11
*** FLOP *** [Js Qh Ad]
81245fdb: checks
dcb80d62: bets $24.75
81245fdb: calls $24.75
*** TURN *** [Js Qh Ad] [9c]
81245fdb: checks
dcb80d62: bets $61.88
81245fdb: raises $154.69 to $216.57
dcb80d62: folds
Uncalled bet ($154.69) returned to 81245fdb
*** SHOWDOWN ***
81245fdb collected $206.26 from pot
*** SUMMARY ***
Total pot $206.26
Board [Js Qh Ad 9c]
Seat 4: ee97090a(small blind) folded before Flop
Seat 3: dcb80d62 folded on the Turn
Seat 1: 81245fdbwon ($206.26) with Aces-High Straight
Seat 6: 5a124e4b(big blind) folded before Flop
Seat 7: Hero folded before Flop (didn't bet)



Poker Hand #ring_910220779: NLH No Limit ($1/$2) - 2025/06/01 03:00:03
Table 'MR NLH 1/2' 7-max Seat #1 is the button
Seat 4: ee97090a ($460.36 in chips)
Seat 3: dcb80d62 ($1,324.72 in chips)
Seat 1: 81245fdb ($440.36 in chips)
Seat 6: 5a124e4b ($493.8 in chips)
Seat 7: Hero ($628.55 in chips)
dcb80d62: posts small blind $1
ee97090a: posts big blind $2
*** HOLE CARDS ***
Dealt to ee97090a 
Dealt to dcb80d62 
Dealt to 81245fdb 
Dealt to 5a124e4b 
Dealt to Hero [2h Qd]
5a124e4b: folds
Hero: folds
81245fdb: folds
dcb80d62: folds
*** SHOWDOWN ***
ee97090a collected $3 from pot
*** SUMMARY ***
Total pot $3
Seat 4: ee97090a(big blind)won ($3)
Seat 3: dcb80d62(small blind) folded before Flop
Seat 1: 81245fdb folded before Flop (didn't bet)
Seat 6: 5a124e4b folded before Flop (didn't bet)
Seat 7: Hero folded before Flop (didn't bet)



Poker Hand #ring_910219964: NLH No Limit ($1/$2) - 2025/06/01 02:59:26
Table 'MR NLH 1/2' 7-max Seat #7 is the button
Seat 4: ee97090a ($460.36 in chips)
Seat 3: dcb80d62 ($1,326.72 in chips)
Seat 1: 81245fdb ($427.12 in chips)
Seat 6: 5a124e4b ($493.8 in chips)
Seat 7: Hero ($641.55 in chips)
81245fdb: posts small blind $1
dcb80d62: posts big blind $2
*** HOLE CARDS ***
Dealt to ee97090a 
Dealt to dcb80d62 
Dealt to 81245fdb 
Dealt to 5a124e4b 
Dealt to Hero [Qd As]
ee97090a: folds
5a124e4b: folds
Hero: raises $4 to $6
81245fdb: calls $5
dcb80d62: folds
*** FLOP *** [Th 3d 5s]
81245fdb: checks
Hero: bets $7
81245fdb: calls $7
*** TURN *** [Th 3d 5s] [8c]
81245fdb: checks
Hero: checks
*** RIVER *** [Th 3d 5s 8c] [Td]
81245fdb: checks
Hero: checks
81245fdb: shows [7c 3c]
Hero: shows [Qd As]
*** SHOWDOWN ***
81245fdb collected $28 from pot
*** SUMMARY ***
Total pot $28
Board [Th 3d 5s 8c Td]
Seat 4: ee97090a folded before Flop (didn't bet)
Seat 3: dcb80d62(big blind) folded before Flop
Seat 1: 81245fdb(small blind) showed [7c 3c] and won ($28) with Pair of Tens and Pair of Treys
Seat 6: 5a124e4b folded before Flop (didn't bet)
Seat 7: Hero showed [Qd As] and lost with Pair of Tens



Poker Hand #ring_910219066: NLH No Limit ($1/$2) - 2025/06/01 02:58:49
Table 'MR NLH 1/2' 7-max Seat #6 is the button
Seat 4: ee97090a ($460.36 in chips)
Seat 3: dcb80d62 ($1,333.72 in chips)
Seat 1: 81245fdb ($429.12 in chips)
Seat 2: 2897361d ($291.12 in chips)
Seat 6: 5a124e4b ($483.8 in chips)
Seat 7: Hero ($642.55 in chips)
Hero: posts small blind $1
81245fdb: posts big blind $2
*** HOLE CARDS ***
Dealt to ee97090a 
Dealt to dcb80d62 
Dealt to 81245fdb 
Dealt to 2897361d 
Dealt to 5a124e4b 
Dealt to Hero [As 6d]
2897361d: folds
dcb80d62: raises $5 to $7
ee97090a: folds
5a124e4b: raises $23 to $30
Hero: folds
81245fdb: folds
dcb80d62: folds
Uncalled bet ($23) returned to 5a124e4b
*** SHOWDOWN ***
5a124e4b collected $17 from pot
*** SUMMARY ***
Total pot $17
Seat 4: ee97090a folded before Flop (didn't bet)
Seat 3: dcb80d62 folded before Flop
Seat 1: 81245fdb(big blind) folded before Flop
Seat 2: 2897361d folded before Flop (didn't bet)
Seat 6: 5a124e4bwon ($17)
Seat 7: Hero(small blind) folded before Flop



Poker Hand #ring_910217696: NLH No Limit ($1/$2) - 2025/06/01 02:57:50
Table 'MR NLH 1/2' 7-max Seat #4 is the button
Seat 4: ee97090a ($464.36 in chips)
Seat 3: dcb80d62 ($1,333.72 in chips)
Seat 1: 81245fdb ($433.12 in chips)
Seat 2: 2897361d ($291.12 in chips)
Seat 6: 5a124e4b ($472.52 in chips)
Seat 7: Hero ($646.55 in chips)
5a124e4b: posts small blind $1
Hero: posts big blind $2
*** HOLE CARDS ***
Dealt to ee97090a 
Dealt to dcb80d62 
Dealt to 81245fdb 
Dealt to 2897361d 
Dealt to 5a124e4b 
Dealt to Hero [Kc Jh]
81245fdb: raises $2 to $4
2897361d: folds
dcb80d62: folds
ee97090a: calls $4
5a124e4b: calls $3
Hero: calls $2
*** FLOP *** [8h 6d Ah]
5a124e4b: checks
Hero: checks
81245fdb: checks
ee97090a: checks
*** TURN *** [8h 6d Ah] [2s]
5a124e4b: checks
Hero: checks
81245fdb: checks
ee97090a: checks
*** RIVER *** [8h 6d Ah 2s] [Qd]
5a124e4b: checks
Hero: checks
81245fdb: checks
ee97090a: checks
81245fdb: shows [Jd 5d]
ee97090a: shows [9c 4c]
5a124e4b: shows [Js 8s]
Hero: shows [Kc Jh]
*** SHOWDOWN ***
5a124e4b collected $16 from pot
*** SUMMARY ***
Total pot $16
Board [8h 6d Ah 2s Qd]
Seat 4: ee97090a showed [9c 4c] and lost with Ace-High
Seat 3: dcb80d62 folded before Flop (didn't bet)
Seat 1: 81245fdb showed [Jd 5d] and lost with Ace-High
Seat 2: 2897361d folded before Flop (didn't bet)
Seat 6: 5a124e4b(small blind) showed [Js 8s] and won ($16) with Pair of Eights
Seat 7: Hero(big blind) showed [Kc Jh] and lost with Ace-High



Poker Hand #ring_910217176: NLH No Limit ($1/$2) - 2025/06/01 02:57:27
Table 'MR NLH 1/2' 7-max Seat #3 is the button
Seat 4: ee97090a ($458.36 in chips)
Seat 3: dcb80d62 ($1,333.72 in chips)
Seat 1: 81245fdb ($437.12 in chips)
Seat 2: 2897361d ($291.12 in chips)
Seat 6: 5a124e4b ($474.52 in chips)
Seat 7: Hero ($646.55 in chips)
ee97090a: posts small blind $1
5a124e4b: posts big blind $2
*** HOLE CARDS ***
Dealt to ee97090a 
Dealt to dcb80d62 
Dealt to 81245fdb 
Dealt to 2897361d 
Dealt to 5a124e4b 
Dealt to Hero [Js 5h]
Hero: folds
81245fdb: raises $2 to $4
2897361d: folds
dcb80d62: folds
ee97090a: raises $18 to $22
5a124e4b: folds
81245fdb: folds
Uncalled bet ($18) returned to ee97090a
*** SHOWDOWN ***
ee97090a collected $10 from pot
*** SUMMARY ***
Total pot $10
Seat 4: ee97090a(small blind)won ($10)
Seat 3: dcb80d62 folded before Flop (didn't bet)
Seat 1: 81245fdb folded before Flop
Seat 2: 2897361d folded before Flop (didn't bet)
Seat 6: 5a124e4b(big blind) folded before Flop
Seat 7: Hero folded before Flop (didn't bet)



Poker Hand #ring_910214928: NLH No Limit ($1/$2) - 2025/06/01 02:55:50
Table 'MR NLH 1/2' 7-max Seat #2 is the button
Seat 4: ee97090a ($487.56 in chips)
Seat 3: dcb80d62 ($1,334.72 in chips)
Seat 1: 81245fdb ($443.12 in chips)
Seat 2: 2897361d ($291.12 in chips)
Seat 6: 5a124e4b ($474.52 in chips)
Seat 7: Hero ($613.79 in chips)
dcb80d62: posts small blind $1
ee97090a: posts big blind $2
*** HOLE CARDS ***
Dealt to ee97090a 
Dealt to dcb80d62 
Dealt to 81245fdb 
Dealt to 2897361d 
Dealt to 5a124e4b 
Dealt to Hero [Qd Ad]
5a124e4b: folds
Hero: raises $4 to $6
81245fdb: calls $6
2897361d: folds
dcb80d62: folds
ee97090a: calls $4
*** FLOP *** [As Jc Td]
ee97090a: checks
Hero: checks
81245fdb: checks
*** TURN *** [As Jc Td] [6d]
ee97090a: checks
Hero: bets $15.2
81245fdb: folds
ee97090a: calls $15.2
*** RIVER *** [As Jc Td 6d] [Kd]
ee97090a: bets $8
Hero: raises $61 to $69
ee97090a: folds
Uncalled bet ($61) returned to Hero
*** SHOWDOWN ***
Hero collected $65.4 from pot
*** SUMMARY ***
Total pot $65.4
Board [As Jc Td 6d Kd]
Seat 4: ee97090a(big blind) folded on the River
Seat 3: dcb80d62(small blind) folded before Flop
Seat 1: 81245fdb folded on the Turn
Seat 2: 2897361d folded before Flop (didn't bet)
Seat 6: 5a124e4b folded before Flop (didn't bet)
Seat 7: Herowon ($65.4) with Ace High Flush



Poker Hand #ring_910213856: NLH No Limit ($1/$2) - 2025/06/01 02:55:04
Table 'MR NLH 1/2' 7-max Seat #1 is the button
Seat 4: ee97090a ($487.56 in chips)
Seat 3: dcb80d62 ($1,336.72 in chips)
Seat 1: 81245fdb ($434.79 in chips)
Seat 2: 2897361d ($292.12 in chips)
Seat 6: 5a124e4b ($474.52 in chips)
Seat 7: Hero ($619.79 in chips)
2897361d: posts small blind $1
dcb80d62: posts big blind $2
*** HOLE CARDS ***
Dealt to ee97090a 
Dealt to dcb80d62 
Dealt to 81245fdb 
Dealt to 2897361d 
Dealt to 5a124e4b 
Dealt to Hero [3d Ad]
ee97090a: folds
5a124e4b: folds
Hero: raises $4 to $6
81245fdb: calls $6
2897361d: folds
dcb80d62: folds
*** FLOP *** [3h Qh Ts]
Hero: checks
81245fdb: bets $15
Hero: folds
Uncalled bet ($15) returned to 81245fdb
*** SHOWDOWN ***
81245fdb collected $15 from pot
*** SUMMARY ***
Total pot $15
Board [3h Qh Ts]
Seat 4: ee97090a folded before Flop (didn't bet)
Seat 3: dcb80d62(big blind) folded before Flop
Seat 1: 81245fdbwon ($15) with Ace-High
Seat 2: 2897361d(small blind) folded before Flop
Seat 6: 5a124e4b folded before Flop (didn't bet)
Seat 7: Hero folded on the Flop



Poker Hand #ring_910211673: NLH No Limit ($1/$2) - 2025/06/01 02:53:31
Table 'MR NLH 1/2' 7-max Seat #7 is the button
Seat 4: ee97090a ($487.56 in chips)
Seat 3: dcb80d62 ($1,336.72 in chips)
Seat 1: 81245fdb ($435.79 in chips)
Seat 2: 2897361d ($294.12 in chips)
Seat 6: 5a124e4b ($593.5 in chips)
Seat 5: 3c14c6cb ($23.94 in chips)
Seat 7: Hero ($486.29 in chips)
81245fdb: posts small blind $1
2897361d: posts big blind $2
*** HOLE CARDS ***
Dealt to ee97090a 
Dealt to dcb80d62 
Dealt to 81245fdb 
Dealt to 2897361d 
Dealt to 5a124e4b 
Dealt to 3c14c6cb 
Dealt to Hero [Kh Ks]
dcb80d62: folds
ee97090a: folds
3c14c6cb: raises $21.94 to $23.94 and is all-in
5a124e4b: calls $23.94
Hero: calls $23.94
81245fdb: folds
2897361d: folds
*** FLOP *** [Ts 3d 2c]
5a124e4b: bets $18.71
Hero: calls $18.71
*** TURN *** [Ts 3d 2c] [4d]
5a124e4b: bets $76.33
Hero: calls $76.33
*** RIVER *** [Ts 3d 2c 4d] [7h]
5a124e4b: checks
Hero: bets $97
5a124e4b: folds
Uncalled bet ($97) returned to Hero
3c14c6cb: shows [4h Ah]
Hero: shows [Kh Ks]
*** SHOWDOWN ***
Hero collected $74.82 from pot
Hero collected $190.08 from pot
*** SUMMARY ***
Total pot $264.9
Board [Ts 3d 2c 4d 7h]
Seat 4: ee97090a folded before Flop (didn't bet)
Seat 3: dcb80d62 folded before Flop (didn't bet)
Seat 1: 81245fdb(small blind) folded before Flop
Seat 2: 2897361d(big blind) folded before Flop
Seat 6: 5a124e4b folded on the River
Seat 5: 3c14c6cb showed [4h Ah] and lost with Pair of Fours
Seat 7: Hero showed [Kh Ks] and won ($74.82) with Pair of Kings



Poker Hand #ring_910210645: NLH No Limit ($1/$2) - 2025/06/01 02:52:49
Table 'MR NLH 1/2' 7-max Seat #6 is the button
Seat 4: ee97090a ($512.56 in chips)
Seat 3: dcb80d62 ($1,336.72 in chips)
Seat 1: 81245fdb ($412.58 in chips)
Seat 2: 2897361d ($294.12 in chips)
Seat 6: 5a124e4b ($593.5 in chips)
Seat 5: 3c14c6cb ($23.94 in chips)
Seat 7: Hero ($487.29 in chips)
Hero: posts small blind $1
81245fdb: posts big blind $2
*** HOLE CARDS ***
Dealt to ee97090a 
Dealt to dcb80d62 
Dealt to 81245fdb 
Dealt to 2897361d 
Dealt to 5a124e4b 
Dealt to 3c14c6cb 
Dealt to Hero [5c Kh]
2897361d: folds
dcb80d62: folds
ee97090a: raises $4 to $6
3c14c6cb: folds
5a124e4b: folds
Hero: folds
81245fdb: raises $19 to $25
ee97090a: calls $19
*** FLOP *** [Td 8s Qs]
81245fdb: bets $38.25
ee97090a: folds
Uncalled bet ($38.25) returned to 81245fdb
*** SHOWDOWN ***
81245fdb collected $51 from pot
*** SUMMARY ***
Total pot $51
Board [Td 8s Qs]
Seat 4: ee97090a folded on the Flop
Seat 3: dcb80d62 folded before Flop (didn't bet)
Seat 1: 81245fdb(big blind)won ($51) with Ace-High
Seat 2: 2897361d folded before Flop (didn't bet)
Seat 6: 5a124e4b folded before Flop (didn't bet)
Seat 5: 3c14c6cb folded before Flop (didn't bet)
Seat 7: Hero(small blind) folded before Flop



Poker Hand #ring_910209579: NLH No Limit ($1/$2) - 2025/06/01 02:52:02
Table 'MR NLH 1/2' 7-max Seat #5 is the button
Seat 4: ee97090a ($512.56 in chips)
Seat 3: dcb80d62 ($1,348.72 in chips)
Seat 1: 81245fdb ($412.58 in chips)
Seat 2: 2897361d ($280.83 in chips)
Seat 6: 5a124e4b ($594.5 in chips)
Seat 5: 3c14c6cb ($23.94 in chips)
Seat 7: Hero ($489.29 in chips)
5a124e4b: posts small blind $1
Hero: posts big blind $2
*** HOLE CARDS ***
Dealt to ee97090a 
Dealt to dcb80d62 
Dealt to 81245fdb 
Dealt to 2897361d 
Dealt to 5a124e4b 
Dealt to 3c14c6cb 
Dealt to Hero [Kd 9h]
81245fdb: folds
2897361d: raises $10 to $12
dcb80d62: calls $12
ee97090a: folds
3c14c6cb: folds
5a124e4b: folds
Hero: folds
*** FLOP *** [5c 6h 8h]
2897361d: bets $27
dcb80d62: folds
Uncalled bet ($27) returned to 2897361d
*** SHOWDOWN ***
2897361d collected $27 from pot
*** SUMMARY ***
Total pot $27
Board [5c 6h 8h]
Seat 4: ee97090a folded before Flop (didn't bet)
Seat 3: dcb80d62 folded on the Flop
Seat 1: 81245fdb folded before Flop (didn't bet)
Seat 2: 2897361dwon ($27) with King-High
Seat 6: 5a124e4b(small blind) folded before Flop
Seat 5: 3c14c6cb folded before Flop (didn't bet)
Seat 7: Hero(big blind) folded before Flop



Poker Hand #ring_910207576: NLH No Limit ($1/$2) - 2025/06/01 02:50:40
Table 'MR NLH 1/2' 7-max Seat #4 is the button
Seat 4: ee97090a ($501.55 in chips)
Seat 3: dcb80d62 ($1,348.72 in chips)
Seat 1: 81245fdb ($422.08 in chips)
Seat 2: 2897361d ($280.83 in chips)
Seat 6: 5a124e4b ($596.5 in chips)
Seat 5: 3c14c6cb ($24.94 in chips)
Seat 7: Hero ($489.29 in chips)
3c14c6cb: posts small blind $1
5a124e4b: posts big blind $2
*** HOLE CARDS ***
Dealt to ee97090a 
Dealt to dcb80d62 
Dealt to 81245fdb 
Dealt to 2897361d 
Dealt to 5a124e4b 
Dealt to 3c14c6cb 
Dealt to Hero [5s Js]
Hero: folds
81245fdb: raises $2 to $4
2897361d: folds
dcb80d62: folds
ee97090a: calls $4
3c14c6cb: folds
5a124e4b: folds
*** FLOP *** [Jd 9s 8c]
81245fdb: bets $5.5
ee97090a: calls $5.5
*** TURN *** [Jd 9s 8c] [Qs]
81245fdb: checks
ee97090a: checks
*** RIVER *** [Jd 9s 8c Qs] [Kd]
81245fdb: checks
ee97090a: checks
81245fdb: shows [8h 6h]
ee97090a: shows [5c Qc]
*** SHOWDOWN ***
ee97090a collected $22 from pot
*** SUMMARY ***
Total pot $22
Board [Jd 9s 8c Qs Kd]
Seat 4: ee97090a showed [5c Qc] and won ($22) with Pair of Queens
Seat 3: dcb80d62 folded before Flop (didn't bet)
Seat 1: 81245fdb showed [8h 6h] and lost with Pair of Eights
Seat 2: 2897361d folded before Flop (didn't bet)
Seat 6: 5a124e4b(big blind) folded before Flop
Seat 5: 3c14c6cb(small blind) folded before Flop
Seat 7: Hero folded before Flop (didn't bet)



Poker Hand #ring_910205992: NLH No Limit ($1/$2) - 2025/06/01 02:49:36
Table 'MR NLH 1/2' 7-max Seat #3 is the button
Seat 4: ee97090a ($522.55 in chips)
Seat 3: dcb80d62 ($1,369.72 in chips)
Seat 1: 81245fdb ($422.08 in chips)
Seat 2: 2897361d ($280.83 in chips)
Seat 6: 5a124e4b ($480.45 in chips)
Seat 5: 3c14c6cb ($108.94 in chips)
Seat 7: Hero ($489.29 in chips)
ee97090a: posts small blind $1
3c14c6cb: posts big blind $2
*** HOLE CARDS ***
Dealt to ee97090a 
Dealt to dcb80d62 
Dealt to 81245fdb 
Dealt to 2897361d 
Dealt to 5a124e4b 
Dealt to 3c14c6cb 
Dealt to Hero [2s 9c]
5a124e4b: raises $3 to $5
Hero: folds
81245fdb: folds
2897361d: folds
dcb80d62: calls $5
ee97090a: calls $4
3c14c6cb: calls $3
*** FLOP *** [2d Kd Jh]
ee97090a: checks
3c14c6cb: checks
5a124e4b: checks
dcb80d62: checks
*** TURN *** [2d Kd Jh] [Qh]
ee97090a: checks
3c14c6cb: checks
5a124e4b: bets $16
dcb80d62: calls $16
ee97090a: calls $16
3c14c6cb: calls $16
*** RIVER *** [2d Kd Jh Qh] [Ah]
ee97090a: checks
3c14c6cb: bets $63
5a124e4b: calls $63
dcb80d62: folds
ee97090a: folds
3c14c6cb: shows [Td 6d]
5a124e4b: shows [8h Th]
*** SHOWDOWN ***
5a124e4b collected $210 from pot
*** SUMMARY ***
Total pot $210
Board [2d Kd Jh Qh Ah]
Seat 4: ee97090a(small blind) folded on the River
Seat 3: dcb80d62 folded on the River
Seat 1: 81245fdb folded before Flop (didn't bet)
Seat 2: 2897361d folded before Flop (didn't bet)
Seat 6: 5a124e4b showed [8h Th] and won ($210) with Ace High Flush
Seat 5: 3c14c6cb(big blind) showed [Td 6d] and lost with Aces-High Straight
Seat 7: Hero folded before Flop (didn't bet)



Poker Hand #ring_910205267: NLH No Limit ($1/$2) - 2025/06/01 02:49:05
Table 'MR NLH 1/2' 7-max Seat #2 is the button
Seat 4: ee97090a ($524.55 in chips)
Seat 3: dcb80d62 ($1,370.72 in chips)
Seat 1: 81245fdb ($415.57 in chips)
Seat 2: 2897361d ($284.83 in chips)
Seat 6: 5a124e4b ($480.45 in chips)
Seat 5: 3c14c6cb ($108.94 in chips)
Seat 7: Hero ($489.29 in chips)
dcb80d62: posts small blind $1
ee97090a: posts big blind $2
*** HOLE CARDS ***
Dealt to ee97090a 
Dealt to dcb80d62 
Dealt to 81245fdb 
Dealt to 2897361d 
Dealt to 5a124e4b 
Dealt to 3c14c6cb 
Dealt to Hero [Ah 6s]
3c14c6cb: folds
5a124e4b: folds
Hero: folds
81245fdb: raises $2 to $4
2897361d: calls $4
dcb80d62: folds
ee97090a: folds
*** FLOP *** [4h 7d 8h]
81245fdb: bets $5.5
2897361d: folds
Uncalled bet ($5.5) returned to 81245fdb
*** SHOWDOWN ***
81245fdb collected $11 from pot
*** SUMMARY ***
Total pot $11
Board [4h 7d 8h]
Seat 4: ee97090a(big blind) folded before Flop
Seat 3: dcb80d62(small blind) folded before Flop
Seat 1: 81245fdbwon ($11) with Pair of Twos
Seat 2: 2897361d folded on the Flop
Seat 6: 5a124e4b folded before Flop (didn't bet)
Seat 5: 3c14c6cb folded before Flop (didn't bet)
Seat 7: Hero folded before Flop (didn't bet)



Poker Hand #ring_910204375: NLH No Limit ($1/$2) - 2025/06/01 02:48:28
Table 'MR NLH 1/2' 7-max Seat #1 is the button
Seat 4: ee97090a ($524.55 in chips)
Seat 3: dcb80d62 ($1,375.72 in chips)
Seat 1: 81245fdb ($415.57 in chips)
Seat 2: 2897361d ($285.83 in chips)
Seat 6: 5a124e4b ($470.17 in chips)
Seat 5: 3c14c6cb ($108.94 in chips)
Seat 7: Hero ($494.29 in chips)
2897361d: posts small blind $1
dcb80d62: posts big blind $2
*** HOLE CARDS ***
Dealt to ee97090a 
Dealt to dcb80d62 
Dealt to 81245fdb 
Dealt to 2897361d 
Dealt to 5a124e4b 
Dealt to 3c14c6cb 
Dealt to Hero [Jd 9d]
ee97090a: folds
3c14c6cb: folds
5a124e4b: raises $3 to $5
Hero: calls $5
81245fdb: folds
2897361d: folds
dcb80d62: calls $3
*** FLOP *** [3d Ah 8c]
dcb80d62: checks
5a124e4b: bets $12.8
Hero: folds
dcb80d62: folds
Uncalled bet ($12.8) returned to 5a124e4b
*** SHOWDOWN ***
5a124e4b collected $16 from pot
*** SUMMARY ***
Total pot $16
Board [3d Ah 8c]
Seat 4: ee97090a folded before Flop (didn't bet)
Seat 3: dcb80d62(big blind) folded on the Flop
Seat 1: 81245fdb folded before Flop (didn't bet)
Seat 2: 2897361d(small blind) folded before Flop
Seat 6: 5a124e4bwon ($16) with Pair of Aces
Seat 5: 3c14c6cb folded before Flop (didn't bet)
Seat 7: Hero folded on the Flop



Poker Hand #ring_910203052: NLH No Limit ($1/$2) - 2025/06/01 02:47:33
Table 'MR NLH 1/2' 7-max Seat #7 is the button
Seat 4: ee97090a ($531.55 in chips)
Seat 3: dcb80d62 ($1,382.72 in chips)
Seat 1: 81245fdb ($380.77 in chips)
Seat 2: 2897361d ($287.83 in chips)
Seat 6: 5a124e4b ($470.17 in chips)
Seat 5: 3c14c6cb ($130.94 in chips)
Seat 7: Hero ($494.29 in chips)
81245fdb: posts small blind $1
2897361d: posts big blind $2
*** HOLE CARDS ***
Dealt to ee97090a 
Dealt to dcb80d62 
Dealt to 81245fdb 
Dealt to 2897361d 
Dealt to 5a124e4b 
Dealt to 3c14c6cb 
Dealt to Hero [7s 3d]
dcb80d62: raises $5 to $7
ee97090a: calls $7
3c14c6cb: calls $7
5a124e4b: folds
Hero: folds
81245fdb: calls $6
2897361d: folds
*** FLOP *** [2s 3s 4c]
81245fdb: checks
dcb80d62: checks
ee97090a: checks
3c14c6cb: checks
*** TURN *** [2s 3s 4c] [Js]
81245fdb: bets $15
dcb80d62: folds
ee97090a: folds
3c14c6cb: calls $15
*** RIVER *** [2s 3s 4c Js] [2h]
81245fdb: checks
3c14c6cb: checks
81245fdb: shows [Jh 8d]
3c14c6cb: shows [Ah Ts]
*** SHOWDOWN ***
81245fdb collected $60 from pot
*** SUMMARY ***
Total pot $60
Board [2s 3s 4c Js 2h]
Seat 4: ee97090a folded on the Turn
Seat 3: dcb80d62 folded on the Turn
Seat 1: 81245fdb(small blind) showed [Jh 8d] and won ($60) with Pair of Jacks and Pair of Twos
Seat 2: 2897361d(big blind) folded before Flop
Seat 6: 5a124e4b folded before Flop (didn't bet)
Seat 5: 3c14c6cb showed [Ah Ts] and lost with Pair of Twos
Seat 7: Hero folded before Flop (didn't bet)



Poker Hand #ring_910202118: NLH No Limit ($1/$2) - 2025/06/01 02:46:54
Table 'MR NLH 1/2' 7-max Seat #6 is the button
Seat 4: ee97090a ($531.55 in chips)
Seat 3: dcb80d62 ($1,382.72 in chips)
Seat 1: 81245fdb ($377.04 in chips)
Seat 2: 2897361d ($287.83 in chips)
Seat 6: 5a124e4b ($470.17 in chips)
Seat 5: 3c14c6cb ($132.94 in chips)
Seat 7: Hero ($496.29 in chips)
Hero: posts small blind $1
81245fdb: posts big blind $2
*** HOLE CARDS ***
Dealt to ee97090a 
Dealt to dcb80d62 
Dealt to 81245fdb 
Dealt to 2897361d 
Dealt to 5a124e4b 
Dealt to 3c14c6cb 
Dealt to Hero [8c 9s]
2897361d: folds
dcb80d62: folds
ee97090a: folds
3c14c6cb: calls $2
5a124e4b: folds
Hero: calls $1
81245fdb: checks
*** FLOP *** [3c 9c Jc]
Hero: checks
81245fdb: bets $6
3c14c6cb: folds
Hero: folds
Uncalled bet ($6) returned to 81245fdb
*** SHOWDOWN ***
81245fdb collected $6 from pot
*** SUMMARY ***
Total pot $6
Board [3c 9c Jc]
Seat 4: ee97090a folded before Flop (didn't bet)
Seat 3: dcb80d62 folded before Flop (didn't bet)
Seat 1: 81245fdb(big blind)won ($6) with Pair of Nines and Pair of Treys
Seat 2: 2897361d folded before Flop (didn't bet)
Seat 6: 5a124e4b folded before Flop (didn't bet)
Seat 5: 3c14c6cb folded on the Flop
Seat 7: Hero(small blind) folded on the Flop



Poker Hand #ring_910200248: NLH No Limit ($1/$2) - 2025/06/01 02:45:36
Table 'MR NLH 1/2' 7-max Seat #5 is the button
Seat 4: ee97090a ($445.24 in chips)
Seat 3: dcb80d62 ($1,382.72 in chips)
Seat 1: 81245fdb ($377.04 in chips)
Seat 2: 2897361d ($287.83 in chips)
Seat 6: 5a124e4b ($471.17 in chips)
Seat 5: 3c14c6cb ($225.18 in chips)
Seat 7: Hero ($498.29 in chips)
5a124e4b: posts small blind $1
Hero: posts big blind $2
*** HOLE CARDS ***
Dealt to ee97090a 
Dealt to dcb80d62 
Dealt to 81245fdb 
Dealt to 2897361d 
Dealt to 5a124e4b 
Dealt to 3c14c6cb 
Dealt to Hero [3c 4d]
81245fdb: folds
2897361d: folds
dcb80d62: folds
ee97090a: raises $4 to $6
3c14c6cb: raises $11.25 to $17.25
5a124e4b: folds
Hero: folds
ee97090a: calls $11.25
*** FLOP *** [Jc 8h 4c]
ee97090a: checks
3c14c6cb: bets $28.12
ee97090a: calls $28.12
*** TURN *** [Jc 8h 4c] [Qh]
ee97090a: checks
3c14c6cb: checks
*** RIVER *** [Jc 8h 4c Qh] [9h]
ee97090a: bets $46.87
3c14c6cb: calls $46.87
ee97090a: shows [Ts Td]
3c14c6cb: shows [Ah Jd]
*** SHOWDOWN ***
ee97090a collected $187.48 from pot
*** SUMMARY ***
Total pot $187.48
Board [Jc 8h 4c Qh 9h]
Seat 4: ee97090a showed [Ts Td] and won ($187.48) with Queens-High Straight
Seat 3: dcb80d62 folded before Flop (didn't bet)
Seat 1: 81245fdb folded before Flop (didn't bet)
Seat 2: 2897361d folded before Flop (didn't bet)
Seat 6: 5a124e4b(small blind) folded before Flop
Seat 5: 3c14c6cb showed [Ah Jd] and lost with Pair of Jacks
Seat 7: Hero(big blind) folded before Flop



Poker Hand #ring_910199523: NLH No Limit ($1/$2) - 2025/06/01 02:45:05
Table 'MR NLH 1/2' 7-max Seat #4 is the button
Seat 4: ee97090a ($445.24 in chips)
Seat 3: dcb80d62 ($1,382.72 in chips)
Seat 1: 81245fdb ($383.04 in chips)
Seat 2: 2897361d ($278.83 in chips)
Seat 6: 5a124e4b ($473.17 in chips)
Seat 5: 3c14c6cb ($226.18 in chips)
Seat 7: Hero ($498.29 in chips)
3c14c6cb: posts small blind $1
5a124e4b: posts big blind $2
*** HOLE CARDS ***
Dealt to ee97090a 
Dealt to dcb80d62 
Dealt to 81245fdb 
Dealt to 2897361d 
Dealt to 5a124e4b 
Dealt to 3c14c6cb 
Dealt to Hero [3h Jh]
Hero: folds
81245fdb: raises $4 to $6
2897361d: raises $19 to $25
dcb80d62: folds
ee97090a: folds
3c14c6cb: folds
5a124e4b: folds
81245fdb: folds
Uncalled bet ($19) returned to 2897361d
*** SHOWDOWN ***
2897361d collected $15 from pot
*** SUMMARY ***
Total pot $15
Seat 4: ee97090a folded before Flop (didn't bet)
Seat 3: dcb80d62 folded before Flop (didn't bet)
Seat 1: 81245fdb folded before Flop
Seat 2: 2897361dwon ($15)
Seat 6: 5a124e4b(big blind) folded before Flop
Seat 5: 3c14c6cb(small blind) folded before Flop
Seat 7: Hero folded before Flop (didn't bet)



Poker Hand #ring_910197882: NLH No Limit ($1/$2) - 2025/06/01 02:43:57
Table 'MR NLH 1/2' 7-max Seat #3 is the button
Seat 4: ee97090a ($446.24 in chips)
Seat 3: dcb80d62 ($1,386.72 in chips)
Seat 1: 81245fdb ($427.41 in chips)
Seat 2: 2897361d ($295.58 in chips)
Seat 6: 5a124e4b ($473.17 in chips)
Seat 5: 3c14c6cb ($165.53 in chips)
Seat 7: Hero ($498.29 in chips)
ee97090a: posts small blind $1
3c14c6cb: posts big blind $2
*** HOLE CARDS ***
Dealt to ee97090a 
Dealt to dcb80d62 
Dealt to 81245fdb 
Dealt to 2897361d 
Dealt to 5a124e4b 
Dealt to 3c14c6cb 
Dealt to Hero [8s 7h]
5a124e4b: folds
Hero: folds
81245fdb: raises $2 to $4
2897361d: calls $4
dcb80d62: calls $4
ee97090a: folds
3c14c6cb: calls $2
*** FLOP *** [As 3s 3d]
3c14c6cb: checks
81245fdb: checks
2897361d: checks
dcb80d62: checks
*** TURN *** [As 3s 3d] [Ks]
3c14c6cb: bets $12.75
81245fdb: calls $12.75
2897361d: calls $12.75
dcb80d62: folds
*** RIVER *** [As 3s 3d Ks] [9h]
3c14c6cb: bets $27.62
81245fdb: calls $27.62
2897361d: folds
81245fdb: shows [Ah 7s]
3c14c6cb: shows [5c 3h]
*** SHOWDOWN ***
3c14c6cb collected $110.49 from pot
*** SUMMARY ***
Total pot $110.49
Board [As 3s 3d Ks 9h]
Seat 4: ee97090a(small blind) folded before Flop
Seat 3: dcb80d62 folded on the Turn
Seat 1: 81245fdb showed [Ah 7s] and lost with Pair of Aces and Pair of Treys
Seat 2: 2897361d folded on the River
Seat 6: 5a124e4b folded before Flop (didn't bet)
Seat 5: 3c14c6cb(big blind) showed [5c 3h] and won ($110.49) with Three Treys
Seat 7: Hero folded before Flop (didn't bet)



Poker Hand #ring_910196386: NLH No Limit ($1/$2) - 2025/06/01 02:42:52
Table 'MR NLH 1/2' 7-max Seat #2 is the button
Seat 4: ee97090a ($425.95 in chips)
Seat 3: dcb80d62 ($1,387.72 in chips)
Seat 1: 81245fdb ($427.41 in chips)
Seat 2: 2897361d ($301.58 in chips)
Seat 6: 5a124e4b ($473.17 in chips)
Seat 5: 3c14c6cb ($181.03 in chips)
Seat 7: Hero ($498.29 in chips)
dcb80d62: posts small blind $1
ee97090a: posts big blind $2
*** HOLE CARDS ***
Dealt to ee97090a 
Dealt to dcb80d62 
Dealt to 81245fdb 
Dealt to 2897361d 
Dealt to 5a124e4b 
Dealt to 3c14c6cb 
Dealt to Hero [Qh 6d]
3c14c6cb: raises $4 to $6
5a124e4b: folds
Hero: folds
81245fdb: folds
2897361d: calls $6
dcb80d62: folds
ee97090a: calls $4
*** FLOP *** [8d 4c 2h]
ee97090a: bets $9.5
3c14c6cb: calls $9.5
2897361d: folds
*** TURN *** [8d 4c 2h] [5s]
ee97090a: bets $22
3c14c6cb: folds
Uncalled bet ($22) returned to ee97090a
*** SHOWDOWN ***
ee97090a collected $38 from pot
*** SUMMARY ***
Total pot $38
Board [8d 4c 2h 5s]
Seat 4: ee97090a(big blind)won ($38) with Eights-High Straight
Seat 3: dcb80d62(small blind) folded before Flop
Seat 1: 81245fdb folded before Flop (didn't bet)
Seat 2: 2897361d folded on the Flop
Seat 6: 5a124e4b folded before Flop (didn't bet)
Seat 5: 3c14c6cb folded on the Turn
Seat 7: Hero folded before Flop (didn't bet)



Poker Hand #ring_910195335: NLH No Limit ($1/$2) - 2025/06/01 02:42:08
Table 'MR NLH 1/2' 7-max Seat #1 is the button
Seat 4: ee97090a ($425.95 in chips)
Seat 3: dcb80d62 ($1,366.2 in chips)
Seat 1: 81245fdb ($431.41 in chips)
Seat 2: 2897361d ($321.58 in chips)
Seat 6: 5a124e4b ($473.17 in chips)
Seat 5: 3c14c6cb ($181.03 in chips)
Seat 7: Hero ($498.29 in chips)
2897361d: posts small blind $1
dcb80d62: posts big blind $2
*** HOLE CARDS ***
Dealt to ee97090a 
Dealt to dcb80d62 
Dealt to 81245fdb 
Dealt to 2897361d 
Dealt to 5a124e4b 
Dealt to 3c14c6cb 
Dealt to Hero [8c Ks]
ee97090a: folds
3c14c6cb: folds
5a124e4b: folds
Hero: folds
81245fdb: raises $2 to $4
2897361d: raises $16 to $20
dcb80d62: calls $18
81245fdb: folds
*** FLOP *** [Kd 2s Jd]
2897361d: checks
dcb80d62: checks
*** TURN *** [Kd 2s Jd] [9c]
2897361d: checks
dcb80d62: checks
*** RIVER *** [Kd 2s Jd 9c] [Th]
2897361d: checks
dcb80d62: checks
2897361d: shows [5h 6c]
dcb80d62: shows [As 7s]
*** SHOWDOWN ***
dcb80d62 collected $44 from pot
*** SUMMARY ***
Total pot $44
Board [Kd 2s Jd 9c Th]
Seat 4: ee97090a folded before Flop (didn't bet)
Seat 3: dcb80d62(big blind) showed [As 7s] and won ($44) with Ace-High
Seat 1: 81245fdb folded before Flop
Seat 2: 2897361d(small blind) showed [5h 6c] and lost with King-High
Seat 6: 5a124e4b folded before Flop (didn't bet)
Seat 5: 3c14c6cb folded before Flop (didn't bet)
Seat 7: Hero folded before Flop (didn't bet)



Poker Hand #ring_910194507: NLH No Limit ($1/$2) - 2025/06/01 02:41:32
Table 'MR NLH 1/2' 7-max Seat #7 is the button
Seat 4: ee97090a ($425.95 in chips)
Seat 3: dcb80d62 ($1,363.2 in chips)
Seat 1: 81245fdb ($432.41 in chips)
Seat 2: 2897361d ($323.58 in chips)
Seat 6: 5a124e4b ($473.17 in chips)
Seat 5: 3c14c6cb ($181.03 in chips)
Seat 7: Hero ($498.29 in chips)
81245fdb: posts small blind $1
2897361d: posts big blind $2
*** HOLE CARDS ***
Dealt to ee97090a 
Dealt to dcb80d62 
Dealt to 81245fdb 
Dealt to 2897361d 
Dealt to 5a124e4b 
Dealt to 3c14c6cb 
Dealt to Hero [5s Qc]
dcb80d62: raises $5 to $7
ee97090a: folds
3c14c6cb: folds
5a124e4b: folds
Hero: folds
81245fdb: folds
2897361d: folds
Uncalled bet ($5) returned to dcb80d62
*** SHOWDOWN ***
dcb80d62 collected $5 from pot
*** SUMMARY ***
Total pot $5
Seat 4: ee97090a folded before Flop (didn't bet)
Seat 3: dcb80d62won ($5)
Seat 1: 81245fdb(small blind) folded before Flop
Seat 2: 2897361d(big blind) folded before Flop
Seat 6: 5a124e4b folded before Flop (didn't bet)
Seat 5: 3c14c6cb folded before Flop (didn't bet)
Seat 7: Hero folded before Flop (didn't bet)



Poker Hand #ring_910193255: NLH No Limit ($1/$2) - 2025/06/01 02:40:41
Table 'MR NLH 1/2' 7-max Seat #6 is the button
Seat 4: ee97090a ($422.95 in chips)
Seat 3: dcb80d62 ($1,363.2 in chips)
Seat 1: 81245fdb ($434.41 in chips)
Seat 2: 2897361d ($323.58 in chips)
Seat 6: 5a124e4b ($473.17 in chips)
Seat 5: 3c14c6cb ($181.03 in chips)
Seat 7: Hero ($499.29 in chips)
Hero: posts small blind $1
81245fdb: posts big blind $2
*** HOLE CARDS ***
Dealt to ee97090a 
Dealt to dcb80d62 
Dealt to 81245fdb 
Dealt to 2897361d 
Dealt to 5a124e4b 
Dealt to 3c14c6cb 
Dealt to Hero [Kd Th]
2897361d: folds
dcb80d62: folds
ee97090a: raises $4 to $6
3c14c6cb: folds
5a124e4b: folds
Hero: folds
81245fdb: folds
Uncalled bet ($4) returned to ee97090a
*** SHOWDOWN ***
ee97090a collected $5 from pot
*** SUMMARY ***
Total pot $5
Seat 4: ee97090awon ($5)
Seat 3: dcb80d62 folded before Flop (didn't bet)
Seat 1: 81245fdb(big blind) folded before Flop
Seat 2: 2897361d folded before Flop (didn't bet)
Seat 6: 5a124e4b folded before Flop (didn't bet)
Seat 5: 3c14c6cb folded before Flop (didn't bet)
Seat 7: Hero(small blind) folded before Flop



Poker Hand #ring_910190371: NLH No Limit ($1/$2) - 2025/06/01 02:38:39
Table 'MR NLH 1/2' 7-max Seat #5 is the button
Seat 4: ee97090a ($493.55 in chips)
Seat 3: dcb80d62 ($1,363.2 in chips)
Seat 1: 81245fdb ($434.41 in chips)
Seat 2: 2897361d ($329.58 in chips)
Seat 6: 5a124e4b ($474.17 in chips)
Seat 5: 3c14c6cb ($181.03 in chips)
Seat 7: Hero ($428.85 in chips)
5a124e4b: posts small blind $1
Hero: posts big blind $2
*** HOLE CARDS ***
Dealt to ee97090a 
Dealt to dcb80d62 
Dealt to 81245fdb 
Dealt to 2897361d 
Dealt to 5a124e4b 
Dealt to 3c14c6cb 
Dealt to Hero [8h 9h]
81245fdb: folds
2897361d: calls $2
dcb80d62: folds
ee97090a: raises $4 to $6
3c14c6cb: folds
5a124e4b: folds
Hero: calls $4
2897361d: calls $4
*** FLOP *** [7d 6s 4d]
Hero: bets $9.5
2897361d: folds
ee97090a: calls $9.5
*** TURN *** [7d 6s 4d] [8c]
Hero: bets $55.1
ee97090a: calls $55.1
*** RIVER *** [7d 6s 4d 8c] [Tc]
Hero: bets $214.89
ee97090a: folds
Uncalled bet ($214.89) returned to Hero
ee97090a: shows [5s]
*** SHOWDOWN ***
Hero collected $148.2 from pot
*** SUMMARY ***
Total pot $148.2
Board [7d 6s 4d 8c Tc]
Seat 4: ee97090a folded on the River
Seat 3: dcb80d62 folded before Flop (didn't bet)
Seat 1: 81245fdb folded before Flop (didn't bet)
Seat 2: 2897361d folded on the Flop
Seat 6: 5a124e4b(small blind) folded before Flop
Seat 5: 3c14c6cb folded before Flop (didn't bet)
Seat 7: Hero(big blind)won ($148.2) with Tens-High Straight



Poker Hand #ring_910189305: NLH No Limit ($1/$2) - 2025/06/01 02:37:55
Table 'MR NLH 1/2' 7-max Seat #4 is the button
Seat 4: ee97090a ($493.55 in chips)
Seat 3: dcb80d62 ($1,372.2 in chips)
Seat 1: 81245fdb ($407.62 in chips)
Seat 2: 2897361d ($329.58 in chips)
Seat 6: 5a124e4b ($476.17 in chips)
Seat 5: 3c14c6cb ($190.03 in chips)
Seat 7: Hero ($437.85 in chips)
3c14c6cb: posts small blind $1
5a124e4b: posts big blind $2
*** HOLE CARDS ***
Dealt to ee97090a 
Dealt to dcb80d62 
Dealt to 81245fdb 
Dealt to 2897361d 
Dealt to 5a124e4b 
Dealt to 3c14c6cb 
Dealt to Hero [6c Kc]
Hero: calls $2
81245fdb: raises $7 to $9
2897361d: folds
dcb80d62: calls $9
ee97090a: folds
3c14c6cb: calls $8
5a124e4b: folds
Hero: calls $7
*** FLOP *** [Js Ah 7d]
3c14c6cb: checks
Hero: checks
81245fdb: bets $19
dcb80d62: folds
3c14c6cb: folds
Hero: folds
Uncalled bet ($19) returned to 81245fdb
*** SHOWDOWN ***
81245fdb collected $38 from pot
*** SUMMARY ***
Total pot $38
Board [Js Ah 7d]
Seat 4: ee97090a folded before Flop (didn't bet)
Seat 3: dcb80d62 folded on the Flop
Seat 1: 81245fdbwon ($38) with Pair of Aces
Seat 2: 2897361d folded before Flop (didn't bet)
Seat 6: 5a124e4b(big blind) folded before Flop
Seat 5: 3c14c6cb(small blind) folded on the Flop
Seat 7: Hero folded on the Flop



Poker Hand #ring_910188060: NLH No Limit ($1/$2) - 2025/06/01 02:37:01
Table 'MR NLH 1/2' 7-max Seat #3 is the button
Seat 4: ee97090a ($497.55 in chips)
Seat 3: dcb80d62 ($1,372.2 in chips)
Seat 1: 81245fdb ($435.62 in chips)
Seat 2: 2897361d ($329.58 in chips)
Seat 6: 5a124e4b ($476.17 in chips)
Seat 5: 3c14c6cb ($161.23 in chips)
Seat 7: Hero ($437.85 in chips)
ee97090a: posts small blind $1
3c14c6cb: posts big blind $2
*** HOLE CARDS ***
Dealt to ee97090a 
Dealt to dcb80d62 
Dealt to 81245fdb 
Dealt to 2897361d 
Dealt to 5a124e4b 
Dealt to 3c14c6cb 
Dealt to Hero [Jh Ts]
5a124e4b: folds
Hero: folds
81245fdb: raises $2 to $4
2897361d: folds
dcb80d62: folds
ee97090a: calls $3
3c14c6cb: calls $2
*** FLOP *** [2c 8h Td]
ee97090a: checks
3c14c6cb: bets $9
81245fdb: calls $9
ee97090a: folds
*** TURN *** [2c 8h Td] [Kh]
3c14c6cb: bets $15
81245fdb: calls $15
*** RIVER *** [2c 8h Td Kh] [Ks]
3c14c6cb: bets $45
81245fdb: folds
Uncalled bet ($45) returned to 3c14c6cb
*** SHOWDOWN ***
3c14c6cb collected $60 from pot
*** SUMMARY ***
Total pot $60
Board [2c 8h Td Kh Ks]
Seat 4: ee97090a(small blind) folded on the Flop
Seat 3: dcb80d62 folded before Flop (didn't bet)
Seat 1: 81245fdb folded on the River
Seat 2: 2897361d folded before Flop (didn't bet)
Seat 6: 5a124e4b folded before Flop (didn't bet)
Seat 5: 3c14c6cb(big blind)won ($60) with Pair of Kings
Seat 7: Hero folded before Flop (didn't bet)



Poker Hand #ring_910186240: NLH No Limit ($1/$2) - 2025/06/01 02:35:45
Table 'MR NLH 1/2' 7-max Seat #2 is the button
Seat 4: ee97090a ($427.45 in chips)
Seat 3: dcb80d62 ($1,377.2 in chips)
Seat 1: 81245fdb ($435.62 in chips)
Seat 2: 2897361d ($334.58 in chips)
Seat 6: 5a124e4b ($543.25 in chips)
Seat 5: 3c14c6cb ($161.23 in chips)
Seat 7: Hero ($437.85 in chips)
dcb80d62: posts small blind $1
ee97090a: posts big blind $2
*** HOLE CARDS ***
Dealt to ee97090a 
Dealt to dcb80d62 
Dealt to 81245fdb 
Dealt to 2897361d 
Dealt to 5a124e4b 
Dealt to 3c14c6cb 
Dealt to Hero [5c 6h]
3c14c6cb: folds
5a124e4b: raises $3 to $5
Hero: folds
81245fdb: folds
2897361d: calls $5
dcb80d62: calls $4
ee97090a: calls $3
*** FLOP *** [9h 2h Qs]
dcb80d62: checks
ee97090a: checks
5a124e4b: bets $13.6
2897361d: folds
dcb80d62: folds
ee97090a: calls $13.6
*** TURN *** [9h 2h Qs] [9d]
ee97090a: bets $15.57
5a124e4b: raises $32.91 to $48.48
ee97090a: calls $32.91
*** RIVER *** [9h 2h Qs 9d] [5s]
ee97090a: checks
5a124e4b: checks
ee97090a: shows [9s 7d]
5a124e4b: shows [Qd Ah]
*** SHOWDOWN ***
ee97090a collected $144.16 from pot
*** SUMMARY ***
Total pot $144.16
Board [9h 2h Qs 9d 5s]
Seat 4: ee97090a(big blind) showed [9s 7d] and won ($144.16) with Three Nines
Seat 3: dcb80d62(small blind) folded on the Flop
Seat 1: 81245fdb folded before Flop (didn't bet)
Seat 2: 2897361d folded on the Flop
Seat 6: 5a124e4b showed [Qd Ah] and lost with Pair of Queens and Pair of Nines
Seat 5: 3c14c6cb folded before Flop (didn't bet)
Seat 7: Hero folded before Flop (didn't bet)



Poker Hand #ring_910185624: NLH No Limit ($1/$2) - 2025/06/01 02:35:19
Table 'MR NLH 1/2' 7-max Seat #1 is the button
Seat 4: ee97090a ($424.45 in chips)
Seat 3: dcb80d62 ($1,379.2 in chips)
Seat 1: 81245fdb ($435.62 in chips)
Seat 2: 2897361d ($335.58 in chips)
Seat 6: 5a124e4b ($543.25 in chips)
Seat 5: 3c14c6cb ($161.23 in chips)
Seat 7: Hero ($437.85 in chips)
2897361d: posts small blind $1
dcb80d62: posts big blind $2
*** HOLE CARDS ***
Dealt to ee97090a 
Dealt to dcb80d62 
Dealt to 81245fdb 
Dealt to 2897361d 
Dealt to 5a124e4b 
Dealt to 3c14c6cb 
Dealt to Hero [Jh 9s]
ee97090a: raises $4 to $6
3c14c6cb: folds
5a124e4b: folds
Hero: folds
81245fdb: folds
2897361d: folds
dcb80d62: folds
Uncalled bet ($4) returned to ee97090a
*** SHOWDOWN ***
ee97090a collected $5 from pot
*** SUMMARY ***
Total pot $5
Seat 4: ee97090awon ($5)
Seat 3: dcb80d62(big blind) folded before Flop
Seat 1: 81245fdb folded before Flop (didn't bet)
Seat 2: 2897361d(small blind) folded before Flop
Seat 6: 5a124e4b folded before Flop (didn't bet)
Seat 5: 3c14c6cb folded before Flop (didn't bet)
Seat 7: Hero folded before Flop (didn't bet)



Poker Hand #ring_910184314: NLH No Limit ($1/$2) - 2025/06/01 02:34:23
Table 'MR NLH 1/2' 7-max Seat #7 is the button
Seat 4: ee97090a ($424.45 in chips)
Seat 3: dcb80d62 ($1,352.31 in chips)
Seat 1: 81245fdb ($442.62 in chips)
Seat 2: 2897361d ($358.33 in chips)
Seat 6: 5a124e4b ($543.25 in chips)
Seat 5: 3c14c6cb ($161.23 in chips)
Seat 7: Hero ($437.85 in chips)
81245fdb: posts small blind $1
2897361d: posts big blind $2
*** HOLE CARDS ***
Dealt to ee97090a 
Dealt to dcb80d62 
Dealt to 81245fdb 
Dealt to 2897361d 
Dealt to 5a124e4b 
Dealt to 3c14c6cb 
Dealt to Hero [Ah 4d]
dcb80d62: raises $5 to $7
ee97090a: folds
3c14c6cb: folds
5a124e4b: folds
Hero: folds
81245fdb: calls $6
2897361d: calls $5
*** FLOP *** [2h 6c 3c]
81245fdb: checks
2897361d: checks
dcb80d62: checks
*** TURN *** [2h 6c 3c] [Kh]
81245fdb: checks
2897361d: checks
dcb80d62: bets $15.75
81245fdb: folds
2897361d: calls $15.75
*** RIVER *** [2h 6c 3c Kh] [6s]
2897361d: checks
dcb80d62: checks
2897361d: shows [7h 7s]
dcb80d62: shows [Ad Ks]
*** SHOWDOWN ***
dcb80d62 collected $52.5 from pot
*** SUMMARY ***
Total pot $52.5
Board [2h 6c 3c Kh 6s]
Seat 4: ee97090a folded before Flop (didn't bet)
Seat 3: dcb80d62 showed [Ad Ks] and won ($52.5) with Pair of Kings and Pair of Sixes
Seat 1: 81245fdb(small blind) folded on the Turn
Seat 2: 2897361d(big blind) showed [7h 7s] and lost with Pair of Sevens and Pair of Sixes
Seat 6: 5a124e4b folded before Flop (didn't bet)
Seat 5: 3c14c6cb folded before Flop (didn't bet)
Seat 7: Hero folded before Flop (didn't bet)



Poker Hand #ring_910182906: NLH No Limit ($1/$2) - 2025/06/01 02:33:25
Table 'MR NLH 1/2' 7-max Seat #6 is the button
Seat 4: ee97090a ($444.7 in chips)
Seat 3: dcb80d62 ($1,352.31 in chips)
Seat 1: 81245fdb ($462.87 in chips)
Seat 2: 2897361d ($358.33 in chips)
Seat 6: 5a124e4b ($543.25 in chips)
Seat 5: 3c14c6cb ($123 in chips)
Seat 7: Hero ($438.85 in chips)
Hero: posts small blind $1
81245fdb: posts big blind $2
*** HOLE CARDS ***
Dealt to ee97090a 
Dealt to dcb80d62 
Dealt to 81245fdb 
Dealt to 2897361d 
Dealt to 5a124e4b 
Dealt to 3c14c6cb 
Dealt to Hero [Ts 2s]
2897361d: folds
dcb80d62: folds
ee97090a: raises $4 to $6
3c14c6cb: calls $6
5a124e4b: folds
Hero: folds
81245fdb: raises $14.25 to $20.25
ee97090a: calls $14.25
3c14c6cb: calls $14.25
*** FLOP *** [3c 9h 7s]
81245fdb: checks
ee97090a: checks
3c14c6cb: bets $102.75 and is all-in
81245fdb: folds
ee97090a: folds
Uncalled bet ($102.75) returned to 3c14c6cb
*** SHOWDOWN ***
3c14c6cb collected $61.75 from pot
*** SUMMARY ***
Total pot $61.75
Board [3c 9h 7s]
Seat 4: ee97090a folded on the Flop
Seat 3: dcb80d62 folded before Flop (didn't bet)
Seat 1: 81245fdb(big blind) folded on the Flop
Seat 2: 2897361d folded before Flop (didn't bet)
Seat 6: 5a124e4b folded before Flop (didn't bet)
Seat 5: 3c14c6cbwon ($61.75) with Pair of Sevens
Seat 7: Hero(small blind) folded before Flop



Poker Hand #ring_910180263: NLH No Limit ($1/$2) - 2025/06/01 02:31:37
Table 'MR NLH 1/2' 7-max Seat #5 is the button
Seat 4: ee97090a ($457.2 in chips)
Seat 3: dcb80d62 ($1,352.31 in chips)
Seat 1: 81245fdb ($475.37 in chips)
Seat 2: 2897361d ($358.33 in chips)
Seat 6: 5a124e4b ($544.25 in chips)
Seat 5: 3c14c6cb ($127 in chips)
Seat 7: Hero ($411.26 in chips)
5a124e4b: posts small blind $1
Hero: posts big blind $2
*** HOLE CARDS ***
Dealt to ee97090a 
Dealt to dcb80d62 
Dealt to 81245fdb 
Dealt to 2897361d 
Dealt to 5a124e4b 
Dealt to 3c14c6cb 
Dealt to Hero [5h 7s]
81245fdb: raises $2 to $4
2897361d: folds
dcb80d62: folds
ee97090a: calls $4
3c14c6cb: calls $4
5a124e4b: folds
Hero: calls $2
*** FLOP *** [4s 5c Kd]
Hero: checks
81245fdb: checks
ee97090a: bets $8.5
3c14c6cb: folds
Hero: calls $8.5
81245fdb: calls $8.5
*** TURN *** [4s 5c Kd] [5s]
Hero: checks
81245fdb: checks
ee97090a: checks
*** RIVER *** [4s 5c Kd 5s] [8d]
Hero: bets $21.25
81245fdb: folds
ee97090a: folds
Uncalled bet ($21.25) returned to Hero
2897361d: shows [Jd]
*** SHOWDOWN ***
Hero collected $42.5 from pot
*** SUMMARY ***
Total pot $42.5
Board [4s 5c Kd 5s 8d]
Seat 4: ee97090a folded on the River
Seat 3: dcb80d62 folded before Flop (didn't bet)
Seat 1: 81245fdb folded on the River
Seat 2: 2897361d folded before Flop (didn't bet)
Seat 6: 5a124e4b(small blind) folded before Flop
Seat 5: 3c14c6cb folded on the Flop
Seat 7: Hero(big blind)won ($42.5) with Three Fives



Poker Hand #ring_910179311: NLH No Limit ($1/$2) - 2025/06/01 02:30:59
Table 'MR NLH 1/2' 7-max Seat #4 is the button
Seat 4: ee97090a ($457.2 in chips)
Seat 3: dcb80d62 ($1,371.31 in chips)
Seat 1: 81245fdb ($479.37 in chips)
Seat 2: 2897361d ($362.33 in chips)
Seat 6: 5a124e4b ($546.25 in chips)
Seat 5: 3c14c6cb ($98 in chips)
Seat 7: Hero ($411.26 in chips)
3c14c6cb: posts small blind $1
5a124e4b: posts big blind $2
*** HOLE CARDS ***
Dealt to ee97090a 
Dealt to dcb80d62 
Dealt to 81245fdb 
Dealt to 2897361d 
Dealt to 5a124e4b 
Dealt to 3c14c6cb 
Dealt to Hero [Qs 8d]
Hero: folds
81245fdb: raises $2 to $4
2897361d: calls $4
dcb80d62: raises $15 to $19
ee97090a: folds
3c14c6cb: raises $79 to $98 and is all-in
5a124e4b: folds
81245fdb: folds
2897361d: folds
dcb80d62: folds
Uncalled bet ($79) returned to 3c14c6cb
*** SHOWDOWN ***
3c14c6cb collected $48 from pot
*** SUMMARY ***
Total pot $48
Seat 4: ee97090a folded before Flop (didn't bet)
Seat 3: dcb80d62 folded before Flop
Seat 1: 81245fdb folded before Flop
Seat 2: 2897361d folded before Flop
Seat 6: 5a124e4b(big blind) folded before Flop
Seat 5: 3c14c6cb(small blind)won ($48)
Seat 7: Hero folded before Flop (didn't bet)



Poker Hand #ring_910178766: NLH No Limit ($1/$2) - 2025/06/01 02:30:38
Table 'MR NLH 1/2' 7-max Seat #3 is the button
Seat 4: ee97090a ($458.2 in chips)
Seat 3: dcb80d62 ($1,371.31 in chips)
Seat 1: 81245fdb ($476.37 in chips)
Seat 2: 2897361d ($362.33 in chips)
Seat 6: 5a124e4b ($546.25 in chips)
Seat 5: 3c14c6cb ($100 in chips)
Seat 7: Hero ($411.26 in chips)
ee97090a: posts small blind $1
3c14c6cb: posts big blind $2
*** HOLE CARDS ***
Dealt to ee97090a 
Dealt to dcb80d62 
Dealt to 81245fdb 
Dealt to 2897361d 
Dealt to 5a124e4b 
Dealt to 3c14c6cb 
Dealt to Hero [3c 2s]
5a124e4b: folds
Hero: folds
81245fdb: raises $2 to $4
2897361d: folds
dcb80d62: folds
ee97090a: folds
3c14c6cb: folds
Uncalled bet ($2) returned to 81245fdb
*** SHOWDOWN ***
81245fdb collected $5 from pot
*** SUMMARY ***
Total pot $5
Seat 4: ee97090a(small blind) folded before Flop
Seat 3: dcb80d62 folded before Flop (didn't bet)
Seat 1: 81245fdbwon ($5)
Seat 2: 2897361d folded before Flop (didn't bet)
Seat 6: 5a124e4b folded before Flop (didn't bet)
Seat 5: 3c14c6cb(big blind) folded before Flop
Seat 7: Hero folded before Flop (didn't bet)



Poker Hand #ring_910177070: NLH No Limit ($1/$2) - 2025/06/01 02:29:28
Table 'MR NLH 1/2' 7-max Seat #2 is the button
Seat 4: ee97090a ($420.3 in chips)
Seat 3: dcb80d62 ($1,409.31 in chips)
Seat 1: 81245fdb ($480.37 in chips)
Seat 2: 2897361d ($362.33 in chips)
Seat 6: 5a124e4b ($546.25 in chips)
Seat 7: Hero ($411.26 in chips)
dcb80d62: posts small blind $1
ee97090a: posts big blind $2
*** HOLE CARDS ***
Dealt to ee97090a 
Dealt to dcb80d62 
Dealt to 81245fdb 
Dealt to 2897361d 
Dealt to 5a124e4b 
Dealt to Hero [5d Qh]
5a124e4b: folds
Hero: folds
81245fdb: raises $2 to $4
2897361d: folds
dcb80d62: calls $3
ee97090a: raises $18 to $22
81245fdb: folds
dcb80d62: calls $18
*** FLOP *** [5h 5s Td]
dcb80d62: checks
ee97090a: bets $16
dcb80d62: calls $16
*** TURN *** [5h 5s Td] [6c]
dcb80d62: checks
ee97090a: checks
*** RIVER *** [5h 5s Td 6c] [Qs]
dcb80d62: checks
ee97090a: checks
dcb80d62: shows [Jh Ad]
ee97090a: shows [Th Kc]
*** SHOWDOWN ***
ee97090a collected $80 from pot
*** SUMMARY ***
Total pot $80
Board [5h 5s Td 6c Qs]
Seat 4: ee97090a(big blind) showed [Th Kc] and won ($80) with Pair of Tens and Pair of Fives
Seat 3: dcb80d62(small blind) showed [Jh Ad] and lost with Pair of Fives
Seat 1: 81245fdb folded before Flop
Seat 2: 2897361d folded before Flop (didn't bet)
Seat 6: 5a124e4b folded before Flop (didn't bet)
Seat 7: Hero folded before Flop (didn't bet)



Poker Hand #ring_910175634: NLH No Limit ($1/$2) - 2025/06/01 02:28:29
Table 'MR NLH 1/2' 7-max Seat #1 is the button
Seat 4: ee97090a ($402.94 in chips)
Seat 3: dcb80d62 ($1,421.58 in chips)
Seat 1: 81245fdb ($480.37 in chips)
Seat 2: 2897361d ($363.33 in chips)
Seat 6: 5a124e4b ($552.25 in chips)
Seat 7: Hero ($411.26 in chips)
2897361d: posts small blind $1
dcb80d62: posts big blind $2
*** HOLE CARDS ***
Dealt to ee97090a 
Dealt to dcb80d62 
Dealt to 81245fdb 
Dealt to 2897361d 
Dealt to 5a124e4b 
Dealt to Hero [5c 8d]
ee97090a: raises $4 to $6
5a124e4b: calls $6
Hero: folds
81245fdb: folds
2897361d: folds
dcb80d62: calls $4
*** FLOP *** [9c Kh 6d]
dcb80d62: checks
ee97090a: bets $6.27
5a124e4b: folds
dcb80d62: calls $6.27
*** TURN *** [9c Kh 6d] [3c]
dcb80d62: checks
ee97090a: bets $23.65
dcb80d62: folds
Uncalled bet ($23.65) returned to ee97090a
*** SHOWDOWN ***
ee97090a collected $31.54 from pot
*** SUMMARY ***
Total pot $31.54
Board [9c Kh 6d 3c]
Seat 4: ee97090awon ($31.54) with King-High
Seat 3: dcb80d62(big blind) folded on the Turn
Seat 1: 81245fdb folded before Flop (didn't bet)
Seat 2: 2897361d(small blind) folded before Flop
Seat 6: 5a124e4b folded on the Flop
Seat 7: Hero folded before Flop (didn't bet)



Poker Hand #ring_910174447: NLH No Limit ($1/$2) - 2025/06/01 02:27:42
Table 'MR NLH 1/2' 7-max Seat #7 is the button
Seat 4: ee97090a ($402.94 in chips)
Seat 3: dcb80d62 ($1,440.08 in chips)
Seat 1: 81245fdb ($405.21 in chips)
Seat 2: 2897361d ($365.33 in chips)
Seat 6: 5a124e4b ($552.25 in chips)
Seat 7: Hero ($472.88 in chips)
81245fdb: posts small blind $1
2897361d: posts big blind $2
*** HOLE CARDS ***
Dealt to ee97090a 
Dealt to dcb80d62 
Dealt to 81245fdb 
Dealt to 2897361d 
Dealt to 5a124e4b 
Dealt to Hero [Jc 9c]
dcb80d62: raises $5 to $7
ee97090a: folds
5a124e4b: folds
Hero: calls $7
81245fdb: calls $6
2897361d: folds
*** FLOP *** [2c 4c 6s]
81245fdb: checks
dcb80d62: bets $11.5
Hero: calls $11.5
81245fdb: raises $43.12 to $54.62
dcb80d62: folds
Hero: calls $43.12
*** TURN *** [2c 4c 6s] [Qh]
81245fdb: bets $343.59 and is all-in
Hero: folds
Uncalled bet ($343.59) returned to 81245fdb
*** SHOWDOWN ***
81245fdb collected $143.74 from pot
*** SUMMARY ***
Total pot $143.74
Board [2c 4c 6s Qh]
Seat 4: ee97090a folded before Flop (didn't bet)
Seat 3: dcb80d62 folded on the Flop
Seat 1: 81245fdb(small blind)won ($143.74) with Sixes-High Straight
Seat 2: 2897361d(big blind) folded before Flop
Seat 6: 5a124e4b folded before Flop (didn't bet)
Seat 7: Hero folded on the Turn



Poker Hand #ring_910173726: NLH No Limit ($1/$2) - 2025/06/01 02:27:13
Table 'MR NLH 1/2' 7-max Seat #6 is the button
Seat 4: ee97090a ($399.94 in chips)
Seat 3: dcb80d62 ($1,440.08 in chips)
Seat 1: 81245fdb ($407.21 in chips)
Seat 2: 2897361d ($365.33 in chips)
Seat 6: 5a124e4b ($552.25 in chips)
Seat 7: Hero ($473.88 in chips)
Hero: posts small blind $1
81245fdb: posts big blind $2
*** HOLE CARDS ***
Dealt to ee97090a 
Dealt to dcb80d62 
Dealt to 81245fdb 
Dealt to 2897361d 
Dealt to 5a124e4b 
Dealt to Hero [7h 8d]
2897361d: folds
dcb80d62: folds
ee97090a: raises $4 to $6
5a124e4b: folds
Hero: folds
81245fdb: folds
Uncalled bet ($4) returned to ee97090a
*** SHOWDOWN ***
ee97090a collected $5 from pot
*** SUMMARY ***
Total pot $5
Seat 4: ee97090awon ($5)
Seat 3: dcb80d62 folded before Flop (didn't bet)
Seat 1: 81245fdb(big blind) folded before Flop
Seat 2: 2897361d folded before Flop (didn't bet)
Seat 6: 5a124e4b folded before Flop (didn't bet)
Seat 7: Hero(small blind) folded before Flop



Poker Hand #ring_910173110: NLH No Limit ($1/$2) - 2025/06/01 02:26:48
Table 'MR NLH 1/2' 7-max Seat #4 is the button
Seat 4: ee97090a ($399.94 in chips)
Seat 3: dcb80d62 ($1,440.08 in chips)
Seat 1: 81245fdb ($407.21 in chips)
Seat 2: 2897361d ($365.33 in chips)
Seat 6: 5a124e4b ($550.25 in chips)
Seat 7: Hero ($475.88 in chips)
5a124e4b: posts small blind $1
Hero: posts big blind $2
*** HOLE CARDS ***
Dealt to ee97090a 
Dealt to dcb80d62 
Dealt to 81245fdb 
Dealt to 2897361d 
Dealt to 5a124e4b 
Dealt to Hero [Td 5c]
81245fdb: folds
2897361d: folds
dcb80d62: folds
ee97090a: folds
5a124e4b: raises $4 to $6
Hero: folds
Uncalled bet ($4) returned to 5a124e4b
*** SHOWDOWN ***
5a124e4b collected $4 from pot
*** SUMMARY ***
Total pot $4
Seat 4: ee97090a folded before Flop (didn't bet)
Seat 3: dcb80d62 folded before Flop (didn't bet)
Seat 1: 81245fdb folded before Flop (didn't bet)
Seat 2: 2897361d folded before Flop (didn't bet)
Seat 6: 5a124e4b(small blind)won ($4)
Seat 7: Hero(big blind) folded before Flop



Poker Hand #ring_910172710: NLH No Limit ($1/$2) - 2025/06/01 02:26:32
Table 'MR NLH 1/2' 7-max Seat #3 is the button
Seat 4: ee97090a ($400.94 in chips)
Seat 3: dcb80d62 ($1,440.08 in chips)
Seat 1: 81245fdb ($407.21 in chips)
Seat 2: 2897361d ($365.33 in chips)
Seat 6: 5a124e4b ($549.25 in chips)
Seat 7: Hero ($475.88 in chips)
ee97090a: posts small blind $1
5a124e4b: posts big blind $2
*** HOLE CARDS ***
Dealt to ee97090a 
Dealt to dcb80d62 
Dealt to 81245fdb 
Dealt to 2897361d 
Dealt to 5a124e4b 
Dealt to Hero [Js 6s]
Hero: folds
81245fdb: folds
2897361d: folds
dcb80d62: folds
ee97090a: folds
*** SHOWDOWN ***
5a124e4b collected $3 from pot
*** SUMMARY ***
Total pot $3
Seat 4: ee97090a(small blind) folded before Flop
Seat 3: dcb80d62 folded before Flop (didn't bet)
Seat 1: 81245fdb folded before Flop (didn't bet)
Seat 2: 2897361d folded before Flop (didn't bet)
Seat 6: 5a124e4b(big blind)won ($3)
Seat 7: Hero folded before Flop (didn't bet)



Poker Hand #ring_910172198: NLH No Limit ($1/$2) - 2025/06/01 02:26:11
Table 'MR NLH 1/2' 7-max Seat #2 is the button
Seat 4: ee97090a ($399.94 in chips)
Seat 3: dcb80d62 ($1,441.08 in chips)
Seat 1: 81245fdb ($407.21 in chips)
Seat 2: 2897361d ($365.33 in chips)
Seat 6: 5a124e4b ($549.25 in chips)
Seat 7: Hero ($475.88 in chips)
dcb80d62: posts small blind $1
ee97090a: posts big blind $2
*** HOLE CARDS ***
Dealt to ee97090a 
Dealt to dcb80d62 
Dealt to 81245fdb 
Dealt to 2897361d 
Dealt to 5a124e4b 
Dealt to Hero [3s 7c]
5a124e4b: folds
Hero: folds
81245fdb: folds
2897361d: folds
dcb80d62: folds
*** SHOWDOWN ***
ee97090a collected $3 from pot
*** SUMMARY ***
Total pot $3
Seat 4: ee97090a(big blind)won ($3)
Seat 3: dcb80d62(small blind) folded before Flop
Seat 1: 81245fdb folded before Flop (didn't bet)
Seat 2: 2897361d folded before Flop (didn't bet)
Seat 6: 5a124e4b folded before Flop (didn't bet)
Seat 7: Hero folded before Flop (didn't bet)



Poker Hand #ring_910170592: NLH No Limit ($1/$2) - 2025/06/01 02:25:04
Table 'MR NLH 1/2' 7-max Seat #1 is the button
Seat 4: ee97090a ($399.94 in chips)
Seat 3: dcb80d62 ($1,443.08 in chips)
Seat 1: 81245fdb ($427.21 in chips)
Seat 2: 2897361d ($385.33 in chips)
Seat 6: 5a124e4b ($505.76 in chips)
Seat 7: Hero ($480.88 in chips)
2897361d: posts small blind $1
dcb80d62: posts big blind $2
*** HOLE CARDS ***
Dealt to ee97090a 
Dealt to dcb80d62 
Dealt to 81245fdb 
Dealt to 2897361d 
Dealt to 5a124e4b 
Dealt to Hero [Ah 9s]
ee97090a: folds
5a124e4b: raises $3 to $5
Hero: calls $5
81245fdb: calls $5
2897361d: raises $15 to $20
dcb80d62: folds
5a124e4b: calls $15
Hero: folds
81245fdb: calls $15
*** FLOP *** [3c 6s 5h]
2897361d: checks
5a124e4b: bets $45.56
81245fdb: folds
2897361d: folds
Uncalled bet ($45.56) returned to 5a124e4b
*** SHOWDOWN ***
5a124e4b collected $67 from pot
*** SUMMARY ***
Total pot $67
Board [3c 6s 5h]
Seat 4: ee97090a folded before Flop (didn't bet)
Seat 3: dcb80d62(big blind) folded before Flop
Seat 1: 81245fdb folded on the Flop
Seat 2: 2897361d(small blind) folded on the Flop
Seat 6: 5a124e4bwon ($67) with Pair of Sixes
Seat 7: Hero folded before Flop



Poker Hand #ring_910168703: NLH No Limit ($1/$2) - 2025/06/01 02:23:48
Table 'MR NLH 1/2' 7-max Seat #7 is the button
Seat 4: ee97090a ($399.94 in chips)
Seat 5: ab9f1812 ($92.25 in chips)
Seat 3: dcb80d62 ($1,443.08 in chips)
Seat 1: 81245fdb ($434.21 in chips)
Seat 2: 2897361d ($387.33 in chips)
Seat 6: 5a124e4b ($505.76 in chips)
Seat 7: Hero ($388.83 in chips)
81245fdb: posts small blind $1
2897361d: posts big blind $2
*** HOLE CARDS ***
Dealt to ee97090a 
Dealt to ab9f1812 
Dealt to dcb80d62 
Dealt to 81245fdb 
Dealt to 2897361d 
Dealt to 5a124e4b 
Dealt to Hero [Qc Jc]
dcb80d62: folds
ee97090a: folds
ab9f1812: calls $2
5a124e4b: folds
Hero: raises $5 to $7
81245fdb: calls $6
2897361d: folds
ab9f1812: calls $5
*** FLOP *** [Ad 2c Kh]
81245fdb: checks
ab9f1812: checks
Hero: bets $11.5
81245fdb: folds
ab9f1812: calls $11.5
*** TURN *** [Ad 2c Kh] [4h]
ab9f1812: checks
Hero: bets $36.8
ab9f1812: calls $36.8
*** RIVER *** [Ad 2c Kh 4h] [Ts]
ab9f1812: checks
Hero: bets $173.42
ab9f1812: calls $36.95 and is all-in
Uncalled bet ($136.47) returned to Hero
ab9f1812: shows [5h Ac]
Hero: shows [Qc Jc]
*** SHOWDOWN ***
Hero collected $193.5 from pot
*** SUMMARY ***
Total pot $193.5
Board [Ad 2c Kh 4h Ts]
Seat 4: ee97090a folded before Flop (didn't bet)
Seat 5: ab9f1812 showed [5h Ac] and lost with Pair of Aces
Seat 3: dcb80d62 folded before Flop (didn't bet)
Seat 1: 81245fdb(small blind) folded on the Flop
Seat 2: 2897361d(big blind) folded before Flop
Seat 6: 5a124e4b folded before Flop (didn't bet)
Seat 7: Hero showed [Qc Jc] and won ($193.5) with Aces-High Straight



Poker Hand #ring_910167079: NLH No Limit ($1/$2) - 2025/06/01 02:22:39
Table 'MR NLH 1/2' 7-max Seat #6 is the button
Seat 4: ee97090a ($399.94 in chips)
Seat 5: ab9f1812 ($99.25 in chips)
Seat 3: dcb80d62 ($1,466.58 in chips)
Seat 1: 81245fdb ($405.68 in chips)
Seat 2: 2897361d ($387.33 in chips)
Seat 6: 5a124e4b ($505.76 in chips)
Seat 7: Hero ($389.83 in chips)
Hero: posts small blind $1
81245fdb: posts big blind $2
*** HOLE CARDS ***
Dealt to ee97090a 
Dealt to ab9f1812 
Dealt to dcb80d62 
Dealt to 81245fdb 
Dealt to 2897361d 
Dealt to 5a124e4b 
Dealt to Hero [2s Jc]
2897361d: folds
dcb80d62: raises $5 to $7
ee97090a: folds
ab9f1812: calls $7
5a124e4b: folds
Hero: folds
81245fdb: calls $5
*** FLOP *** [Td 8c 8d]
81245fdb: checks
dcb80d62: bets $16.5
ab9f1812: folds
81245fdb: calls $16.5
*** TURN *** [Td 8c 8d] [Kh]
81245fdb: checks
dcb80d62: checks
*** RIVER *** [Td 8c 8d Kh] [5d]
81245fdb: bets $27.5
dcb80d62: folds
Uncalled bet ($27.5) returned to 81245fdb
*** SHOWDOWN ***
81245fdb collected $55 from pot
*** SUMMARY ***
Total pot $55
Board [Td 8c 8d Kh 5d]
Seat 4: ee97090a folded before Flop (didn't bet)
Seat 5: ab9f1812 folded on the Flop
Seat 3: dcb80d62 folded on the River
Seat 1: 81245fdb(big blind)won ($55) with Three Eights
Seat 2: 2897361d folded before Flop (didn't bet)
Seat 6: 5a124e4b folded before Flop (didn't bet)
Seat 7: Hero(small blind) folded before Flop



Poker Hand #ring_910166165: NLH No Limit ($1/$2) - 2025/06/01 02:22:02
Table 'MR NLH 1/2' 7-max Seat #5 is the button
Seat 4: ee97090a ($405.94 in chips)
Seat 5: ab9f1812 ($99.25 in chips)
Seat 3: dcb80d62 ($1,466.58 in chips)
Seat 1: 81245fdb ($405.68 in chips)
Seat 2: 2897361d ($387.33 in chips)
Seat 6: 5a124e4b ($497.76 in chips)
Seat 7: Hero ($391.83 in chips)
5a124e4b: posts small blind $1
Hero: posts big blind $2
*** HOLE CARDS ***
Dealt to ee97090a 
Dealt to ab9f1812 
Dealt to dcb80d62 
Dealt to 81245fdb 
Dealt to 2897361d 
Dealt to 5a124e4b 
Dealt to Hero [Js 9h]
81245fdb: folds
2897361d: folds
dcb80d62: folds
ee97090a: raises $4 to $6
ab9f1812: folds
5a124e4b: raises $22 to $28
Hero: folds
ee97090a: folds
Uncalled bet ($22) returned to 5a124e4b
ee97090a: shows [Ad]
*** SHOWDOWN ***
5a124e4b collected $14 from pot
*** SUMMARY ***
Total pot $14
Seat 4: ee97090a folded before Flop
Seat 5: ab9f1812 folded before Flop (didn't bet)
Seat 3: dcb80d62 folded before Flop (didn't bet)
Seat 1: 81245fdb folded before Flop (didn't bet)
Seat 2: 2897361d folded before Flop (didn't bet)
Seat 6: 5a124e4b(small blind)won ($14)
Seat 7: Hero(big blind) folded before Flop



Poker Hand #ring_910164372: NLH No Limit ($1/$2) - 2025/06/01 02:20:47
Table 'MR NLH 1/2' 7-max Seat #4 is the button
Seat 4: ee97090a ($405.94 in chips)
Seat 5: ab9f1812 ($51.22 in chips)
Seat 3: dcb80d62 ($1,466.58 in chips)
Seat 1: 81245fdb ($456.9 in chips)
Seat 2: 2897361d ($387.33 in chips)
Seat 6: 5a124e4b ($499.76 in chips)
Seat 7: Hero ($391.83 in chips)
ab9f1812: posts small blind $1
5a124e4b: posts big blind $2
*** HOLE CARDS ***
Dealt to ee97090a 
Dealt to ab9f1812 
Dealt to dcb80d62 
Dealt to 81245fdb 
Dealt to 2897361d 
Dealt to 5a124e4b 
Dealt to Hero [5s Qc]
Hero: folds
81245fdb: raises $2 to $4
2897361d: folds
dcb80d62: folds
ee97090a: folds
ab9f1812: calls $3
5a124e4b: folds
*** FLOP *** [6d Qh 7s]
ab9f1812: checks
81245fdb: checks
*** TURN *** [6d Qh 7s] [Th]
ab9f1812: checks
81245fdb: bets $10
ab9f1812: calls $10
*** RIVER *** [6d Qh 7s Th] [8h]
ab9f1812: checks
81245fdb: bets $40.21
ab9f1812: calls $37.22 and is all-in
Uncalled bet ($2.99) returned to 81245fdb
81245fdb: shows [7d 7c]
ab9f1812: shows [2h 4h]
*** SHOWDOWN ***
ab9f1812 collected $104.44 from pot
*** SUMMARY ***
Total pot $104.44
Board [6d Qh 7s Th 8h]
Seat 4: ee97090a folded before Flop (didn't bet)
Seat 5: ab9f1812(small blind) showed [2h 4h] and won ($104.44) with Queen High Flush
Seat 3: dcb80d62 folded before Flop (didn't bet)
Seat 1: 81245fdb showed [7d 7c] and lost with Three Sevens
Seat 2: 2897361d folded before Flop (didn't bet)
Seat 6: 5a124e4b(big blind) folded before Flop
Seat 7: Hero folded before Flop (didn't bet)



Poker Hand #ring_910163603: NLH No Limit ($1/$2) - 2025/06/01 02:20:13
Table 'MR NLH 1/2' 7-max Seat #3 is the button
Seat 4: ee97090a ($406.94 in chips)
Seat 5: ab9f1812 ($53.22 in chips)
Seat 3: dcb80d62 ($1,460.07 in chips)
Seat 1: 81245fdb ($460.9 in chips)
Seat 2: 2897361d ($387.33 in chips)
Seat 6: 5a124e4b ($499.76 in chips)
Seat 7: Hero ($391.83 in chips)
ee97090a: posts small blind $1
ab9f1812: posts big blind $2
*** HOLE CARDS ***
Dealt to ee97090a 
Dealt to ab9f1812 
Dealt to dcb80d62 
Dealt to 81245fdb 
Dealt to 2897361d 
Dealt to 5a124e4b 
Dealt to Hero [4s 9c]
5a124e4b: folds
Hero: folds
81245fdb: raises $2 to $4
2897361d: folds
dcb80d62: calls $4
ee97090a: folds
ab9f1812: folds
*** FLOP *** [Ks 8c Js]
81245fdb: checks
dcb80d62: checks
*** TURN *** [Ks 8c Js] [9s]
81245fdb: checks
dcb80d62: checks
*** RIVER *** [Ks 8c Js 9s] [Ad]
81245fdb: checks
dcb80d62: checks
81245fdb: shows [7c 4c]
dcb80d62: shows [2c 2d]
*** SHOWDOWN ***
dcb80d62 collected $11 from pot
*** SUMMARY ***
Total pot $11
Board [Ks 8c Js 9s Ad]
Seat 4: ee97090a(small blind) folded before Flop
Seat 5: ab9f1812(big blind) folded before Flop
Seat 3: dcb80d62 showed [2c 2d] and won ($11) with Pair of Twos
Seat 1: 81245fdb showed [7c 4c] and lost with Ace-High
Seat 2: 2897361d folded before Flop (didn't bet)
Seat 6: 5a124e4b folded before Flop (didn't bet)
Seat 7: Hero folded before Flop (didn't bet)



Poker Hand #ring_910162339: NLH No Limit ($1/$2) - 2025/06/01 02:19:18
Table 'MR NLH 1/2' 7-max Seat #2 is the button
Seat 4: ee97090a ($412.94 in chips)
Seat 5: ab9f1812 ($53.22 in chips)
Seat 3: dcb80d62 ($1,461.07 in chips)
Seat 1: 81245fdb ($460.9 in chips)
Seat 2: 2897361d ($387.33 in chips)
Seat 6: 5a124e4b ($499.76 in chips)
Seat 7: Hero ($385.41 in chips)
dcb80d62: posts small blind $1
ee97090a: posts big blind $2
*** HOLE CARDS ***
Dealt to ee97090a 
Dealt to ab9f1812 
Dealt to dcb80d62 
Dealt to 81245fdb 
Dealt to 2897361d 
Dealt to 5a124e4b 
Dealt to Hero [Js As]
ab9f1812: folds
5a124e4b: folds
Hero: raises $4 to $6
81245fdb: folds
2897361d: folds
dcb80d62: folds
ee97090a: calls $4
*** FLOP *** [6s Qh 2d]
ee97090a: checks
Hero: checks
*** TURN *** [6s Qh 2d] [Qc]
ee97090a: checks
Hero: checks
*** RIVER *** [6s Qh 2d Qc] [Th]
ee97090a: checks
Hero: checks
ee97090a: shows [3d Ad]
Hero: shows [Js As]
*** SHOWDOWN ***
Hero collected $13 from pot
*** SUMMARY ***
Total pot $13
Board [6s Qh 2d Qc Th]
Seat 4: ee97090a(big blind) showed [3d Ad] and lost with Pair of Queens
Seat 5: ab9f1812 folded before Flop (didn't bet)
Seat 3: dcb80d62(small blind) folded before Flop
Seat 1: 81245fdb folded before Flop (didn't bet)
Seat 2: 2897361d folded before Flop (didn't bet)
Seat 6: 5a124e4b folded before Flop (didn't bet)
Seat 7: Hero showed [Js As] and won ($13) with Pair of Queens



Poker Hand #ring_910161609: NLH No Limit ($1/$2) - 2025/06/01 02:18:48
Table 'MR NLH 1/2' 7-max Seat #1 is the button
Seat 4: ee97090a ($412.94 in chips)
Seat 5: ab9f1812 ($53.22 in chips)
Seat 3: dcb80d62 ($1,467.07 in chips)
Seat 1: 81245fdb ($454.48 in chips)
Seat 2: 2897361d ($388.33 in chips)
Seat 6: 5a124e4b ($499.76 in chips)
Seat 7: Hero ($385.41 in chips)
2897361d: posts small blind $1
dcb80d62: posts big blind $2
*** HOLE CARDS ***
Dealt to ee97090a 
Dealt to ab9f1812 
Dealt to dcb80d62 
Dealt to 81245fdb 
Dealt to 2897361d 
Dealt to 5a124e4b 
Dealt to Hero [2s 9h]
ee97090a: folds
ab9f1812: folds
5a124e4b: folds
Hero: folds
81245fdb: raises $4 to $6
2897361d: folds
dcb80d62: calls $4
*** FLOP *** [3s Kd 3c]
dcb80d62: checks
81245fdb: bets $6.5
dcb80d62: folds
Uncalled bet ($6.5) returned to 81245fdb
*** SHOWDOWN ***
81245fdb collected $13 from pot
*** SUMMARY ***
Total pot $13
Board [3s Kd 3c]
Seat 4: ee97090a folded before Flop (didn't bet)
Seat 5: ab9f1812 folded before Flop (didn't bet)
Seat 3: dcb80d62(big blind) folded on the Flop
Seat 1: 81245fdbwon ($13) with Pair of Treys
Seat 2: 2897361d(small blind) folded before Flop
Seat 6: 5a124e4b folded before Flop (didn't bet)
Seat 7: Hero folded before Flop (didn't bet)



Poker Hand #ring_910159560: NLH No Limit ($1/$2) - 2025/06/01 02:17:22
Table 'MR NLH 1/2' 7-max Seat #7 is the button
Seat 4: ee97090a ($412.94 in chips)
Seat 5: ab9f1812 ($69.22 in chips)
Seat 3: dcb80d62 ($1,467.07 in chips)
Seat 1: 81245fdb ($470.48 in chips)
Seat 2: 2897361d ($390.33 in chips)
Seat 6: 5a124e4b ($499.76 in chips)
Seat 7: Hero ($354.16 in chips)
81245fdb: posts small blind $1
2897361d: posts big blind $2
*** HOLE CARDS ***
Dealt to ee97090a 
Dealt to ab9f1812 
Dealt to dcb80d62 
Dealt to 81245fdb 
Dealt to 2897361d 
Dealt to 5a124e4b 
Dealt to Hero [Jc Kh]
dcb80d62: folds
ee97090a: folds
ab9f1812: calls $2
5a124e4b: folds
Hero: raises $4 to $6
81245fdb: calls $5
2897361d: folds
ab9f1812: calls $4
*** FLOP *** [Ks 6s Jh]
81245fdb: checks
ab9f1812: checks
Hero: checks
*** TURN *** [Ks 6s Jh] [Qd]
81245fdb: checks
ab9f1812: checks
Hero: bets $10
81245fdb: calls $10
ab9f1812: calls $10
*** RIVER *** [Ks 6s Jh Qd] [5s]
81245fdb: checks
ab9f1812: checks
Hero: checks
81245fdb: shows [Th Ts]
ab9f1812: shows [8s Tc]
Hero: shows [Jc Kh]
*** SHOWDOWN ***
Hero collected $50 from pot
*** SUMMARY ***
Total pot $50
Board [Ks 6s Jh Qd 5s]
Seat 4: ee97090a folded before Flop (didn't bet)
Seat 5: ab9f1812 showed [8s Tc] and lost with King-High
Seat 3: dcb80d62 folded before Flop (didn't bet)
Seat 1: 81245fdb(small blind) showed [Th Ts] and lost with Pair of Tens
Seat 2: 2897361d(big blind) folded before Flop
Seat 6: 5a124e4b folded before Flop (didn't bet)
Seat 7: Hero showed [Jc Kh] and won ($50) with Pair of Kings and Pair of Jacks



Poker Hand #ring_910158594: NLH No Limit ($1/$2) - 2025/06/01 02:16:41
Table 'MR NLH 1/2' 7-max Seat #6 is the button
Seat 4: ee97090a ($420.94 in chips)
Seat 5: ab9f1812 ($69.22 in chips)
Seat 3: dcb80d62 ($1,467.07 in chips)
Seat 1: 81245fdb ($455.1 in chips)
Seat 2: 2897361d ($398.33 in chips)
Seat 6: 5a124e4b ($499.76 in chips)
Seat 7: Hero ($355.16 in chips)
Hero: posts small blind $1
81245fdb: posts big blind $2
*** HOLE CARDS ***
Dealt to ee97090a 
Dealt to ab9f1812 
Dealt to dcb80d62 
Dealt to 81245fdb 
Dealt to 2897361d 
Dealt to 5a124e4b 
Dealt to Hero [3c 6d]
2897361d: calls $2
dcb80d62: folds
ee97090a: raises $6 to $8
ab9f1812: folds
5a124e4b: folds
Hero: folds
81245fdb: calls $6
2897361d: calls $6
*** FLOP *** [9c Qc 4h]
81245fdb: checks
2897361d: checks
ee97090a: checks
*** TURN *** [9c Qc 4h] [4d]
81245fdb: bets $25
2897361d: folds
ee97090a: folds
Uncalled bet ($25) returned to 81245fdb
*** SHOWDOWN ***
81245fdb collected $25 from pot
*** SUMMARY ***
Total pot $25
Board [9c Qc 4h 4d]
Seat 4: ee97090a folded on the Turn
Seat 5: ab9f1812 folded before Flop (didn't bet)
Seat 3: dcb80d62 folded before Flop (didn't bet)
Seat 1: 81245fdb(big blind)won ($25) with Three Fours
Seat 2: 2897361d folded on the Turn
Seat 6: 5a124e4b folded before Flop (didn't bet)
Seat 7: Hero(small blind) folded before Flop



Poker Hand #ring_910158017: NLH No Limit ($1/$2) - 2025/06/01 02:16:17
Table 'MR NLH 1/2' 7-max Seat #5 is the button
Seat 4: ee97090a ($420.94 in chips)
Seat 5: ab9f1812 ($62.22 in chips)
Seat 3: dcb80d62 ($1,467.07 in chips)
Seat 1: 81245fdb ($459.1 in chips)
Seat 2: 2897361d ($398.33 in chips)
Seat 6: 5a124e4b ($500.76 in chips)
Seat 7: Hero ($357.16 in chips)
5a124e4b: posts small blind $1
Hero: posts big blind $2
*** HOLE CARDS ***
Dealt to ee97090a 
Dealt to ab9f1812 
Dealt to dcb80d62 
Dealt to 81245fdb 
Dealt to 2897361d 
Dealt to 5a124e4b 
Dealt to Hero [6d 3h]
81245fdb: raises $2 to $4
2897361d: folds
dcb80d62: folds
ee97090a: folds
ab9f1812: raises $58.22 to $62.22 and is all-in
5a124e4b: folds
Hero: folds
81245fdb: folds
Uncalled bet ($58.22) returned to ab9f1812
*** SHOWDOWN ***
ab9f1812 collected $11 from pot
*** SUMMARY ***
Total pot $11
Seat 4: ee97090a folded before Flop (didn't bet)
Seat 5: ab9f1812won ($11)
Seat 3: dcb80d62 folded before Flop (didn't bet)
Seat 1: 81245fdb folded before Flop
Seat 2: 2897361d folded before Flop (didn't bet)
Seat 6: 5a124e4b(small blind) folded before Flop
Seat 7: Hero(big blind) folded before Flop



Poker Hand #ring_910157518: NLH No Limit ($1/$2) - 2025/06/01 02:15:56
Table 'MR NLH 1/2' 7-max Seat #4 is the button
Seat 4: ee97090a ($420.94 in chips)
Seat 5: ab9f1812 ($63.22 in chips)
Seat 3: dcb80d62 ($1,467.07 in chips)
Seat 1: 81245fdb ($459.1 in chips)
Seat 2: 2897361d ($398.33 in chips)
Seat 6: 5a124e4b ($499.76 in chips)
Seat 7: Hero ($357.16 in chips)
ab9f1812: posts small blind $1
5a124e4b: posts big blind $2
*** HOLE CARDS ***
Dealt to ee97090a 
Dealt to ab9f1812 
Dealt to dcb80d62 
Dealt to 81245fdb 
Dealt to 2897361d 
Dealt to 5a124e4b 
Dealt to Hero [Jc 4h]
Hero: folds
81245fdb: folds
2897361d: folds
dcb80d62: folds
ee97090a: folds
ab9f1812: folds
*** SHOWDOWN ***
5a124e4b collected $3 from pot
*** SUMMARY ***
Total pot $3
Seat 4: ee97090a folded before Flop (didn't bet)
Seat 5: ab9f1812(small blind) folded before Flop
Seat 3: dcb80d62 folded before Flop (didn't bet)
Seat 1: 81245fdb folded before Flop (didn't bet)
Seat 2: 2897361d folded before Flop (didn't bet)
Seat 6: 5a124e4b(big blind)won ($3)
Seat 7: Hero folded before Flop (didn't bet)



Poker Hand #ring_910156707: NLH No Limit ($1/$2) - 2025/06/01 02:15:22
Table 'MR NLH 1/2' 7-max Seat #3 is the button
Seat 4: ee97090a ($421.94 in chips)
Seat 5: ab9f1812 ($68.22 in chips)
Seat 3: dcb80d62 ($1,467.07 in chips)
Seat 1: 81245fdb ($474.98 in chips)
Seat 2: 2897361d ($398.33 in chips)
Seat 6: 5a124e4b ($480.07 in chips)
Seat 7: Hero ($357.16 in chips)
ee97090a: posts small blind $1
ab9f1812: posts big blind $2
*** HOLE CARDS ***
Dealt to ee97090a 
Dealt to ab9f1812 
Dealt to dcb80d62 
Dealt to 81245fdb 
Dealt to 2897361d 
Dealt to 5a124e4b 
Dealt to Hero [2d Qd]
5a124e4b: raises $3 to $5
Hero: folds
81245fdb: calls $5
2897361d: folds
dcb80d62: folds
ee97090a: folds
ab9f1812: calls $3
*** FLOP *** [Tc 2h 6c]
ab9f1812: checks
5a124e4b: bets $10.88
81245fdb: calls $10.88
ab9f1812: folds
*** TURN *** [Tc 2h 6c] [Qc]
5a124e4b: bets $25.68
81245fdb: folds
Uncalled bet ($25.68) returned to 5a124e4b
*** SHOWDOWN ***
5a124e4b collected $37.76 from pot
*** SUMMARY ***
Total pot $37.76
Board [Tc 2h 6c Qc]
Seat 4: ee97090a(small blind) folded before Flop
Seat 5: ab9f1812(big blind) folded on the Flop
Seat 3: dcb80d62 folded before Flop (didn't bet)
Seat 1: 81245fdb folded on the Turn
Seat 2: 2897361d folded before Flop (didn't bet)
Seat 6: 5a124e4bwon ($37.76) with Pair of Tens
Seat 7: Hero folded before Flop (didn't bet)



Poker Hand #ring_910154897: NLH No Limit ($1/$2) - 2025/06/01 02:14:07
Table 'MR NLH 1/2' 7-max Seat #2 is the button
Seat 4: ee97090a ($396 in chips)
Seat 5: ab9f1812 ($96.22 in chips)
Seat 3: dcb80d62 ($1,468.07 in chips)
Seat 1: 81245fdb ($474.98 in chips)
Seat 2: 2897361d ($398.33 in chips)
Seat 6: 5a124e4b ($480.07 in chips)
Seat 7: Hero ($357.16 in chips)
dcb80d62: posts small blind $1
ee97090a: posts big blind $2
*** HOLE CARDS ***
Dealt to ee97090a 
Dealt to ab9f1812 
Dealt to dcb80d62 
Dealt to 81245fdb 
Dealt to 2897361d 
Dealt to 5a124e4b 
Dealt to Hero [Js 4s]
ab9f1812: raises $5 to $7
5a124e4b: folds
Hero: folds
81245fdb: folds
2897361d: folds
dcb80d62: folds
ee97090a: calls $5
*** FLOP *** [3c 9s Qd]
ee97090a: checks
ab9f1812: bets $15
ee97090a: calls $15
*** TURN *** [3c 9s Qd] [2s]
ee97090a: checks
ab9f1812: checks
*** RIVER *** [3c 9s Qd 2s] [4h]
ee97090a: bets $6
ab9f1812: calls $6
ee97090a: shows [9h 9c]
ab9f1812: shows [Ks Ts]
*** SHOWDOWN ***
ee97090a collected $57 from pot
*** SUMMARY ***
Total pot $57
Board [3c 9s Qd 2s 4h]
Seat 4: ee97090a(big blind) showed [9h 9c] and won ($57) with Three Nines
Seat 5: ab9f1812 showed [Ks Ts] and lost with King-High
Seat 3: dcb80d62(small blind) folded before Flop
Seat 1: 81245fdb folded before Flop (didn't bet)
Seat 2: 2897361d folded before Flop (didn't bet)
Seat 6: 5a124e4b folded before Flop (didn't bet)
Seat 7: Hero folded before Flop (didn't bet)



Poker Hand #ring_910154056: NLH No Limit ($1/$2) - 2025/06/01 02:13:31
Table 'MR NLH 1/2' 7-max Seat #1 is the button
Seat 4: ee97090a ($396 in chips)
Seat 5: ab9f1812 ($96.22 in chips)
Seat 3: dcb80d62 ($1,470.07 in chips)
Seat 1: 81245fdb ($474.98 in chips)
Seat 2: 2897361d ($399.33 in chips)
Seat 6: 5a124e4b ($477.07 in chips)
Seat 7: Hero ($357.16 in chips)
2897361d: posts small blind $1
dcb80d62: posts big blind $2
*** HOLE CARDS ***
Dealt to ee97090a 
Dealt to ab9f1812 
Dealt to dcb80d62 
Dealt to 81245fdb 
Dealt to 2897361d 
Dealt to 5a124e4b 
Dealt to Hero [Ac 7s]
ee97090a: folds
ab9f1812: folds
5a124e4b: raises $3 to $5
Hero: folds
81245fdb: folds
2897361d: folds
dcb80d62: folds
Uncalled bet ($3) returned to 5a124e4b
*** SHOWDOWN ***
5a124e4b collected $5 from pot
*** SUMMARY ***
Total pot $5
Seat 4: ee97090a folded before Flop (didn't bet)
Seat 5: ab9f1812 folded before Flop (didn't bet)
Seat 3: dcb80d62(big blind) folded before Flop
Seat 1: 81245fdb folded before Flop (didn't bet)
Seat 2: 2897361d(small blind) folded before Flop
Seat 6: 5a124e4bwon ($5)
Seat 7: Hero folded before Flop (didn't bet)



Poker Hand #ring_910153561: NLH No Limit ($1/$2) - 2025/06/01 02:13:11
Table 'MR NLH 1/2' 7-max Seat #7 is the button
Seat 4: ee97090a ($396 in chips)
Seat 5: ab9f1812 ($96.22 in chips)
Seat 3: dcb80d62 ($1,470.07 in chips)
Seat 1: 81245fdb ($472.98 in chips)
Seat 2: 2897361d ($401.33 in chips)
Seat 6: 5a124e4b ($477.07 in chips)
Seat 7: Hero ($357.16 in chips)
81245fdb: posts small blind $1
2897361d: posts big blind $2
*** HOLE CARDS ***
Dealt to ee97090a 
Dealt to ab9f1812 
Dealt to dcb80d62 
Dealt to 81245fdb 
Dealt to 2897361d 
Dealt to 5a124e4b 
Dealt to Hero [2c Qd]
dcb80d62: folds
ee97090a: folds
ab9f1812: folds
5a124e4b: folds
Hero: folds
81245fdb: raises $4 to $6
2897361d: folds
Uncalled bet ($4) returned to 81245fdb
*** SHOWDOWN ***
81245fdb collected $4 from pot
*** SUMMARY ***
Total pot $4
Seat 4: ee97090a folded before Flop (didn't bet)
Seat 5: ab9f1812 folded before Flop (didn't bet)
Seat 3: dcb80d62 folded before Flop (didn't bet)
Seat 1: 81245fdb(small blind)won ($4)
Seat 2: 2897361d(big blind) folded before Flop
Seat 6: 5a124e4b folded before Flop (didn't bet)
Seat 7: Hero folded before Flop (didn't bet)



Poker Hand #ring_910152412: NLH No Limit ($1/$2) - 2025/06/01 02:12:23
Table 'MR NLH 1/2' 7-max Seat #6 is the button
Seat 4: ee97090a ($396 in chips)
Seat 5: ab9f1812 ($96.22 in chips)
Seat 3: dcb80d62 ($1,470.07 in chips)
Seat 1: 81245fdb ($394.4 in chips)
Seat 2: 2897361d ($408.33 in chips)
Seat 6: 5a124e4b ($555.57 in chips)
Seat 7: Hero ($358.16 in chips)
Hero: posts small blind $1
81245fdb: posts big blind $2
*** HOLE CARDS ***
Dealt to ee97090a 
Dealt to ab9f1812 
Dealt to dcb80d62 
Dealt to 81245fdb 
Dealt to 2897361d 
Dealt to 5a124e4b 
Dealt to Hero [Ks 3s]
2897361d: raises $5 to $7
dcb80d62: folds
ee97090a: folds
ab9f1812: folds
5a124e4b: calls $7
Hero: folds
81245fdb: calls $5
*** FLOP *** [4s 7d Ah]
81245fdb: checks
2897361d: checks
5a124e4b: checks
*** TURN *** [4s 7d Ah] [2h]
81245fdb: bets $22
2897361d: folds
5a124e4b: calls $22
*** RIVER *** [4s 7d Ah 2h] [Qd]
81245fdb: bets $49.5
5a124e4b: calls $49.5
81245fdb: shows [4h 2s]
5a124e4b: shows [Ad Tc]
ab9f1812: shows [7h Qc]
*** SHOWDOWN ***
81245fdb collected $165 from pot
*** SUMMARY ***
Total pot $165
Board [4s 7d Ah 2h Qd]
Seat 4: ee97090a folded before Flop (didn't bet)
Seat 5: ab9f1812 folded before Flop (didn't bet)
Seat 3: dcb80d62 folded before Flop (didn't bet)
Seat 1: 81245fdb(big blind) showed [4h 2s] and won ($165) with Pair of Fours and Pair of Twos
Seat 2: 2897361d folded on the Turn
Seat 6: 5a124e4b showed [Ad Tc] and lost with Pair of Aces
Seat 7: Hero(small blind) folded before Flop



Poker Hand #ring_910151431: NLH No Limit ($1/$2) - 2025/06/01 02:11:43
Table 'MR NLH 1/2' 7-max Seat #5 is the button
Seat 4: ee97090a ($400 in chips)
Seat 5: ab9f1812 ($100.22 in chips)
Seat 3: dcb80d62 ($1,470.07 in chips)
Seat 1: 81245fdb ($398.4 in chips)
Seat 2: 2897361d ($408.33 in chips)
Seat 6: 5a124e4b ($559.57 in chips)
Seat 7: Hero ($342.16 in chips)
5a124e4b: posts small blind $1
Hero: posts big blind $2
ee97090a: posts big blind $2
*** HOLE CARDS ***
Dealt to ee97090a 
Dealt to ab9f1812 
Dealt to dcb80d62 
Dealt to 81245fdb 
Dealt to 2897361d 
Dealt to 5a124e4b 
Dealt to Hero [Kh Kd]
81245fdb: raises $2 to $4
2897361d: folds
dcb80d62: folds
ee97090a: calls $2
ab9f1812: calls $4
5a124e4b: calls $3
Hero: raises $21 to $25
81245fdb: folds
ee97090a: folds
ab9f1812: folds
5a124e4b: folds
Uncalled bet ($21) returned to Hero
*** SHOWDOWN ***
Hero collected $20 from pot
*** SUMMARY ***
Total pot $20
Seat 4: ee97090a folded before Flop
Seat 5: ab9f1812 folded before Flop
Seat 3: dcb80d62 folded before Flop (didn't bet)
Seat 1: 81245fdb folded before Flop
Seat 2: 2897361d folded before Flop (didn't bet)
Seat 6: 5a124e4b(small blind) folded before Flop
Seat 7: Hero(big blind)won ($20)



Poker Hand #ring_910150169: NLH No Limit ($1/$2) - 2025/06/01 02:10:51
Table 'MR NLH 1/2' 7-max Seat #3 is the button
Seat 5: ab9f1812 ($107.22 in chips)
Seat 3: dcb80d62 ($1,461.79 in chips)
Seat 1: 81245fdb ($398.4 in chips)
Seat 2: 2897361d ($408.33 in chips)
Seat 6: 5a124e4b ($561.57 in chips)
Seat 7: Hero ($342.16 in chips)
ab9f1812: posts small blind $1
5a124e4b: posts big blind $2
*** HOLE CARDS ***
Dealt to ab9f1812 
Dealt to dcb80d62 
Dealt to 81245fdb 
Dealt to 2897361d 
Dealt to 5a124e4b 
Dealt to Hero [Js 5c]
Hero: folds
81245fdb: folds
2897361d: folds
dcb80d62: raises $5 to $7
ab9f1812: calls $6
5a124e4b: folds
*** FLOP *** [5h 6c 3d]
ab9f1812: checks
dcb80d62: checks
*** TURN *** [5h 6c 3d] [Jd]
ab9f1812: checks
dcb80d62: checks
*** RIVER *** [5h 6c 3d Jd] [6h]
ab9f1812: checks
dcb80d62: checks
dcb80d62: shows [Td Ks]
ab9f1812: shows [9s Th]
*** SHOWDOWN ***
dcb80d62 collected $16 from pot
*** SUMMARY ***
Total pot $16
Board [5h 6c 3d Jd 6h]
Seat 5: ab9f1812(small blind) showed [9s Th] and lost with Pair of Sixes
Seat 3: dcb80d62 showed [Td Ks] and won ($16) with Pair of Sixes
Seat 1: 81245fdb folded before Flop (didn't bet)
Seat 2: 2897361d folded before Flop (didn't bet)
Seat 6: 5a124e4b(big blind) folded before Flop
Seat 7: Hero folded before Flop (didn't bet)



Poker Hand #ring_910148589: NLH No Limit ($1/$2) - 2025/06/01 02:09:46
Table 'MR NLH 1/2' 7-max Seat #2 is the button
Seat 5: ab9f1812 ($111.03 in chips)
Seat 3: dcb80d62 ($1,462.79 in chips)
Seat 1: 81245fdb ($402.21 in chips)
Seat 2: 2897361d ($408.33 in chips)
Seat 6: 5a124e4b ($561.57 in chips)
Seat 7: Hero ($344.16 in chips)
dcb80d62: posts small blind $1
ab9f1812: posts big blind $2
*** HOLE CARDS ***
Dealt to ab9f1812 
Dealt to dcb80d62 
Dealt to 81245fdb 
Dealt to 2897361d 
Dealt to 5a124e4b 
Dealt to Hero [4d 2d]
5a124e4b: folds
Hero: calls $2
81245fdb: raises $4 to $6
2897361d: folds
dcb80d62: folds
ab9f1812: raises $4.95 to $10.95
Hero: folds
81245fdb: calls $4.95
*** FLOP *** [Jh 8s 7h]
ab9f1812: bets $24.9
81245fdb: calls $24.9
*** TURN *** [Jh 8s 7h] [5h]
ab9f1812: bets $74.7
81245fdb: raises $112.05 to $186.75
ab9f1812: calls $0.48 and is all-in
Uncalled bet ($111.57) returned to 81245fdb
81245fdb: shows [Kh Jc]
ab9f1812: shows [Jd Kd]
*** RIVER *** [Jh 8s 7h 5h] [Ac]
*** SHOWDOWN ***
81245fdb collected $112.53 from pot
ab9f1812 collected $112.53 from pot
*** SUMMARY ***
Total pot $225.06
Board [Jh 8s 7h 5h Ac]
Seat 5: ab9f1812(big blind) showed [Jd Kd] and won ($112.53) with Pair of Jacks
Seat 3: dcb80d62(small blind) folded before Flop
Seat 1: 81245fdb showed [Kh Jc] and won ($112.53) with Pair of Jacks
Seat 2: 2897361d folded before Flop (didn't bet)
Seat 6: 5a124e4b folded before Flop (didn't bet)
Seat 7: Hero folded before Flop



Poker Hand #ring_910147094: NLH No Limit ($1/$2) - 2025/06/01 02:08:45
Table 'MR NLH 1/2' 7-max Seat #1 is the button
Seat 5: ab9f1812 ($102.7 in chips)
Seat 3: dcb80d62 ($1,464.79 in chips)
Seat 1: 81245fdb ($408.21 in chips)
Seat 2: 2897361d ($409.33 in chips)
Seat 6: 5a124e4b ($561.57 in chips)
Seat 7: Hero ($344.16 in chips)
2897361d: posts small blind $1
dcb80d62: posts big blind $2
*** HOLE CARDS ***
Dealt to ab9f1812 
Dealt to dcb80d62 
Dealt to 81245fdb 
Dealt to 2897361d 
Dealt to 5a124e4b 
Dealt to Hero [3c Qc]
ab9f1812: calls $2
5a124e4b: folds
Hero: folds
81245fdb: raises $4 to $6
2897361d: folds
dcb80d62: folds
ab9f1812: calls $4
*** FLOP *** [Jc 5c Th]
ab9f1812: checks
81245fdb: checks
*** TURN *** [Jc 5c Th] [Tc]
ab9f1812: bets $15
81245fdb: folds
Uncalled bet ($15) returned to ab9f1812
*** SHOWDOWN ***
ab9f1812 collected $15 from pot
*** SUMMARY ***
Total pot $15
Board [Jc 5c Th Tc]
Seat 5: ab9f1812won ($15) with Jack High Flush
Seat 3: dcb80d62(big blind) folded before Flop
Seat 1: 81245fdb folded on the Turn
Seat 2: 2897361d(small blind) folded before Flop
Seat 6: 5a124e4b folded before Flop (didn't bet)
Seat 7: Hero folded before Flop (didn't bet)



Poker Hand #ring_910146634: NLH No Limit ($1/$2) - 2025/06/01 02:08:25
Table 'MR NLH 1/2' 7-max Seat #7 is the button
Seat 5: ab9f1812 ($102.7 in chips)
Seat 3: dcb80d62 ($1,461.79 in chips)
Seat 1: 81245fdb ($409.21 in chips)
Seat 2: 2897361d ($411.33 in chips)
Seat 6: 5a124e4b ($561.57 in chips)
Seat 7: Hero ($344.16 in chips)
81245fdb: posts small blind $1
2897361d: posts big blind $2
*** HOLE CARDS ***
Dealt to ab9f1812 
Dealt to dcb80d62 
Dealt to 81245fdb 
Dealt to 2897361d 
Dealt to 5a124e4b 
Dealt to Hero [Jd 3c]
dcb80d62: raises $5 to $7
ab9f1812: folds
5a124e4b: folds
Hero: folds
81245fdb: folds
2897361d: folds
Uncalled bet ($5) returned to dcb80d62
*** SHOWDOWN ***
dcb80d62 collected $5 from pot
*** SUMMARY ***
Total pot $5
Seat 5: ab9f1812 folded before Flop (didn't bet)
Seat 3: dcb80d62won ($5)
Seat 1: 81245fdb(small blind) folded before Flop
Seat 2: 2897361d(big blind) folded before Flop
Seat 6: 5a124e4b folded before Flop (didn't bet)
Seat 7: Hero folded before Flop (didn't bet)



Poker Hand #ring_910145874: NLH No Limit ($1/$2) - 2025/06/01 02:07:53
Table 'MR NLH 1/2' 7-max Seat #6 is the button
Seat 5: ab9f1812 ($102.7 in chips)
Seat 3: dcb80d62 ($1,461.79 in chips)
Seat 1: 81245fdb ($400 in chips)
Seat 2: 2897361d ($411.33 in chips)
Seat 6: 5a124e4b ($571.19 in chips)
Seat 7: Hero ($345.16 in chips)
Hero: posts small blind $1
81245fdb: posts big blind $2
*** HOLE CARDS ***
Dealt to ab9f1812 
Dealt to dcb80d62 
Dealt to 81245fdb 
Dealt to 2897361d 
Dealt to 5a124e4b 
Dealt to Hero [2c 8s]
2897361d: folds
dcb80d62: folds
ab9f1812: folds
5a124e4b: raises $3 to $5
Hero: folds
81245fdb: calls $3
*** FLOP *** [3h 8c 5h]
81245fdb: checks
5a124e4b: bets $4.62
81245fdb: calls $4.62
*** TURN *** [3h 8c 5h] [Kd]
81245fdb: checks
5a124e4b: checks
*** RIVER *** [3h 8c 5h Kd] [3d]
81245fdb: checks
5a124e4b: checks
81245fdb: shows [2h 2s]
5a124e4b: shows [Jh 9h]
*** SHOWDOWN ***
81245fdb collected $20.24 from pot
*** SUMMARY ***
Total pot $20.24
Board [3h 8c 5h Kd 3d]
Seat 5: ab9f1812 folded before Flop (didn't bet)
Seat 3: dcb80d62 folded before Flop (didn't bet)
Seat 1: 81245fdb(big blind) showed [2h 2s] and won ($20.24) with Pair of Treys and Pair of Twos
Seat 2: 2897361d folded before Flop (didn't bet)
Seat 6: 5a124e4b showed [Jh 9h] and lost with Pair of Treys
Seat 7: Hero(small blind) folded before Flop



Poker Hand #ring_910144701: NLH No Limit ($1/$2) - 2025/06/01 02:07:06
Table 'MR NLH 1/2' 7-max Seat #5 is the button
Seat 1: 163c5ebc ($448.54 in chips)
Seat 5: ab9f1812 ($102.7 in chips)
Seat 3: dcb80d62 ($1,353.87 in chips)
Seat 2: 2897361d ($411.33 in chips)
Seat 4: 84a4a6fb ($115.99 in chips)
Seat 6: 5a124e4b ($572.19 in chips)
Seat 7: Hero ($347.16 in chips)
5a124e4b: posts small blind $1
Hero: posts big blind $2
*** HOLE CARDS ***
Dealt to 163c5ebc 
Dealt to ab9f1812 
Dealt to dcb80d62 
Dealt to 2897361d 
Dealt to 84a4a6fb 
Dealt to 5a124e4b 
Dealt to Hero [6s 9h]
163c5ebc: folds
2897361d: folds
dcb80d62: raises $5 to $7
84a4a6fb: calls $7
ab9f1812: folds
5a124e4b: folds
Hero: folds
*** FLOP *** [Ks 9s 7d]
dcb80d62: bets $8.5
84a4a6fb: raises $11.22 to $19.72
dcb80d62: calls $11.22
*** TURN *** [Ks 9s 7d] [3h]
dcb80d62: checks
84a4a6fb: bets $28.22
dcb80d62: calls $28.22
*** RIVER *** [Ks 9s 7d 3h] [4h]
dcb80d62: checks
84a4a6fb: bets $61.05 and is all-in
dcb80d62: calls $61.05
dcb80d62: shows [Kh As]
84a4a6fb: shows [Jc Jh]
*** SHOWDOWN ***
dcb80d62 collected $234.98 from pot
*** SUMMARY ***
Total pot $234.98
Board [Ks 9s 7d 3h 4h]
Seat 1: 163c5ebc folded before Flop (didn't bet)
Seat 5: ab9f1812 folded before Flop (didn't bet)
Seat 3: dcb80d62 showed [Kh As] and won ($234.98) with Pair of Kings
Seat 2: 2897361d folded before Flop (didn't bet)
Seat 4: 84a4a6fb showed [Jc Jh] and lost with Pair of Jacks
Seat 6: 5a124e4b(small blind) folded before Flop
Seat 7: Hero(big blind) folded before Flop



Poker Hand #ring_910143861: NLH No Limit ($1/$2) - 2025/06/01 02:06:31
Table 'MR NLH 1/2' 7-max Seat #4 is the button
Seat 1: 163c5ebc ($448.54 in chips)
Seat 5: ab9f1812 ($109.7 in chips)
Seat 3: dcb80d62 ($1,339.4 in chips)
Seat 2: 2897361d ($411.33 in chips)
Seat 4: 84a4a6fb ($122.99 in chips)
Seat 6: 5a124e4b ($574.19 in chips)
Seat 7: Hero ($347.16 in chips)
ab9f1812: posts small blind $1
5a124e4b: posts big blind $2
*** HOLE CARDS ***
Dealt to 163c5ebc 
Dealt to ab9f1812 
Dealt to dcb80d62 
Dealt to 2897361d 
Dealt to 84a4a6fb 
Dealt to 5a124e4b 
Dealt to Hero [7s 4c]
Hero: folds
163c5ebc: folds
2897361d: folds
dcb80d62: raises $5 to $7
84a4a6fb: calls $7
ab9f1812: calls $6
5a124e4b: folds
*** FLOP *** [9d Kc Td]
ab9f1812: checks
dcb80d62: bets $11.5
84a4a6fb: folds
ab9f1812: folds
Uncalled bet ($11.5) returned to dcb80d62
*** SHOWDOWN ***
dcb80d62 collected $23 from pot
*** SUMMARY ***
Total pot $23
Board [9d Kc Td]
Seat 1: 163c5ebc folded before Flop (didn't bet)
Seat 5: ab9f1812(small blind) folded on the Flop
Seat 3: dcb80d62won ($23) with Ace-High
Seat 2: 2897361d folded before Flop (didn't bet)
Seat 4: 84a4a6fb folded on the Flop
Seat 6: 5a124e4b(big blind) folded before Flop
Seat 7: Hero folded before Flop (didn't bet)



Poker Hand #ring_910142884: NLH No Limit ($1/$2) - 2025/06/01 02:05:51
Table 'MR NLH 1/2' 7-max Seat #3 is the button
Seat 1: 163c5ebc ($448.54 in chips)
Seat 5: ab9f1812 ($111.7 in chips)
Seat 3: dcb80d62 ($1,339.4 in chips)
Seat 2: 2897361d ($416.33 in chips)
Seat 4: 84a4a6fb ($111.75 in chips)
Seat 6: 5a124e4b ($579.19 in chips)
Seat 7: Hero ($347.16 in chips)
84a4a6fb: posts small blind $1
ab9f1812: posts big blind $2
*** HOLE CARDS ***
Dealt to 163c5ebc 
Dealt to ab9f1812 
Dealt to dcb80d62 
Dealt to 2897361d 
Dealt to 84a4a6fb 
Dealt to 5a124e4b 
Dealt to Hero [Td Jh]
5a124e4b: raises $3 to $5
Hero: folds
163c5ebc: folds
2897361d: calls $5
dcb80d62: folds
84a4a6fb: calls $4
ab9f1812: folds
*** FLOP *** [9h Kd Kh]
84a4a6fb: checks
5a124e4b: checks
2897361d: checks
*** TURN *** [9h Kd Kh] [7d]
84a4a6fb: bets $8.5
5a124e4b: folds
2897361d: folds
Uncalled bet ($8.5) returned to 84a4a6fb
*** SHOWDOWN ***
84a4a6fb collected $17 from pot
*** SUMMARY ***
Total pot $17
Board [9h Kd Kh 7d]
Seat 1: 163c5ebc folded before Flop (didn't bet)
Seat 5: ab9f1812(big blind) folded before Flop
Seat 3: dcb80d62 folded before Flop (didn't bet)
Seat 2: 2897361d folded on the Turn
Seat 4: 84a4a6fb(small blind)won ($17) with Pair of Kings and Pair of Nines
Seat 6: 5a124e4b folded on the Turn
Seat 7: Hero folded before Flop (didn't bet)



Poker Hand #ring_910141854: NLH No Limit ($1/$2) - 2025/06/01 02:05:10
Table 'MR NLH 1/2' 7-max Seat #2 is the button
Seat 1: 163c5ebc ($448.54 in chips)
Seat 5: ab9f1812 ($111.7 in chips)
Seat 3: dcb80d62 ($1,312.6 in chips)
Seat 2: 2897361d ($416.33 in chips)
Seat 4: 84a4a6fb ($141.75 in chips)
Seat 6: 5a124e4b ($579.19 in chips)
Seat 7: Hero ($347.16 in chips)
dcb80d62: posts small blind $1
84a4a6fb: posts big blind $2
*** HOLE CARDS ***
Dealt to 163c5ebc 
Dealt to ab9f1812 
Dealt to dcb80d62 
Dealt to 2897361d 
Dealt to 84a4a6fb 
Dealt to 5a124e4b 
Dealt to Hero [6s Qh]
ab9f1812: folds
5a124e4b: folds
Hero: folds
163c5ebc: folds
2897361d: folds
dcb80d62: raises $4 to $6
84a4a6fb: calls $4
*** FLOP *** [7h Js 4d]
dcb80d62: bets $9
84a4a6fb: calls $9
*** TURN *** [7h Js 4d] [Tc]
dcb80d62: checks
84a4a6fb: bets $15
dcb80d62: calls $15
*** RIVER *** [7h Js 4d Tc] [Kh]
dcb80d62: checks
84a4a6fb: checks
dcb80d62: shows [Ac Ts]
84a4a6fb: shows [9h Td]
*** SHOWDOWN ***
dcb80d62 collected $60 from pot
*** SUMMARY ***
Total pot $60
Board [7h Js 4d Tc Kh]
Seat 1: 163c5ebc folded before Flop (didn't bet)
Seat 5: ab9f1812 folded before Flop (didn't bet)
Seat 3: dcb80d62(small blind) showed [Ac Ts] and won ($60) with Pair of Tens
Seat 2: 2897361d folded before Flop (didn't bet)
Seat 4: 84a4a6fb(big blind) showed [9h Td] and lost with Pair of Tens
Seat 6: 5a124e4b folded before Flop (didn't bet)
Seat 7: Hero folded before Flop (didn't bet)



Poker Hand #ring_910140046: NLH No Limit ($1/$2) - 2025/06/01 02:03:57
Table 'MR NLH 1/2' 7-max Seat #1 is the button
Seat 1: 163c5ebc ($448.54 in chips)
Seat 5: ab9f1812 ($111.7 in chips)
Seat 3: dcb80d62 ($1,314.6 in chips)
Seat 2: 2897361d ($464.33 in chips)
Seat 4: 84a4a6fb ($147.75 in chips)
Seat 6: 5a124e4b ($579.19 in chips)
Seat 7: Hero ($296.34 in chips)
2897361d: posts small blind $1
dcb80d62: posts big blind $2
*** HOLE CARDS ***
Dealt to 163c5ebc 
Dealt to ab9f1812 
Dealt to dcb80d62 
Dealt to 2897361d 
Dealt to 84a4a6fb 
Dealt to 5a124e4b 
Dealt to Hero [As 4s]
84a4a6fb: calls $2
ab9f1812: folds
5a124e4b: folds
Hero: raises $4 to $6
163c5ebc: folds
2897361d: calls $5
dcb80d62: folds
84a4a6fb: calls $4
*** FLOP *** [Qc 8c 2s]
2897361d: checks
84a4a6fb: checks
Hero: bets $10
2897361d: calls $10
84a4a6fb: folds
*** TURN *** [Qc 8c 2s] [5h]
2897361d: checks
Hero: checks
*** RIVER *** [Qc 8c 2s 5h] [3d]
2897361d: checks
Hero: bets $32
2897361d: calls $32
2897361d: shows [Js Qd]
Hero: shows [As 4s]
ab9f1812: shows [6s 4d]
*** SHOWDOWN ***
Hero collected $104 from pot
*** SUMMARY ***
Total pot $104
Board [Qc 8c 2s 5h 3d]
Seat 1: 163c5ebc folded before Flop (didn't bet)
Seat 5: ab9f1812 folded before Flop (didn't bet)
Seat 3: dcb80d62(big blind) folded before Flop
Seat 2: 2897361d(small blind) showed [Js Qd] and lost with Pair of Queens
Seat 4: 84a4a6fb folded on the Flop
Seat 6: 5a124e4b folded before Flop (didn't bet)
Seat 7: Hero showed [As 4s] and won ($104) with Fives-High Straight



Poker Hand #ring_910139001: NLH No Limit ($1/$2) - 2025/06/01 02:03:16
Table 'MR NLH 1/2' 7-max Seat #7 is the button
Seat 1: 163c5ebc ($450.54 in chips)
Seat 5: ab9f1812 ($131.7 in chips)
Seat 3: dcb80d62 ($1,314.6 in chips)
Seat 2: 2897361d ($442.81 in chips)
Seat 4: 84a4a6fb ($149.75 in chips)
Seat 6: 5a124e4b ($579.19 in chips)
Seat 7: Hero ($296.34 in chips)
163c5ebc: posts small blind $1
2897361d: posts big blind $2
*** HOLE CARDS ***
Dealt to 163c5ebc 
Dealt to ab9f1812 
Dealt to dcb80d62 
Dealt to 2897361d 
Dealt to 84a4a6fb 
Dealt to 5a124e4b 
Dealt to Hero [Ac 3h]
dcb80d62: folds
84a4a6fb: calls $2
ab9f1812: calls $2
5a124e4b: folds
Hero: folds
163c5ebc: calls $1
2897361d: raises $18 to $20
84a4a6fb: folds
ab9f1812: calls $18
163c5ebc: folds
*** FLOP *** [Ad Jd 9h]
2897361d: bets $22
ab9f1812: folds
Uncalled bet ($22) returned to 2897361d
2897361d: shows [5h Tc]
*** SHOWDOWN ***
2897361d collected $44 from pot
*** SUMMARY ***
Total pot $44
Board [Ad Jd 9h]
Seat 1: 163c5ebc(small blind) folded before Flop
Seat 5: ab9f1812 folded on the Flop
Seat 3: dcb80d62 folded before Flop (didn't bet)
Seat 2: 2897361d(big blind) showed [5h Tc] and won ($44) with Ace-High
Seat 4: 84a4a6fb folded before Flop
Seat 6: 5a124e4b folded before Flop (didn't bet)
Seat 7: Hero folded before Flop (didn't bet)



Poker Hand #ring_910137320: NLH No Limit ($1/$2) - 2025/06/01 02:02:09
Table 'MR NLH 1/2' 7-max Seat #6 is the button
Seat 1: 163c5ebc ($446.81 in chips)
Seat 5: ab9f1812 ($131.7 in chips)
Seat 3: dcb80d62 ($1,314.6 in chips)
Seat 2: 2897361d ($442.81 in chips)
Seat 4: 84a4a6fb ($151.75 in chips)
Seat 6: 5a124e4b ($579.19 in chips)
Seat 7: Hero ($298.34 in chips)
Hero: posts small blind $1
163c5ebc: posts big blind $2
*** HOLE CARDS ***
Dealt to 163c5ebc 
Dealt to ab9f1812 
Dealt to dcb80d62 
Dealt to 2897361d 
Dealt to 84a4a6fb 
Dealt to 5a124e4b 
Dealt to Hero [4s Kh]
2897361d: folds
dcb80d62: folds
84a4a6fb: calls $2
ab9f1812: folds
5a124e4b: folds
Hero: calls $1
163c5ebc: checks
*** FLOP *** [2c 5h Td]
Hero: checks
163c5ebc: checks
84a4a6fb: checks
*** TURN *** [2c 5h Td] [2h]
Hero: checks
163c5ebc: checks
84a4a6fb: checks
*** RIVER *** [2c 5h Td 2h] [7d]
Hero: checks
163c5ebc: checks
84a4a6fb: checks
163c5ebc: shows [4d Ac]
84a4a6fb: shows [8h Qd]
Hero: shows [4s Kh]
*** SHOWDOWN ***
163c5ebc collected $6 from pot
*** SUMMARY ***
Total pot $6
Board [2c 5h Td 2h 7d]
Seat 1: 163c5ebc(big blind) showed [4d Ac] and won ($6) with Pair of Twos
Seat 5: ab9f1812 folded before Flop (didn't bet)
Seat 3: dcb80d62 folded before Flop (didn't bet)
Seat 2: 2897361d folded before Flop (didn't bet)
Seat 4: 84a4a6fb showed [8h Qd] and lost with Pair of Twos
Seat 6: 5a124e4b folded before Flop (didn't bet)
Seat 7: Hero(small blind) showed [4s Kh] and lost with Pair of Twos



Poker Hand #ring_910136286: NLH No Limit ($1/$2) - 2025/06/01 02:01:28
Table 'MR NLH 1/2' 7-max Seat #5 is the button
Seat 1: 163c5ebc ($446.81 in chips)
Seat 5: ab9f1812 ($144.72 in chips)
Seat 3: dcb80d62 ($1,314.6 in chips)
Seat 2: 2897361d ($442.81 in chips)
Seat 4: 84a4a6fb ($137.53 in chips)
Seat 6: 5a124e4b ($580.19 in chips)
Seat 7: Hero ($300.34 in chips)
5a124e4b: posts small blind $1
Hero: posts big blind $2
*** HOLE CARDS ***
Dealt to 163c5ebc 
Dealt to ab9f1812 
Dealt to dcb80d62 
Dealt to 2897361d 
Dealt to 84a4a6fb 
Dealt to 5a124e4b 
Dealt to Hero [Qh 5s]
163c5ebc: folds
2897361d: folds
dcb80d62: folds
84a4a6fb: calls $2
ab9f1812: calls $2
5a124e4b: folds
Hero: checks
*** FLOP *** [4c 4h 3c]
Hero: checks
84a4a6fb: checks
ab9f1812: checks
*** TURN *** [4c 4h 3c] [7s]
Hero: checks
84a4a6fb: bets $5.25
ab9f1812: calls $5.25
Hero: folds
*** RIVER *** [4c 4h 3c 7s] [9c]
84a4a6fb: bets $5.77
ab9f1812: calls $5.77
84a4a6fb: shows [9d 7h]
ab9f1812: shows [8h 7d]
*** SHOWDOWN ***
84a4a6fb collected $29.04 from pot
*** SUMMARY ***
Total pot $29.04
Board [4c 4h 3c 7s 9c]
Seat 1: 163c5ebc folded before Flop (didn't bet)
Seat 5: ab9f1812 showed [8h 7d] and lost with Pair of Sevens and Pair of Fours
Seat 3: dcb80d62 folded before Flop (didn't bet)
Seat 2: 2897361d folded before Flop (didn't bet)
Seat 4: 84a4a6fb showed [9d 7h] and won ($29.04) with Pair of Nines and Pair of Sevens
Seat 6: 5a124e4b(small blind) folded before Flop
Seat 7: Hero(big blind) folded on the Turn



Poker Hand #ring_910135083: NLH No Limit ($1/$2) - 2025/06/01 02:00:41
Table 'MR NLH 1/2' 7-max Seat #4 is the button
Seat 1: 163c5ebc ($446.81 in chips)
Seat 5: ab9f1812 ($150.72 in chips)
Seat 3: dcb80d62 ($1,314.6 in chips)
Seat 2: 2897361d ($442.81 in chips)
Seat 4: 84a4a6fb ($137.53 in chips)
Seat 6: 5a124e4b ($586.19 in chips)
Seat 7: Hero ($289.15 in chips)
ab9f1812: posts small blind $1
5a124e4b: posts big blind $2
*** HOLE CARDS ***
Dealt to 163c5ebc 
Dealt to ab9f1812 
Dealt to dcb80d62 
Dealt to 2897361d 
Dealt to 84a4a6fb 
Dealt to 5a124e4b 
Dealt to Hero [9c Qc]
Hero: raises $4 to $6
163c5ebc: folds
2897361d: folds
dcb80d62: folds
84a4a6fb: folds
ab9f1812: calls $5
5a124e4b: calls $4
*** FLOP *** [9d 5c 2s]
ab9f1812: checks
5a124e4b: checks
Hero: bets $9
ab9f1812: folds
5a124e4b: folds
Uncalled bet ($9) returned to Hero
*** SHOWDOWN ***
Hero collected $18 from pot
*** SUMMARY ***
Total pot $18
Board [9d 5c 2s]
Seat 1: 163c5ebc folded before Flop (didn't bet)
Seat 5: ab9f1812(small blind) folded on the Flop
Seat 3: dcb80d62 folded before Flop (didn't bet)
Seat 2: 2897361d folded before Flop (didn't bet)
Seat 4: 84a4a6fb folded before Flop (didn't bet)
Seat 6: 5a124e4b(big blind) folded on the Flop
Seat 7: Herowon ($18) with Pair of Nines



Poker Hand #ring_910133560: NLH No Limit ($1/$2) - 2025/06/01 01:59:39
Table 'MR NLH 1/2' 7-max Seat #3 is the button
Seat 1: 163c5ebc ($446.81 in chips)
Seat 5: ab9f1812 ($133.65 in chips)
Seat 3: dcb80d62 ($1,332.85 in chips)
Seat 2: 2897361d ($442.81 in chips)
Seat 4: 84a4a6fb ($138.53 in chips)
Seat 6: 5a124e4b ($586.19 in chips)
Seat 7: Hero ($289.15 in chips)
84a4a6fb: posts small blind $1
ab9f1812: posts big blind $2
*** HOLE CARDS ***
Dealt to 163c5ebc 
Dealt to ab9f1812 
Dealt to dcb80d62 
Dealt to 2897361d 
Dealt to 84a4a6fb 
Dealt to 5a124e4b 
Dealt to Hero [7c 2h]
5a124e4b: folds
Hero: folds
163c5ebc: folds
2897361d: folds
dcb80d62: raises $5 to $7
84a4a6fb: folds
ab9f1812: calls $5
*** FLOP *** [Ah Jc Kc]
ab9f1812: checks
dcb80d62: bets $11.25
ab9f1812: calls $11.25
*** TURN *** [Ah Jc Kc] [Ac]
ab9f1812: checks
dcb80d62: checks
*** RIVER *** [Ah Jc Kc Ac] [Ts]
ab9f1812: checks
dcb80d62: checks
dcb80d62: shows [Ad 2d]
ab9f1812: shows [8h Qh]
*** SHOWDOWN ***
ab9f1812 collected $37.5 from pot
*** SUMMARY ***
Total pot $37.5
Board [Ah Jc Kc Ac Ts]
Seat 1: 163c5ebc folded before Flop (didn't bet)
Seat 5: ab9f1812(big blind) showed [8h Qh] and won ($37.5) with Aces-High Straight
Seat 3: dcb80d62 showed [Ad 2d] and lost with Three Aces
Seat 2: 2897361d folded before Flop (didn't bet)
Seat 4: 84a4a6fb(small blind) folded before Flop
Seat 6: 5a124e4b folded before Flop (didn't bet)
Seat 7: Hero folded before Flop (didn't bet)



Poker Hand #ring_910132356: NLH No Limit ($1/$2) - 2025/06/01 01:58:53
Table 'MR NLH 1/2' 7-max Seat #2 is the button
Seat 1: 163c5ebc ($446.81 in chips)
Seat 5: ab9f1812 ($133.65 in chips)
Seat 3: dcb80d62 ($1,339.35 in chips)
Seat 2: 2897361d ($442.81 in chips)
Seat 4: 84a4a6fb ($130.7 in chips)
Seat 6: 5a124e4b ($586.19 in chips)
Seat 7: Hero ($291.15 in chips)
dcb80d62: posts small blind $1
84a4a6fb: posts big blind $2
*** HOLE CARDS ***
Dealt to 163c5ebc 
Dealt to ab9f1812 
Dealt to dcb80d62 
Dealt to 2897361d 
Dealt to 84a4a6fb 
Dealt to 5a124e4b 
Dealt to Hero [Td Js]
ab9f1812: folds
5a124e4b: folds
Hero: calls $2
163c5ebc: folds
2897361d: folds
dcb80d62: calls $1
84a4a6fb: checks
*** FLOP *** [9c 2c Kc]
dcb80d62: checks
84a4a6fb: bets $4.5
Hero: folds
dcb80d62: calls $4.5
*** TURN *** [9c 2c Kc] [6d]
dcb80d62: checks
84a4a6fb: bets $7.5
dcb80d62: folds
Uncalled bet ($7.5) returned to 84a4a6fb
*** SHOWDOWN ***
84a4a6fb collected $15 from pot
*** SUMMARY ***
Total pot $15
Board [9c 2c Kc 6d]
Seat 1: 163c5ebc folded before Flop (didn't bet)
Seat 5: ab9f1812 folded before Flop (didn't bet)
Seat 3: dcb80d62(small blind) folded on the Turn
Seat 2: 2897361d folded before Flop (didn't bet)
Seat 4: 84a4a6fb(big blind)won ($15) with Pair of Kings
Seat 6: 5a124e4b folded before Flop (didn't bet)
Seat 7: Hero folded on the Flop



Poker Hand #ring_910131153: NLH No Limit ($1/$2) - 2025/06/01 01:58:05
Table 'MR NLH 1/2' 7-max Seat #1 is the button
Seat 1: 163c5ebc ($446.81 in chips)
Seat 5: ab9f1812 ($116.41 in chips)
Seat 3: dcb80d62 ($1,348.35 in chips)
Seat 2: 2897361d ($443.81 in chips)
Seat 4: 84a4a6fb ($139.7 in chips)
Seat 6: 5a124e4b ($586.19 in chips)
Seat 7: Hero ($291.15 in chips)
2897361d: posts small blind $1
dcb80d62: posts big blind $2
*** HOLE CARDS ***
Dealt to 163c5ebc 
Dealt to ab9f1812 
Dealt to dcb80d62 
Dealt to 2897361d 
Dealt to 84a4a6fb 
Dealt to 5a124e4b 
Dealt to Hero [4h Jc]
84a4a6fb: calls $2
ab9f1812: raises $7 to $9
5a124e4b: folds
Hero: folds
163c5ebc: folds
2897361d: folds
dcb80d62: calls $7
84a4a6fb: calls $7
*** FLOP *** [3c Ks Jd]
dcb80d62: checks
84a4a6fb: checks
ab9f1812: checks
*** TURN *** [3c Ks Jd] [Kh]
dcb80d62: checks
84a4a6fb: checks
ab9f1812: bets $14
dcb80d62: folds
84a4a6fb: folds
Uncalled bet ($14) returned to ab9f1812
*** SHOWDOWN ***
ab9f1812 collected $28 from pot
*** SUMMARY ***
Total pot $28
Board [3c Ks Jd Kh]
Seat 1: 163c5ebc folded before Flop (didn't bet)
Seat 5: ab9f1812won ($28) with Pair of Kings and Pair of Queens
Seat 3: dcb80d62(big blind) folded on the Turn
Seat 2: 2897361d(small blind) folded before Flop
Seat 4: 84a4a6fb folded on the Turn
Seat 6: 5a124e4b folded before Flop (didn't bet)
Seat 7: Hero folded before Flop (didn't bet)



Poker Hand #ring_910130214: NLH No Limit ($1/$2) - 2025/06/01 01:57:28
Table 'MR NLH 1/2' 7-max Seat #7 is the button
Seat 1: 163c5ebc ($447.81 in chips)
Seat 5: ab9f1812 ($118.41 in chips)
Seat 3: dcb80d62 ($1,348.35 in chips)
Seat 2: 2897361d ($439.12 in chips)
Seat 4: 84a4a6fb ($141.7 in chips)
Seat 6: 5a124e4b ($586.19 in chips)
Seat 7: Hero ($291.15 in chips)
163c5ebc: posts small blind $1
2897361d: posts big blind $2
*** HOLE CARDS ***
Dealt to 163c5ebc 
Dealt to ab9f1812 
Dealt to dcb80d62 
Dealt to 2897361d 
Dealt to 84a4a6fb 
Dealt to 5a124e4b 
Dealt to Hero [6s Tc]
dcb80d62: folds
84a4a6fb: calls $2
ab9f1812: calls $2
5a124e4b: folds
Hero: folds
163c5ebc: folds
2897361d: checks
*** FLOP *** [Th 8d 8c]
2897361d: checks
84a4a6fb: checks
ab9f1812: checks
*** TURN *** [Th 8d 8c] [Jh]
2897361d: bets $7
84a4a6fb: folds
ab9f1812: folds
Uncalled bet ($7) returned to 2897361d
*** SHOWDOWN ***
2897361d collected $7 from pot
*** SUMMARY ***
Total pot $7
Board [Th 8d 8c Jh]
Seat 1: 163c5ebc(small blind) folded before Flop
Seat 5: ab9f1812 folded on the Turn
Seat 3: dcb80d62 folded before Flop (didn't bet)
Seat 2: 2897361d(big blind)won ($7) with Jacks-High Straight
Seat 4: 84a4a6fb folded on the Turn
Seat 6: 5a124e4b folded before Flop (didn't bet)
Seat 7: Hero folded before Flop (didn't bet)



Poker Hand #ring_910129428: NLH No Limit ($1/$2) - 2025/06/01 01:56:56
Table 'MR NLH 1/2' 7-max Seat #6 is the button
Seat 1: 163c5ebc ($449.81 in chips)
Seat 5: ab9f1812 ($113.72 in chips)
Seat 3: dcb80d62 ($1,348.35 in chips)
Seat 2: 2897361d ($439.12 in chips)
Seat 4: 84a4a6fb ($143.7 in chips)
Seat 6: 5a124e4b ($586.19 in chips)
Seat 7: Hero ($292.15 in chips)
Hero: posts small blind $1
163c5ebc: posts big blind $2
ab9f1812: posts big blind $2
*** HOLE CARDS ***
Dealt to 163c5ebc 
Dealt to ab9f1812 
Dealt to dcb80d62 
Dealt to 2897361d 
Dealt to 84a4a6fb 
Dealt to 5a124e4b 
Dealt to Hero [2h 9d]
2897361d: folds
dcb80d62: folds
84a4a6fb: calls $2
ab9f1812: checks
5a124e4b: folds
Hero: folds
163c5ebc: checks
*** FLOP *** [Qc 7d 6d]
163c5ebc: checks
84a4a6fb: checks
ab9f1812: bets $7
163c5ebc: folds
84a4a6fb: folds
Uncalled bet ($7) returned to ab9f1812
*** SHOWDOWN ***
ab9f1812 collected $7 from pot
*** SUMMARY ***
Total pot $7
Board [Qc 7d 6d]
Seat 1: 163c5ebc(big blind) folded on the Flop
Seat 5: ab9f1812won ($7) with Pair of Sevens
Seat 3: dcb80d62 folded before Flop (didn't bet)
Seat 2: 2897361d folded before Flop (didn't bet)
Seat 4: 84a4a6fb folded on the Flop
Seat 6: 5a124e4b folded before Flop (didn't bet)
Seat 7: Hero(small blind) folded before Flop



Poker Hand #ring_910128597: NLH No Limit ($1/$2) - 2025/06/01 01:56:25
Table 'MR NLH 1/2' 7-max Seat #4 is the button
Seat 1: 163c5ebc ($449.81 in chips)
Seat 3: dcb80d62 ($1,348.35 in chips)
Seat 2: 2897361d ($439.12 in chips)
Seat 4: 84a4a6fb ($140.92 in chips)
Seat 6: 5a124e4b ($587.19 in chips)
Seat 7: Hero ($294.15 in chips)
5a124e4b: posts small blind $1
Hero: posts big blind $2
*** HOLE CARDS ***
Dealt to 163c5ebc 
Dealt to dcb80d62 
Dealt to 2897361d 
Dealt to 84a4a6fb 
Dealt to 5a124e4b 
Dealt to Hero [9c Jh]
163c5ebc: folds
2897361d: folds
dcb80d62: folds
84a4a6fb: calls $2
5a124e4b: folds
Hero: checks
*** FLOP *** [7h 3h 6s]
Hero: checks
84a4a6fb: bets $3.75
Hero: folds
Uncalled bet ($3.75) returned to 84a4a6fb
*** SHOWDOWN ***
84a4a6fb collected $5 from pot
*** SUMMARY ***
Total pot $5
Board [7h 3h 6s]
Seat 1: 163c5ebc folded before Flop (didn't bet)
Seat 3: dcb80d62 folded before Flop (didn't bet)
Seat 2: 2897361d folded before Flop (didn't bet)
Seat 4: 84a4a6fbwon ($5) with Eight-High
Seat 6: 5a124e4b(small blind) folded before Flop
Seat 7: Hero(big blind) folded on the Flop



Poker Hand #ring_910127895: NLH No Limit ($1/$2) - 2025/06/01 01:55:57
Table 'MR NLH 1/2' 7-max Seat #3 is the button
Seat 1: 163c5ebc ($449.81 in chips)
Seat 3: dcb80d62 ($1,348.35 in chips)
Seat 2: 2897361d ($439.12 in chips)
Seat 4: 84a4a6fb ($141.01 in chips)
Seat 6: 5a124e4b ($587.28 in chips)
Seat 7: Hero ($294.15 in chips)
84a4a6fb: posts small blind $1
5a124e4b: posts big blind $2
*** HOLE CARDS ***
Dealt to 163c5ebc 
Dealt to dcb80d62 
Dealt to 2897361d 
Dealt to 84a4a6fb 
Dealt to 5a124e4b 
Dealt to Hero [5h 2c]
Hero: folds
163c5ebc: folds
2897361d: folds
dcb80d62: folds
84a4a6fb: calls $1
5a124e4b: checks
*** FLOP *** [3h Qs 3d]
84a4a6fb: checks
5a124e4b: checks
*** TURN *** [3h Qs 3d] [Jc]
84a4a6fb: checks
5a124e4b: checks
*** RIVER *** [3h Qs 3d Jc] [Qh]
84a4a6fb: checks
5a124e4b: checks
84a4a6fb: shows [6s 4s]
5a124e4b: shows [9h 5c]
*** SHOWDOWN ***
84a4a6fb collected $2 from pot
5a124e4b collected $2 from pot
*** SUMMARY ***
Total pot $4
Board [3h Qs 3d Jc Qh]
Seat 1: 163c5ebc folded before Flop (didn't bet)
Seat 3: dcb80d62 folded before Flop (didn't bet)
Seat 2: 2897361d folded before Flop (didn't bet)
Seat 4: 84a4a6fb(small blind) showed [6s 4s] and won ($2) with Pair of Queens and Pair of Treys
Seat 6: 5a124e4b(big blind) showed [9h 5c] and won ($2) with Pair of Queens and Pair of Treys
Seat 7: Hero folded before Flop (didn't bet)



Poker Hand #ring_910127342: NLH No Limit ($1/$2) - 2025/06/01 01:55:37
Table 'MR NLH 1/2' 7-max Seat #2 is the button
Seat 1: 163c5ebc ($449.81 in chips)
Seat 3: dcb80d62 ($1,346.35 in chips)
Seat 2: 2897361d ($439.12 in chips)
Seat 4: 84a4a6fb ($143.01 in chips)
Seat 6: 5a124e4b ($587.28 in chips)
Seat 7: Hero ($294.15 in chips)
dcb80d62: posts small blind $1
84a4a6fb: posts big blind $2
*** HOLE CARDS ***
Dealt to 163c5ebc 
Dealt to dcb80d62 
Dealt to 2897361d 
Dealt to 84a4a6fb 
Dealt to 5a124e4b 
Dealt to Hero [Qc 3d]
5a124e4b: folds
Hero: folds
163c5ebc: folds
2897361d: folds
dcb80d62: raises $4 to $6
84a4a6fb: folds
Uncalled bet ($4) returned to dcb80d62
*** SHOWDOWN ***
dcb80d62 collected $4 from pot
*** SUMMARY ***
Total pot $4
Seat 1: 163c5ebc folded before Flop (didn't bet)
Seat 3: dcb80d62(small blind)won ($4)
Seat 2: 2897361d folded before Flop (didn't bet)
Seat 4: 84a4a6fb(big blind) folded before Flop
Seat 6: 5a124e4b folded before Flop (didn't bet)
Seat 7: Hero folded before Flop (didn't bet)



Poker Hand #ring_910126122: NLH No Limit ($1/$2) - 2025/06/01 01:54:50
Table 'MR NLH 1/2' 7-max Seat #1 is the button
Seat 1: 163c5ebc ($449.81 in chips)
Seat 3: dcb80d62 ($1,348.35 in chips)
Seat 5: eaa87d14 ($106.91 in chips)
Seat 2: 2897361d ($440.12 in chips)
Seat 4: 84a4a6fb ($145.01 in chips)
Seat 6: 5a124e4b ($485.71 in chips)
Seat 7: Hero ($294.15 in chips)
2897361d: posts small blind $1
dcb80d62: posts big blind $2
*** HOLE CARDS ***
Dealt to 163c5ebc 
Dealt to dcb80d62 
Dealt to eaa87d14 
Dealt to 2897361d 
Dealt to 84a4a6fb 
Dealt to 5a124e4b 
Dealt to Hero [Kd 4h]
84a4a6fb: calls $2
eaa87d14: raises $2 to $4
5a124e4b: raises $10.4 to $14.4
Hero: folds
163c5ebc: folds
2897361d: folds
dcb80d62: folds
84a4a6fb: folds
eaa87d14: calls $10.4
*** FIRST FLOP *** [Jh 2s Qh]
eaa87d14: checks
5a124e4b: bets $22.99
eaa87d14: raises $69.52 to $92.51 and is all-in
5a124e4b: calls $69.52
eaa87d14: shows [Ah 6h] (Ace-High)
5a124e4b: shows [Qc Ad] (Pair of Queens)
*** FIRST TURN *** [Jh 2s Qh] [5c]
*** SECOND TURN *** [Jh 2s Qh] [6c]
*** FIRST RIVER *** [Jh 2s Qh 5c] [Ac]
*** SECOND RIVER *** [Jh 2s Qh 6c] [7c]
*** FIRST SHOWDOWN ***
5a124e4b collected $109.66 from pot
*** SECOND SHOWDOWN ***
5a124e4b collected $109.16 from pot
*** SUMMARY ***
Total pot $218.82
Hand was run two timesFIRST Board [Jh 2s Qh 5c Ac]
SECOND Board [6c 7c]
Seat 1: 163c5ebc folded before Flop (didn't bet)
Seat 3: dcb80d62(big blind) folded before Flop
Seat 5: eaa87d14 showed [Ah 6h] and lost with Pair of Aces / Pair of Sixes
Seat 2: 2897361d(small blind) folded before Flop
Seat 4: 84a4a6fb folded before Flop
Seat 6: 5a124e4b showed [Qc Ad] and won ($218.82) with Pair of Aces and Pair of Queens / Pair of Queens
Seat 7: Hero folded before Flop (didn't bet)



Poker Hand #ring_910125583: NLH No Limit ($1/$2) - 2025/06/01 01:54:29
Table 'MR NLH 1/2' 7-max Seat #7 is the button
Seat 1: 163c5ebc ($450.81 in chips)
Seat 3: dcb80d62 ($1,345.35 in chips)
Seat 5: eaa87d14 ($106.91 in chips)
Seat 2: 2897361d ($442.12 in chips)
Seat 4: 84a4a6fb ($145.01 in chips)
Seat 6: 5a124e4b ($485.71 in chips)
Seat 7: Hero ($294.15 in chips)
163c5ebc: posts small blind $1
2897361d: posts big blind $2
*** HOLE CARDS ***
Dealt to 163c5ebc 
Dealt to dcb80d62 
Dealt to eaa87d14 
Dealt to 2897361d 
Dealt to 84a4a6fb 
Dealt to 5a124e4b 
Dealt to Hero [5d Kd]
dcb80d62: raises $5 to $7
84a4a6fb: folds
eaa87d14: folds
5a124e4b: folds
Hero: folds
163c5ebc: folds
2897361d: folds
Uncalled bet ($5) returned to dcb80d62
*** SHOWDOWN ***
dcb80d62 collected $5 from pot
*** SUMMARY ***
Total pot $5
Seat 1: 163c5ebc(small blind) folded before Flop
Seat 3: dcb80d62won ($5)
Seat 5: eaa87d14 folded before Flop (didn't bet)
Seat 2: 2897361d(big blind) folded before Flop
Seat 4: 84a4a6fb folded before Flop (didn't bet)
Seat 6: 5a124e4b folded before Flop (didn't bet)
Seat 7: Hero folded before Flop (didn't bet)



Poker Hand #ring_910124996: NLH No Limit ($1/$2) - 2025/06/01 01:54:07
Table 'MR NLH 1/2' 7-max Seat #6 is the button
Seat 1: 163c5ebc ($452.81 in chips)
Seat 3: dcb80d62 ($1,345.35 in chips)
Seat 5: eaa87d14 ($103.91 in chips)
Seat 2: 2897361d ($442.12 in chips)
Seat 4: 84a4a6fb ($145.01 in chips)
Seat 6: 5a124e4b ($485.71 in chips)
Seat 7: Hero ($295.15 in chips)
Hero: posts small blind $1
163c5ebc: posts big blind $2
*** HOLE CARDS ***
Dealt to 163c5ebc 
Dealt to dcb80d62 
Dealt to eaa87d14 
Dealt to 2897361d 
Dealt to 84a4a6fb 
Dealt to 5a124e4b 
Dealt to Hero [7h 9d]
2897361d: folds
dcb80d62: folds
84a4a6fb: folds
eaa87d14: raises $4 to $6
5a124e4b: folds
Hero: folds
163c5ebc: folds
Uncalled bet ($4) returned to eaa87d14
*** SHOWDOWN ***
eaa87d14 collected $5 from pot
*** SUMMARY ***
Total pot $5
Seat 1: 163c5ebc(big blind) folded before Flop
Seat 3: dcb80d62 folded before Flop (didn't bet)
Seat 5: eaa87d14won ($5)
Seat 2: 2897361d folded before Flop (didn't bet)
Seat 4: 84a4a6fb folded before Flop (didn't bet)
Seat 6: 5a124e4b folded before Flop (didn't bet)
Seat 7: Hero(small blind) folded before Flop



Poker Hand #ring_910123499: NLH No Limit ($1/$2) - 2025/06/01 01:53:09
Table 'MR NLH 1/2' 7-max Seat #5 is the button
Seat 1: 163c5ebc ($452.81 in chips)
Seat 3: dcb80d62 ($1,345.35 in chips)
Seat 5: eaa87d14 ($95.49 in chips)
Seat 2: 2897361d ($442.12 in chips)
Seat 4: 84a4a6fb ($149.01 in chips)
Seat 6: 5a124e4b ($486.71 in chips)
Seat 7: Hero ($299.15 in chips)
5a124e4b: posts small blind $1
Hero: posts big blind $2
*** HOLE CARDS ***
Dealt to 163c5ebc 
Dealt to dcb80d62 
Dealt to eaa87d14 
Dealt to 2897361d 
Dealt to 84a4a6fb 
Dealt to 5a124e4b 
Dealt to Hero [7d Kh]
163c5ebc: folds
2897361d: folds
dcb80d62: folds
84a4a6fb: calls $2
eaa87d14: raises $2 to $4
5a124e4b: folds
Hero: calls $2
84a4a6fb: calls $2
*** FLOP *** [Js 7s 4s]
Hero: checks
84a4a6fb: checks
eaa87d14: checks
*** TURN *** [Js 7s 4s] [Qs]
Hero: checks
84a4a6fb: checks
eaa87d14: checks
*** RIVER *** [Js 7s 4s Qs] [Qd]
Hero: checks
84a4a6fb: checks
eaa87d14: bets $4.29
Hero: folds
84a4a6fb: folds
Uncalled bet ($4.29) returned to eaa87d14
Hero: shows [7d]
*** SHOWDOWN ***
eaa87d14 collected $13 from pot
*** SUMMARY ***
Total pot $13
Board [Js 7s 4s Qs Qd]
Seat 1: 163c5ebc folded before Flop (didn't bet)
Seat 3: dcb80d62 folded before Flop (didn't bet)
Seat 5: eaa87d14won ($13) with Queen High Flush
Seat 2: 2897361d folded before Flop (didn't bet)
Seat 4: 84a4a6fb folded on the River
Seat 6: 5a124e4b(small blind) folded before Flop
Seat 7: Hero(big blind) folded on the River



Poker Hand #ring_910121810: NLH No Limit ($1/$2) - 2025/06/01 01:52:06
Table 'MR NLH 1/2' 7-max Seat #4 is the button
Seat 1: 163c5ebc ($452.81 in chips)
Seat 3: dcb80d62 ($1,345.35 in chips)
Seat 5: eaa87d14 ($113.49 in chips)
Seat 2: 2897361d ($442.12 in chips)
Seat 4: 84a4a6fb ($155.01 in chips)
Seat 6: 5a124e4b ($447.91 in chips)
Seat 7: Hero ($317.15 in chips)
eaa87d14: posts small blind $1
5a124e4b: posts big blind $2
*** HOLE CARDS ***
Dealt to 163c5ebc 
Dealt to dcb80d62 
Dealt to eaa87d14 
Dealt to 2897361d 
Dealt to 84a4a6fb 
Dealt to 5a124e4b 
Dealt to Hero [Js As]
Hero: raises $4 to $6
163c5ebc: folds
2897361d: folds
dcb80d62: folds
84a4a6fb: calls $6
eaa87d14: calls $5
5a124e4b: calls $4
*** FLOP *** [2s 9d 8h]
eaa87d14: checks
5a124e4b: checks
Hero: checks
84a4a6fb: checks
*** TURN *** [2s 9d 8h] [5s]
eaa87d14: checks
5a124e4b: checks
Hero: bets $12
84a4a6fb: folds
eaa87d14: calls $12
5a124e4b: calls $12
*** RIVER *** [2s 9d 8h 5s] [8d]
eaa87d14: checks
5a124e4b: bets $48
Hero: folds
eaa87d14: folds
Uncalled bet ($48) returned to 5a124e4b
*** SHOWDOWN ***
5a124e4b collected $60 from pot
*** SUMMARY ***
Total pot $60
Board [2s 9d 8h 5s 8d]
Seat 1: 163c5ebc folded before Flop (didn't bet)
Seat 3: dcb80d62 folded before Flop (didn't bet)
Seat 5: eaa87d14(small blind) folded on the River
Seat 2: 2897361d folded before Flop (didn't bet)
Seat 4: 84a4a6fb folded on the Turn
Seat 6: 5a124e4b(big blind)won ($60) with Pair of Eights
Seat 7: Hero folded on the River



Poker Hand #ring_910120995: NLH No Limit ($1/$2) - 2025/06/01 01:51:35
Table 'MR NLH 1/2' 7-max Seat #3 is the button
Seat 1: 163c5ebc ($452.81 in chips)
Seat 3: dcb80d62 ($1,345.35 in chips)
Seat 5: eaa87d14 ($111.67 in chips)
Seat 2: 2897361d ($442.12 in chips)
Seat 4: 84a4a6fb ($157.01 in chips)
Seat 6: 5a124e4b ($447.91 in chips)
Seat 7: Hero ($317.15 in chips)
84a4a6fb: posts small blind $1
eaa87d14: posts big blind $2
*** HOLE CARDS ***
Dealt to 163c5ebc 
Dealt to dcb80d62 
Dealt to eaa87d14 
Dealt to 2897361d 
Dealt to 84a4a6fb 
Dealt to 5a124e4b 
Dealt to Hero [2h Jc]
5a124e4b: folds
Hero: folds
163c5ebc: folds
2897361d: folds
dcb80d62: folds
84a4a6fb: calls $1
eaa87d14: checks
*** FLOP *** [9h 7c 9s]
84a4a6fb: checks
eaa87d14: checks
*** TURN *** [9h 7c 9s] [Qh]
84a4a6fb: checks
eaa87d14: bets $4
84a4a6fb: folds
Uncalled bet ($4) returned to eaa87d14
*** SHOWDOWN ***
eaa87d14 collected $4 from pot
*** SUMMARY ***
Total pot $4
Board [9h 7c 9s Qh]
Seat 1: 163c5ebc folded before Flop (didn't bet)
Seat 3: dcb80d62 folded before Flop (didn't bet)
Seat 5: eaa87d14(big blind)won ($4) with Pair of Queens and Pair of Nines
Seat 2: 2897361d folded before Flop (didn't bet)
Seat 4: 84a4a6fb(small blind) folded on the Turn
Seat 6: 5a124e4b folded before Flop (didn't bet)
Seat 7: Hero folded before Flop (didn't bet)



Poker Hand #ring_910119863: NLH No Limit ($1/$2) - 2025/06/01 01:50:51
Table 'MR NLH 1/2' 7-max Seat #2 is the button
Seat 1: 163c5ebc ($452.81 in chips)
Seat 3: dcb80d62 ($1,346.35 in chips)
Seat 5: eaa87d14 ($102.98 in chips)
Seat 2: 2897361d ($442.12 in chips)
Seat 4: 84a4a6fb ($165.51 in chips)
Seat 6: 5a124e4b ($447.91 in chips)
Seat 7: Hero ($317.15 in chips)
dcb80d62: posts small blind $1
84a4a6fb: posts big blind $2
*** HOLE CARDS ***
Dealt to 163c5ebc 
Dealt to dcb80d62 
Dealt to eaa87d14 
Dealt to 2897361d 
Dealt to 84a4a6fb 
Dealt to 5a124e4b 
Dealt to Hero [6d 3c]
eaa87d14: raises $2 to $4
5a124e4b: folds
Hero: folds
163c5ebc: folds
2897361d: folds
dcb80d62: folds
84a4a6fb: calls $2
*** FLOP *** [3s Td Jc]
84a4a6fb: checks
eaa87d14: checks
*** TURN *** [3s Td Jc] [2c]
84a4a6fb: bets $4.5
eaa87d14: calls $4.5
*** RIVER *** [3s Td Jc 2c] [Ac]
84a4a6fb: checks
eaa87d14: checks
84a4a6fb: shows [2h 5d]
eaa87d14: shows [Ts 9h]
*** SHOWDOWN ***
eaa87d14 collected $18 from pot
*** SUMMARY ***
Total pot $18
Board [3s Td Jc 2c Ac]
Seat 1: 163c5ebc folded before Flop (didn't bet)
Seat 3: dcb80d62(small blind) folded before Flop
Seat 5: eaa87d14 showed [Ts 9h] and won ($18) with Pair of Tens
Seat 2: 2897361d folded before Flop (didn't bet)
Seat 4: 84a4a6fb(big blind) showed [2h 5d] and lost with Pair of Twos
Seat 6: 5a124e4b folded before Flop (didn't bet)
Seat 7: Hero folded before Flop (didn't bet)



Poker Hand #ring_910117681: NLH No Limit ($1/$2) - 2025/06/01 01:49:29
Table 'MR NLH 1/2' 7-max Seat #1 is the button
Seat 1: 163c5ebc ($458.81 in chips)
Seat 3: dcb80d62 ($1,352.35 in chips)
Seat 5: eaa87d14 ($102.98 in chips)
Seat 2: 2897361d ($443.12 in chips)
Seat 4: 84a4a6fb ($209.01 in chips)
Seat 6: 5a124e4b ($447.91 in chips)
Seat 7: Hero ($265.65 in chips)
2897361d: posts small blind $1
dcb80d62: posts big blind $2
*** HOLE CARDS ***
Dealt to 163c5ebc 
Dealt to dcb80d62 
Dealt to eaa87d14 
Dealt to 2897361d 
Dealt to 84a4a6fb 
Dealt to 5a124e4b 
Dealt to Hero [Js 9s]
84a4a6fb: calls $2
eaa87d14: folds
5a124e4b: folds
Hero: raises $4 to $6
163c5ebc: calls $6
2897361d: folds
dcb80d62: calls $4
84a4a6fb: calls $4
*** FLOP *** [Kc 5s 6d]
dcb80d62: checks
84a4a6fb: checks
Hero: checks
163c5ebc: checks
*** TURN *** [Kc 5s 6d] [As]
dcb80d62: checks
84a4a6fb: bets $12.5
Hero: calls $12.5
163c5ebc: folds
dcb80d62: folds
*** RIVER *** [Kc 5s 6d As] [Kh]
84a4a6fb: bets $25
Hero: raises $64 to $89
84a4a6fb: folds
Uncalled bet ($64) returned to Hero
84a4a6fb: shows [Ad]
*** SHOWDOWN ***
Hero collected $100 from pot
*** SUMMARY ***
Total pot $100
Board [Kc 5s 6d As Kh]
Seat 1: 163c5ebc folded on the Turn
Seat 3: dcb80d62(big blind) folded on the Turn
Seat 5: eaa87d14 folded before Flop (didn't bet)
Seat 2: 2897361d(small blind) folded before Flop
Seat 4: 84a4a6fb folded on the River
Seat 6: 5a124e4b folded before Flop (didn't bet)
Seat 7: Herowon ($100) with Pair of Kings



Poker Hand #ring_910116199: NLH No Limit ($1/$2) - 2025/06/01 01:48:33
Table 'MR NLH 1/2' 7-max Seat #7 is the button
Seat 1: 163c5ebc ($459.81 in chips)
Seat 3: dcb80d62 ($1,352.35 in chips)
Seat 5: eaa87d14 ($83.51 in chips)
Seat 2: 2897361d ($447.12 in chips)
Seat 4: 84a4a6fb ($213.01 in chips)
Seat 6: 5a124e4b ($447.91 in chips)
Seat 7: Hero ($278.15 in chips)
163c5ebc: posts small blind $1
2897361d: posts big blind $2
*** HOLE CARDS ***
Dealt to 163c5ebc 
Dealt to dcb80d62 
Dealt to eaa87d14 
Dealt to 2897361d 
Dealt to 84a4a6fb 
Dealt to 5a124e4b 
Dealt to Hero [8c Ac]
dcb80d62: folds
84a4a6fb: calls $2
eaa87d14: raises $2 to $4
5a124e4b: folds
Hero: calls $4
163c5ebc: folds
2897361d: calls $2
84a4a6fb: calls $2
*** FLOP *** [Qc 5c As]
2897361d: checks
84a4a6fb: checks
eaa87d14: checks
Hero: bets $8.5
2897361d: folds
84a4a6fb: folds
eaa87d14: calls $8.5
*** TURN *** [Qc 5c As] [4s]
eaa87d14: checks
Hero: checks
*** RIVER *** [Qc 5c As 4s] [9s]
eaa87d14: bets $34
Hero: folds
Uncalled bet ($34) returned to eaa87d14
*** SHOWDOWN ***
eaa87d14 collected $34 from pot
*** SUMMARY ***
Total pot $34
Board [Qc 5c As 4s 9s]
Seat 1: 163c5ebc(small blind) folded before Flop
Seat 3: dcb80d62 folded before Flop (didn't bet)
Seat 5: eaa87d14won ($34) with Ace High Flush
Seat 2: 2897361d(big blind) folded on the Flop
Seat 4: 84a4a6fb folded on the Flop
Seat 6: 5a124e4b folded before Flop (didn't bet)
Seat 7: Hero folded on the River



Poker Hand #ring_910114782: NLH No Limit ($1/$2) - 2025/06/01 01:47:38
Table 'MR NLH 1/2' 7-max Seat #6 is the button
Seat 1: 163c5ebc ($461.81 in chips)
Seat 3: dcb80d62 ($1,352.35 in chips)
Seat 5: eaa87d14 ($101.51 in chips)
Seat 2: 2897361d ($447.12 in chips)
Seat 4: 84a4a6fb ($245.26 in chips)
Seat 6: 5a124e4b ($399 in chips)
Seat 7: Hero ($279.15 in chips)
Hero: posts small blind $1
163c5ebc: posts big blind $2
*** HOLE CARDS ***
Dealt to 163c5ebc 
Dealt to dcb80d62 
Dealt to eaa87d14 
Dealt to 2897361d 
Dealt to 84a4a6fb 
Dealt to 5a124e4b 
Dealt to Hero [Td 2h]
2897361d: folds
dcb80d62: folds
84a4a6fb: calls $2
eaa87d14: raises $2 to $4
5a124e4b: raises $14 to $18
Hero: folds
163c5ebc: folds
84a4a6fb: calls $16
eaa87d14: calls $14
*** FLOP *** [9c Th 9s]
84a4a6fb: checks
eaa87d14: checks
5a124e4b: bets $14.25
84a4a6fb: calls $14.25
eaa87d14: folds
*** TURN *** [9c Th 9s] [7s]
84a4a6fb: checks
5a124e4b: bets $58.14
84a4a6fb: folds
Uncalled bet ($58.14) returned to 5a124e4b
*** SHOWDOWN ***
5a124e4b collected $85.5 from pot
*** SUMMARY ***
Total pot $85.5
Board [9c Th 9s 7s]
Seat 1: 163c5ebc(big blind) folded before Flop
Seat 3: dcb80d62 folded before Flop (didn't bet)
Seat 5: eaa87d14 folded on the Flop
Seat 2: 2897361d folded before Flop (didn't bet)
Seat 4: 84a4a6fb folded on the Turn
Seat 6: 5a124e4bwon ($85.5) with Pair of Nines
Seat 7: Hero(small blind) folded before Flop



Poker Hand #ring_910113663: NLH No Limit ($1/$2) - 2025/06/01 01:46:57
Table 'MR NLH 1/2' 7-max Seat #5 is the button
Seat 1: 163c5ebc ($461.81 in chips)
Seat 3: dcb80d62 ($1,327.46 in chips)
Seat 5: eaa87d14 ($101.51 in chips)
Seat 2: 2897361d ($471.87 in chips)
Seat 4: 84a4a6fb ($245.26 in chips)
Seat 6: 5a124e4b ($400 in chips)
Seat 7: Hero ($281.15 in chips)
5a124e4b: posts small blind $1
Hero: posts big blind $2
*** HOLE CARDS ***
Dealt to 163c5ebc 
Dealt to dcb80d62 
Dealt to eaa87d14 
Dealt to 2897361d 
Dealt to 84a4a6fb 
Dealt to 5a124e4b 
Dealt to Hero [3s Ac]
163c5ebc: folds
2897361d: calls $2
dcb80d62: raises $7 to $9
84a4a6fb: folds
eaa87d14: folds
5a124e4b: folds
Hero: folds
2897361d: calls $7
*** FLOP *** [4s 8c 3h]
2897361d: checks
dcb80d62: bets $15.75
2897361d: calls $15.75
*** TURN *** [4s 8c 3h] [Ad]
2897361d: checks
dcb80d62: bets $39.38
2897361d: folds
Uncalled bet ($39.38) returned to dcb80d62
*** SHOWDOWN ***
dcb80d62 collected $52.5 from pot
*** SUMMARY ***
Total pot $52.5
Board [4s 8c 3h Ad]
Seat 1: 163c5ebc folded before Flop (didn't bet)
Seat 3: dcb80d62won ($52.5) with Ace-High
Seat 5: eaa87d14 folded before Flop (didn't bet)
Seat 2: 2897361d folded on the Turn
Seat 4: 84a4a6fb folded before Flop (didn't bet)
Seat 6: 5a124e4b(small blind) folded before Flop
Seat 7: Hero(big blind) folded before Flop



Poker Hand #ring_910111931: NLH No Limit ($1/$2) - 2025/06/01 01:45:58
Table 'MR NLH 1/2' 7-max Seat #4 is the button
Seat 1: 163c5ebc ($466.81 in chips)
Seat 3: dcb80d62 ($1,327.46 in chips)
Seat 5: eaa87d14 ($83.04 in chips)
Seat 2: 2897361d ($471.87 in chips)
Seat 4: 84a4a6fb ($258.76 in chips)
Seat 6: 5a124e4b ($400 in chips)
Seat 7: Hero ($281.15 in chips)
eaa87d14: posts small blind $1
5a124e4b: posts big blind $2
*** HOLE CARDS ***
Dealt to 163c5ebc 
Dealt to dcb80d62 
Dealt to eaa87d14 
Dealt to 2897361d 
Dealt to 84a4a6fb 
Dealt to 5a124e4b 
Dealt to Hero [3s 2h]
Hero: folds
163c5ebc: raises $3 to $5
2897361d: folds
dcb80d62: folds
84a4a6fb: calls $5
eaa87d14: calls $4
5a124e4b: folds
*** FLOP *** [Td Kd 3c]
eaa87d14: checks
163c5ebc: checks
84a4a6fb: checks
*** TURN *** [Td Kd 3c] [Tc]
eaa87d14: checks
163c5ebc: checks
84a4a6fb: bets $8.5
eaa87d14: calls $8.5
163c5ebc: folds
*** RIVER *** [Td Kd 3c Tc] [7d]
eaa87d14: bets $34
84a4a6fb: folds
Uncalled bet ($34) returned to eaa87d14
*** SHOWDOWN ***
eaa87d14 collected $34 from pot
*** SUMMARY ***
Total pot $34
Board [Td Kd 3c Tc 7d]
Seat 1: 163c5ebc folded on the Turn
Seat 3: dcb80d62 folded before Flop (didn't bet)
Seat 5: eaa87d14(small blind)won ($34) with King High Flush
Seat 2: 2897361d folded before Flop (didn't bet)
Seat 4: 84a4a6fb folded on the River
Seat 6: 5a124e4b(big blind) folded before Flop
Seat 7: Hero folded before Flop (didn't bet)



Poker Hand #ring_910110928: NLH No Limit ($1/$2) - 2025/06/01 01:45:21
Table 'MR NLH 1/2' 7-max Seat #3 is the button
Seat 1: 163c5ebc ($471.81 in chips)
Seat 3: dcb80d62 ($1,327.46 in chips)
Seat 5: eaa87d14 ($77.53 in chips)
Seat 2: 2897361d ($471.87 in chips)
Seat 4: 84a4a6fb ($259.76 in chips)
Seat 6: 5a124e4b ($400 in chips)
Seat 7: Hero ($281.15 in chips)
84a4a6fb: posts small blind $1
eaa87d14: posts big blind $2
*** HOLE CARDS ***
Dealt to 163c5ebc 
Dealt to dcb80d62 
Dealt to eaa87d14 
Dealt to 2897361d 
Dealt to 84a4a6fb 
Dealt to 5a124e4b 
Dealt to Hero [4s Ks]
5a124e4b: folds
Hero: folds
163c5ebc: raises $3 to $5
2897361d: folds
dcb80d62: folds
84a4a6fb: folds
eaa87d14: calls $3
*** FLOP *** [2c Jc Ac]
eaa87d14: checks
163c5ebc: checks
*** TURN *** [2c Jc Ac] [4d]
eaa87d14: bets $72.53 and is all-in
163c5ebc: folds
Uncalled bet ($72.53) returned to eaa87d14
*** SHOWDOWN ***
eaa87d14 collected $11 from pot
*** SUMMARY ***
Total pot $11
Board [2c Jc Ac 4d]
Seat 1: 163c5ebc folded on the Turn
Seat 3: dcb80d62 folded before Flop (didn't bet)
Seat 5: eaa87d14(big blind)won ($11) with Ace High Flush
Seat 2: 2897361d folded before Flop (didn't bet)
Seat 4: 84a4a6fb(small blind) folded before Flop
Seat 6: 5a124e4b folded before Flop (didn't bet)
Seat 7: Hero folded before Flop (didn't bet)



Poker Hand #ring_910109653: NLH No Limit ($1/$2) - 2025/06/01 01:44:35
Table 'MR NLH 1/2' 7-max Seat #2 is the button
Seat 1: 163c5ebc ($471.81 in chips)
Seat 3: dcb80d62 ($1,328.46 in chips)
Seat 5: eaa87d14 ($89.8 in chips)
Seat 2: 2897361d ($448.53 in chips)
Seat 4: 84a4a6fb ($272.03 in chips)
Seat 6: 5a124e4b ($400 in chips)
Seat 7: Hero ($281.15 in chips)
dcb80d62: posts small blind $1
84a4a6fb: posts big blind $2
*** HOLE CARDS ***
Dealt to 163c5ebc 
Dealt to dcb80d62 
Dealt to eaa87d14 
Dealt to 2897361d 
Dealt to 84a4a6fb 
Dealt to 5a124e4b 
Dealt to Hero [Th 6c]
eaa87d14: raises $4 to $6
5a124e4b: folds
Hero: folds
163c5ebc: folds
2897361d: calls $6
dcb80d62: folds
84a4a6fb: calls $4
*** FLOP *** [Td Ah Ac]
84a4a6fb: checks
eaa87d14: bets $6.27
2897361d: calls $6.27
84a4a6fb: calls $6.27
*** TURN *** [Td Ah Ac] [3s]
84a4a6fb: checks
eaa87d14: checks
2897361d: bets $37.81
84a4a6fb: folds
eaa87d14: folds
Uncalled bet ($37.81) returned to 2897361d
*** SHOWDOWN ***
2897361d collected $37.81 from pot
*** SUMMARY ***
Total pot $37.81
Board [Td Ah Ac 3s]
Seat 1: 163c5ebc folded before Flop (didn't bet)
Seat 3: dcb80d62(small blind) folded before Flop
Seat 5: eaa87d14 folded on the Turn
Seat 2: 2897361dwon ($37.81) with Three Aces
Seat 4: 84a4a6fb(big blind) folded on the Turn
Seat 6: 5a124e4b folded before Flop (didn't bet)
Seat 7: Hero folded before Flop (didn't bet)



Poker Hand #ring_910108688: NLH No Limit ($1/$2) - 2025/06/01 01:44:03
Table 'MR NLH 1/2' 7-max Seat #1 is the button
Seat 1: 163c5ebc ($471.81 in chips)
Seat 3: dcb80d62 ($1,330.46 in chips)
Seat 5: eaa87d14 ($89.8 in chips)
Seat 2: 2897361d ($449.53 in chips)
Seat 4: 84a4a6fb ($264.61 in chips)
Seat 6: 5a124e4b ($400 in chips)
Seat 7: Hero ($281.15 in chips)
2897361d: posts small blind $1
dcb80d62: posts big blind $2
*** HOLE CARDS ***
Dealt to 163c5ebc 
Dealt to dcb80d62 
Dealt to eaa87d14 
Dealt to 2897361d 
Dealt to 84a4a6fb 
Dealt to 5a124e4b 
Dealt to Hero [4d 8h]
84a4a6fb: calls $2
eaa87d14: folds
5a124e4b: raises $3 to $5
Hero: folds
163c5ebc: folds
2897361d: folds
dcb80d62: folds
84a4a6fb: calls $3
*** FLOP *** [6d 7s 7c]
84a4a6fb: checks
5a124e4b: checks
*** TURN *** [6d 7s 7c] [3d]
84a4a6fb: bets $6.5
5a124e4b: folds
Uncalled bet ($6.5) returned to 84a4a6fb
*** SHOWDOWN ***
84a4a6fb collected $13 from pot
*** SUMMARY ***
Total pot $13
Board [6d 7s 7c 3d]
Seat 1: 163c5ebc folded before Flop (didn't bet)
Seat 3: dcb80d62(big blind) folded before Flop
Seat 5: eaa87d14 folded before Flop (didn't bet)
Seat 2: 2897361d(small blind) folded before Flop
Seat 4: 84a4a6fbwon ($13) with Pair of Sevens and Pair of Treys
Seat 6: 5a124e4b folded on the Turn
Seat 7: Hero folded before Flop (didn't bet)



Poker Hand #ring_910107877: NLH No Limit ($1/$2) - 2025/06/01 01:43:33
Table 'MR NLH 1/2' 7-max Seat #7 is the button
Seat 1: 163c5ebc ($472.81 in chips)
Seat 3: dcb80d62 ($1,347.54 in chips)
Seat 5: eaa87d14 ($89.8 in chips)
Seat 2: 2897361d ($451.53 in chips)
Seat 4: 84a4a6fb ($227.45 in chips)
Seat 6: 5a124e4b ($398.83 in chips)
Seat 7: Hero ($281.15 in chips)
163c5ebc: posts small blind $1
2897361d: posts big blind $2
*** HOLE CARDS ***
Dealt to 163c5ebc 
Dealt to dcb80d62 
Dealt to eaa87d14 
Dealt to 2897361d 
Dealt to 84a4a6fb 
Dealt to 5a124e4b 
Dealt to Hero [9c 7h]
dcb80d62: raises $5 to $7
84a4a6fb: calls $7
eaa87d14: folds
5a124e4b: raises $10.08 to $17.08
Hero: folds
163c5ebc: folds
2897361d: folds
dcb80d62: calls $10.08
84a4a6fb: raises $210.37 to $227.45 and is all-in
5a124e4b: folds
dcb80d62: folds
Uncalled bet ($210.37) returned to 84a4a6fb
*** SHOWDOWN ***
84a4a6fb collected $54.24 from pot
*** SUMMARY ***
Total pot $54.24
Seat 1: 163c5ebc(small blind) folded before Flop
Seat 3: dcb80d62 folded before Flop
Seat 5: eaa87d14 folded before Flop (didn't bet)
Seat 2: 2897361d(big blind) folded before Flop
Seat 4: 84a4a6fbwon ($54.24)
Seat 6: 5a124e4b folded before Flop
Seat 7: Hero folded before Flop (didn't bet)



Poker Hand #ring_910106523: NLH No Limit ($1/$2) - 2025/06/01 01:42:42
Table 'MR NLH 1/2' 7-max Seat #6 is the button
Seat 1: 163c5ebc ($474.81 in chips)
Seat 3: dcb80d62 ($1,347.54 in chips)
Seat 5: eaa87d14 ($91.79 in chips)
Seat 2: 2897361d ($453.53 in chips)
Seat 4: 84a4a6fb ($227.45 in chips)
Seat 6: 5a124e4b ($400.82 in chips)
Seat 7: Hero ($282.15 in chips)
Hero: posts small blind $1
163c5ebc: posts big blind $2
*** HOLE CARDS ***
Dealt to 163c5ebc 
Dealt to dcb80d62 
Dealt to eaa87d14 
Dealt to 2897361d 
Dealt to 84a4a6fb 
Dealt to 5a124e4b 
Dealt to Hero [Kh 8c]
2897361d: calls $2
dcb80d62: folds
84a4a6fb: folds
eaa87d14: raises $6 to $8
5a124e4b: raises $16.8 to $24.8
Hero: folds
163c5ebc: folds
2897361d: folds
eaa87d14: calls $16.8
*** FIRST FLOP *** [4d Qh 7d]
eaa87d14: checks
5a124e4b: bets $376.02 and is all-in
eaa87d14: calls $66.99 and is all-in
Uncalled bet ($309.03) returned to 5a124e4b
eaa87d14: shows [8d Ad] (Ace-High)
5a124e4b: shows [Js Jd] (Pair of Jacks)
*** FIRST TURN *** [4d Qh 7d] [2c]
*** SECOND TURN *** [4d Qh 7d] [3c]
*** FIRST RIVER *** [4d Qh 7d 2c] [Th]
*** SECOND RIVER *** [4d Qh 7d 3c] [Kd]
*** FIRST SHOWDOWN ***
5a124e4b collected $94.54 from pot
*** SECOND SHOWDOWN ***
eaa87d14 collected $94.04 from pot
*** SUMMARY ***
Total pot $188.58
Hand was run two timesFIRST Board [4d Qh 7d 2c Th]
SECOND Board [3c Kd]
Seat 1: 163c5ebc(big blind) folded before Flop
Seat 3: dcb80d62 folded before Flop (didn't bet)
Seat 5: eaa87d14 showed [8d Ad] and won ($94.04) with Ace-High / Ace High Flush
Seat 2: 2897361d folded before Flop
Seat 4: 84a4a6fb folded before Flop (didn't bet)
Seat 6: 5a124e4b showed [Js Jd] and won ($94.54) with Pair of Jacks / Pair of Jacks
Seat 7: Hero(small blind) folded before Flop



Poker Hand #ring_910104819: NLH No Limit ($1/$2) - 2025/06/01 01:41:40
Table 'MR NLH 1/2' 7-max Seat #5 is the button
Seat 1: 163c5ebc ($487.81 in chips)
Seat 3: dcb80d62 ($1,347.54 in chips)
Seat 5: eaa87d14 ($91.79 in chips)
Seat 2: 2897361d ($453.53 in chips)
Seat 4: 84a4a6fb ($202.75 in chips)
Seat 6: 5a124e4b ($401.82 in chips)
Seat 7: Hero ($295.15 in chips)
5a124e4b: posts small blind $1
Hero: posts big blind $2
*** HOLE CARDS ***
Dealt to 163c5ebc 
Dealt to dcb80d62 
Dealt to eaa87d14 
Dealt to 2897361d 
Dealt to 84a4a6fb 
Dealt to 5a124e4b 
Dealt to Hero [Ac 4s]
163c5ebc: raises $3 to $5
2897361d: folds
dcb80d62: folds
84a4a6fb: calls $5
eaa87d14: folds
5a124e4b: folds
Hero: calls $3
*** FLOP *** [8d Ad 2s]
Hero: checks
163c5ebc: checks
84a4a6fb: checks
*** TURN *** [8d Ad 2s] [7d]
Hero: bets $8
163c5ebc: calls $8
84a4a6fb: calls $8
*** RIVER *** [8d Ad 2s 7d] [6s]
Hero: checks
163c5ebc: checks
84a4a6fb: bets $20
Hero: folds
163c5ebc: folds
Uncalled bet ($20) returned to 84a4a6fb
*** SHOWDOWN ***
84a4a6fb collected $40 from pot
*** SUMMARY ***
Total pot $40
Board [8d Ad 2s 7d 6s]
Seat 1: 163c5ebc folded on the River
Seat 3: dcb80d62 folded before Flop (didn't bet)
Seat 5: eaa87d14 folded before Flop (didn't bet)
Seat 2: 2897361d folded before Flop (didn't bet)
Seat 4: 84a4a6fbwon ($40) with Tens-High Straight
Seat 6: 5a124e4b(small blind) folded before Flop
Seat 7: Hero(big blind) folded on the River



Poker Hand #ring_910103732: NLH No Limit ($1/$2) - 2025/06/01 01:40:59
Table 'MR NLH 1/2' 7-max Seat #4 is the button
Seat 1: 163c5ebc ($487.81 in chips)
Seat 3: dcb80d62 ($1,347.54 in chips)
Seat 5: eaa87d14 ($93.79 in chips)
Seat 2: 2897361d ($453.53 in chips)
Seat 4: 84a4a6fb ($202.75 in chips)
Seat 6: 5a124e4b ($400 in chips)
Seat 7: Hero ($295.15 in chips)
eaa87d14: posts small blind $1
5a124e4b: posts big blind $2
*** HOLE CARDS ***
Dealt to 163c5ebc 
Dealt to dcb80d62 
Dealt to eaa87d14 
Dealt to 2897361d 
Dealt to 84a4a6fb 
Dealt to 5a124e4b 
Dealt to Hero [3h 6c]
Hero: folds
163c5ebc: folds
2897361d: folds
dcb80d62: folds
84a4a6fb: folds
eaa87d14: calls $1
5a124e4b: checks
*** FLOP *** [Jd 4d Kh]
eaa87d14: checks
5a124e4b: checks
*** TURN *** [Jd 4d Kh] [Qc]
eaa87d14: checks
5a124e4b: bets $3.2
eaa87d14: folds
Uncalled bet ($3.2) returned to 5a124e4b
*** SHOWDOWN ***
5a124e4b collected $4 from pot
*** SUMMARY ***
Total pot $4
Board [Jd 4d Kh Qc]
Seat 1: 163c5ebc folded before Flop (didn't bet)
Seat 3: dcb80d62 folded before Flop (didn't bet)
Seat 5: eaa87d14(small blind) folded on the Turn
Seat 2: 2897361d folded before Flop (didn't bet)
Seat 4: 84a4a6fb folded before Flop (didn't bet)
Seat 6: 5a124e4b(big blind)won ($4) with Kings-High Straight
Seat 7: Hero folded before Flop (didn't bet)



Poker Hand #ring_910102510: NLH No Limit ($1/$2) - 2025/06/01 01:40:13
Table 'MR NLH 1/2' 7-max Seat #3 is the button
Seat 1: 163c5ebc ($487.81 in chips)
Seat 3: dcb80d62 ($1,347.54 in chips)
Seat 5: eaa87d14 ($107.79 in chips)
Seat 2: 2897361d ($439.38 in chips)
Seat 4: 84a4a6fb ($204.75 in chips)
Seat 6: 5a124e4b ($400 in chips)
Seat 7: Hero ($295.15 in chips)
84a4a6fb: posts small blind $1
eaa87d14: posts big blind $2
*** HOLE CARDS ***
Dealt to 163c5ebc 
Dealt to dcb80d62 
Dealt to eaa87d14 
Dealt to 2897361d 
Dealt to 84a4a6fb 
Dealt to 5a124e4b 
Dealt to Hero [7h 5d]
5a124e4b: folds
Hero: folds
163c5ebc: folds
2897361d: calls $2
dcb80d62: folds
84a4a6fb: calls $1
eaa87d14: checks
*** FLOP *** [9c 8h 2h]
84a4a6fb: checks
eaa87d14: checks
2897361d: bets $12
84a4a6fb: folds
eaa87d14: calls $12
*** TURN *** [9c 8h 2h] [6s]
eaa87d14: checks
2897361d: bets $30
eaa87d14: folds
Uncalled bet ($30) returned to 2897361d
*** SHOWDOWN ***
2897361d collected $30 from pot
*** SUMMARY ***
Total pot $30
Board [9c 8h 2h 6s]
Seat 1: 163c5ebc folded before Flop (didn't bet)
Seat 3: dcb80d62 folded before Flop (didn't bet)
Seat 5: eaa87d14(big blind) folded on the Turn
Seat 2: 2897361dwon ($30) with Three Nines
Seat 4: 84a4a6fb(small blind) folded on the Flop
Seat 6: 5a124e4b folded before Flop (didn't bet)
Seat 7: Hero folded before Flop (didn't bet)



Poker Hand #ring_910101223: NLH No Limit ($1/$2) - 2025/06/01 01:39:26
Table 'MR NLH 1/2' 7-max Seat #2 is the button
Seat 1: 163c5ebc ($492.81 in chips)
Seat 3: dcb80d62 ($1,348.54 in chips)
Seat 5: eaa87d14 ($107.79 in chips)
Seat 2: 2897361d ($429.1 in chips)
Seat 4: 84a4a6fb ($209.75 in chips)
Seat 6: 5a124e4b ($400 in chips)
Seat 7: Hero ($295.15 in chips)
dcb80d62: posts small blind $1
84a4a6fb: posts big blind $2
*** HOLE CARDS ***
Dealt to 163c5ebc 
Dealt to dcb80d62 
Dealt to eaa87d14 
Dealt to 2897361d 
Dealt to 84a4a6fb 
Dealt to 5a124e4b 
Dealt to Hero [5s Kc]
eaa87d14: folds
5a124e4b: folds
Hero: folds
163c5ebc: raises $3 to $5
2897361d: calls $5
dcb80d62: folds
84a4a6fb: calls $3
*** FLOP *** [Qd 6h Jc]
84a4a6fb: checks
163c5ebc: checks
2897361d: checks
*** TURN *** [Qd 6h Jc] [Jh]
84a4a6fb: checks
163c5ebc: checks
2897361d: bets $16
84a4a6fb: folds
163c5ebc: folds
Uncalled bet ($16) returned to 2897361d
*** SHOWDOWN ***
2897361d collected $16 from pot
*** SUMMARY ***
Total pot $16
Board [Qd 6h Jc Jh]
Seat 1: 163c5ebc folded on the Turn
Seat 3: dcb80d62(small blind) folded before Flop
Seat 5: eaa87d14 folded before Flop (didn't bet)
Seat 2: 2897361dwon ($16) with Pair of Jacks
Seat 4: 84a4a6fb(big blind) folded on the Turn
Seat 6: 5a124e4b folded before Flop (didn't bet)
Seat 7: Hero folded before Flop (didn't bet)



Poker Hand #ring_910100244: NLH No Limit ($1/$2) - 2025/06/01 01:38:50
Table 'MR NLH 1/2' 7-max Seat #1 is the button
Seat 1: 163c5ebc ($482.81 in chips)
Seat 3: dcb80d62 ($1,350.54 in chips)
Seat 5: eaa87d14 ($109.79 in chips)
Seat 2: 2897361d ($430.1 in chips)
Seat 4: 84a4a6fb ($209.75 in chips)
Seat 6: 5a124e4b ($400 in chips)
Seat 7: Hero ($295.15 in chips)
2897361d: posts small blind $1
dcb80d62: posts big blind $2
*** HOLE CARDS ***
Dealt to 163c5ebc 
Dealt to dcb80d62 
Dealt to eaa87d14 
Dealt to 2897361d 
Dealt to 84a4a6fb 
Dealt to 5a124e4b 
Dealt to Hero [3d Ts]
84a4a6fb: folds
eaa87d14: calls $2
5a124e4b: raises $3 to $5
Hero: folds
163c5ebc: raises $15 to $20
2897361d: folds
dcb80d62: folds
eaa87d14: folds
5a124e4b: folds
Uncalled bet ($15) returned to 163c5ebc
*** SHOWDOWN ***
163c5ebc collected $15 from pot
*** SUMMARY ***
Total pot $15
Seat 1: 163c5ebcwon ($15)
Seat 3: dcb80d62(big blind) folded before Flop
Seat 5: eaa87d14 folded before Flop
Seat 2: 2897361d(small blind) folded before Flop
Seat 4: 84a4a6fb folded before Flop (didn't bet)
Seat 6: 5a124e4b folded before Flop
Seat 7: Hero folded before Flop (didn't bet)



Poker Hand #ring_910099718: NLH No Limit ($1/$2) - 2025/06/01 01:38:31
Table 'MR NLH 1/2' 7-max Seat #7 is the button
Seat 1: 163c5ebc ($480.81 in chips)
Seat 3: dcb80d62 ($1,350.54 in chips)
Seat 5: eaa87d14 ($109.79 in chips)
Seat 2: 2897361d ($432.1 in chips)
Seat 4: 84a4a6fb ($209.75 in chips)
Seat 6: 5a124e4b ($400 in chips)
Seat 7: Hero ($295.15 in chips)
163c5ebc: posts small blind $1
2897361d: posts big blind $2
*** HOLE CARDS ***
Dealt to 163c5ebc 
Dealt to dcb80d62 
Dealt to eaa87d14 
Dealt to 2897361d 
Dealt to 84a4a6fb 
Dealt to 5a124e4b 
Dealt to Hero [9s 4c]
dcb80d62: folds
84a4a6fb: folds
eaa87d14: folds
5a124e4b: folds
Hero: folds
163c5ebc: raises $4 to $6
2897361d: folds
Uncalled bet ($4) returned to 163c5ebc
*** SHOWDOWN ***
163c5ebc collected $4 from pot
*** SUMMARY ***
Total pot $4
Seat 1: 163c5ebc(small blind)won ($4)
Seat 3: dcb80d62 folded before Flop (didn't bet)
Seat 5: eaa87d14 folded before Flop (didn't bet)
Seat 2: 2897361d(big blind) folded before Flop
Seat 4: 84a4a6fb folded before Flop (didn't bet)
Seat 6: 5a124e4b folded before Flop (didn't bet)
Seat 7: Hero folded before Flop (didn't bet)



Poker Hand #ring_910098389: NLH No Limit ($1/$2) - 2025/06/01 01:37:41
Table 'MR NLH 1/2' 7-max Seat #6 is the button
Seat 1: 163c5ebc ($482.81 in chips)
Seat 3: dcb80d62 ($1,350.54 in chips)
Seat 5: eaa87d14 ($80.03 in chips)
Seat 2: 2897361d ($432.1 in chips)
Seat 4: 84a4a6fb ($209.75 in chips)
Seat 6: 5a124e4b ($407.1 in chips)
Seat 7: Hero ($310.35 in chips)
Hero: posts small blind $1
163c5ebc: posts big blind $2
*** HOLE CARDS ***
Dealt to 163c5ebc 
Dealt to dcb80d62 
Dealt to eaa87d14 
Dealt to 2897361d 
Dealt to 84a4a6fb 
Dealt to 5a124e4b 
Dealt to Hero [Jd Kd]
2897361d: folds
dcb80d62: folds
84a4a6fb: folds
eaa87d14: raises $2 to $4
5a124e4b: calls $4
Hero: raises $11.2 to $15.2
163c5ebc: folds
eaa87d14: calls $11.2
5a124e4b: calls $11.2
*** FLOP *** [2d 2c 9s]
Hero: checks
eaa87d14: bets $64.83 and is all-in
5a124e4b: folds
Hero: folds
Uncalled bet ($64.83) returned to eaa87d14
2897361d: shows [4s]
84a4a6fb: shows [2s]
*** SHOWDOWN ***
eaa87d14 collected $47.6 from pot
*** SUMMARY ***
Total pot $47.6
Board [2d 2c 9s]
Seat 1: 163c5ebc(big blind) folded before Flop
Seat 3: dcb80d62 folded before Flop (didn't bet)
Seat 5: eaa87d14won ($47.6) with Pair of Nines and Pair of Twos
Seat 2: 2897361d folded before Flop (didn't bet)
Seat 4: 84a4a6fb folded before Flop (didn't bet)
Seat 6: 5a124e4b folded on the Flop
Seat 7: Hero(small blind) folded on the Flop



Poker Hand #ring_910097114: NLH No Limit ($1/$2) - 2025/06/01 01:36:53
Table 'MR NLH 1/2' 7-max Seat #5 is the button
Seat 1: 163c5ebc ($482.81 in chips)
Seat 3: dcb80d62 ($1,350.54 in chips)
Seat 5: eaa87d14 ($80.03 in chips)
Seat 2: 2897361d ($421.54 in chips)
Seat 4: 84a4a6fb ($218.75 in chips)
Seat 6: 5a124e4b ($408.1 in chips)
Seat 7: Hero ($312.35 in chips)
5a124e4b: posts small blind $1
Hero: posts big blind $2
*** HOLE CARDS ***
Dealt to 163c5ebc 
Dealt to dcb80d62 
Dealt to eaa87d14 
Dealt to 2897361d 
Dealt to 84a4a6fb 
Dealt to 5a124e4b 
Dealt to Hero [3d 2s]
163c5ebc: folds
2897361d: calls $2
dcb80d62: folds
84a4a6fb: calls $2
eaa87d14: folds
5a124e4b: folds
Hero: checks
*** FLOP *** [4c 7c Qc]
Hero: checks
2897361d: bets $7
84a4a6fb: calls $7
Hero: folds
*** TURN *** [4c 7c Qc] [Kc]
2897361d: checks
84a4a6fb: checks
*** RIVER *** [4c 7c Qc Kc] [Ad]
2897361d: checks
84a4a6fb: checks
2897361d: shows [4s 4h]
84a4a6fb: shows [Qd Kh]
*** SHOWDOWN ***
2897361d collected $21 from pot
*** SUMMARY ***
Total pot $21
Board [4c 7c Qc Kc Ad]
Seat 1: 163c5ebc folded before Flop (didn't bet)
Seat 3: dcb80d62 folded before Flop (didn't bet)
Seat 5: eaa87d14 folded before Flop (didn't bet)
Seat 2: 2897361d showed [4s 4h] and won ($21) with Three Fours
Seat 4: 84a4a6fb showed [Qd Kh] and lost with Pair of Kings and Pair of Queens
Seat 6: 5a124e4b(small blind) folded before Flop
Seat 7: Hero(big blind) folded on the Flop



