Poker Hand #ring_894654249: NLH No Limit ($1/$2) - 2025/05/23 20:05:58
Table 'MR NLH BOMBPOT 1/2' 7-max Seat #6 is the button
Seat 1: 24aea574 ($400 in chips)
Seat 2: a4d7b0a8 ($173.96 in chips)
Seat 5: 11fa1a0d ($124.96 in chips)
Seat 4: Hero ($177.71 in chips)
Seat 6: 431e6624 ($542.3 in chips)
24aea574: posts small blind $1
a4d7b0a8: posts big blind $2
*** HOLE CARDS ***
Dealt to 24aea574 
Dealt to a4d7b0a8 
Dealt to 11fa1a0d 
Dealt to Hero [8h Tc]
Dealt to 431e6624 
Hero: folds
11fa1a0d: folds
431e6624: raises $6 to $8
24aea574: folds
a4d7b0a8: calls $6
*** FLOP *** [Ts 5h Js]
a4d7b0a8: checks
431e6624: bets $8.5
a4d7b0a8: folds
Uncalled bet ($8.5) returned to 431e6624
*** SHOWDOWN ***
431e6624 collected $17 from pot
*** SUMMARY ***
Total pot $17
Board [Ts 5h Js]
Seat 1: 24aea574(small blind) folded before Flop
Seat 2: a4d7b0a8(big blind) folded on the Flop
Seat 5: 11fa1a0d folded before Flop (didn't bet)
Seat 4: Hero folded before Flop (didn't bet)
Seat 6: 431e6624won ($17) with Pair of Tens



Poker Hand #ring_894652888: NLH No Limit ($1/$2) - 2025/05/23 20:05:04
Table 'MR NLH BOMBPOT 1/2' 7-max Seat #5 is the button
Seat 1: 24aea574 ($400 in chips)
Seat 2: a4d7b0a8 ($349.96 in chips)
Seat 5: 11fa1a0d ($124.96 in chips)
Seat 4: Hero ($177.71 in chips)
Seat 6: 431e6624 ($375 in chips)
431e6624: posts small blind $1
24aea574: posts big blind $2
*** HOLE CARDS ***
Dealt to 24aea574 
Dealt to a4d7b0a8 
Dealt to 11fa1a0d 
Dealt to Hero [5s 3c]
Dealt to 431e6624 
a4d7b0a8: calls $2
Hero: folds
11fa1a0d: folds
431e6624: raises $6 to $8
24aea574: calls $6
a4d7b0a8: calls $6
*** FLOP *** [3s 8d 7s]
431e6624: bets $18
24aea574: folds
a4d7b0a8: calls $18
*** TURN *** [3s 8d 7s] [5c]
431e6624: bets $30
a4d7b0a8: calls $30
*** RIVER *** [3s 8d 7s 5c] [2c]
431e6624: checks
a4d7b0a8: bets $120
431e6624: calls $120
a4d7b0a8: shows [Qs 2s]
431e6624: shows [9h 9s]
*** SHOWDOWN ***
431e6624 collected $360 from pot
*** SUMMARY ***
Total pot $360
Board [3s 8d 7s 5c 2c]
Seat 1: 24aea574(big blind) folded on the Flop
Seat 2: a4d7b0a8 showed [Qs 2s] and lost with Pair of Twos
Seat 5: 11fa1a0d folded before Flop (didn't bet)
Seat 4: Hero folded before Flop (didn't bet)
Seat 6: 431e6624(small blind) showed [9h 9s] and won ($360) with Pair of Nines



Poker Hand #ring_894651512: NLH No Limit ($1/$2) - 2025/05/23 20:04:09
Table 'MR NLH BOMBPOT 1/2' 7-max Seat #4 is the button
Seat 1: 24aea574 ($400 in chips)
Seat 2: a4d7b0a8 ($469.96 in chips)
Seat 5: 11fa1a0d ($132.96 in chips)
Seat 4: Hero ($185.71 in chips)
Seat 6: 431e6624 ($251.02 in chips)
11fa1a0d: posts small blind $1
431e6624: posts big blind $2
*** HOLE CARDS ***
Dealt to 24aea574 
Dealt to a4d7b0a8 
Dealt to 11fa1a0d 
Dealt to Hero [Th 9d]
Dealt to 431e6624 
24aea574: folds
a4d7b0a8: calls $2
Hero: calls $2
11fa1a0d: calls $1
431e6624: raises $6 to $8
a4d7b0a8: calls $6
Hero: calls $6
11fa1a0d: calls $6
*** FLOP *** [4c As Ks]
11fa1a0d: checks
431e6624: bets $16
a4d7b0a8: calls $16
Hero: folds
11fa1a0d: folds
*** TURN *** [4c As Ks] [Tc]
431e6624: bets $32
a4d7b0a8: calls $32
*** RIVER *** [4c As Ks Tc] [9c]
431e6624: bets $64
a4d7b0a8: calls $64
a4d7b0a8: shows [4s Ad]
431e6624: shows [Qc Ac]
*** SHOWDOWN ***
431e6624 collected $256 from pot
*** SUMMARY ***
Total pot $256
Board [4c As Ks Tc 9c]
Seat 1: 24aea574 folded before Flop (didn't bet)
Seat 2: a4d7b0a8 showed [4s Ad] and lost with Pair of Aces and Pair of Fours
Seat 5: 11fa1a0d(small blind) folded on the Flop
Seat 4: Hero folded on the Flop
Seat 6: 431e6624(big blind) showed [Qc Ac] and won ($256) with Ace High Flush



Poker Hand #ring_894650515: NLH No Limit ($1/$2) - 2025/05/23 20:03:29
Table 'MR NLH BOMBPOT 1/2' 7-max Seat #2 is the button
Seat 1: 24aea574 ($400 in chips)
Seat 2: a4d7b0a8 ($469.96 in chips)
Seat 5: 11fa1a0d ($115.33 in chips)
Seat 4: Hero ($205.63 in chips)
Seat 6: 431e6624 ($251.02 in chips)
Hero: posts small blind $1
11fa1a0d: posts big blind $2
*** HOLE CARDS ***
Dealt to 24aea574 
Dealt to a4d7b0a8 
Dealt to 11fa1a0d 
Dealt to Hero [6d 8d]
Dealt to 431e6624 
431e6624: folds
24aea574: folds
a4d7b0a8: folds
Hero: raises $4 to $6
11fa1a0d: calls $4
*** FLOP *** [Kc 4c 2h]
Hero: checks
11fa1a0d: checks
*** TURN *** [Kc 4c 2h] [6h]
Hero: bets $6
11fa1a0d: raises $7.92 to $13.92
Hero: calls $7.92
*** RIVER *** [Kc 4c 2h 6h] [7s]
Hero: checks
11fa1a0d: checks
Hero: shows [6d 8d]
11fa1a0d: shows [Ts 7c]
*** SHOWDOWN ***
11fa1a0d collected $39.84 from pot
*** SUMMARY ***
Total pot $39.84
Board [Kc 4c 2h 6h 7s]
Seat 1: 24aea574 folded before Flop (didn't bet)
Seat 2: a4d7b0a8 folded before Flop (didn't bet)
Seat 5: 11fa1a0d(big blind) showed [Ts 7c] and won ($39.84) with Pair of Sevens
Seat 4: Hero(small blind) showed [6d 8d] and lost with Pair of Sixes
Seat 6: 431e6624 folded before Flop (didn't bet)



Poker Hand #ring_894648932: NLH No Limit ($1/$2) - 2025/05/23 20:02:24
Table 'MR NLH BOMBPOT 1/2' 7-max Seat #1 is the button
Seat 1: 24aea574 ($399 in chips)
Seat 2: a4d7b0a8 ($442.62 in chips)
Seat 5: 11fa1a0d ($121.33 in chips)
Seat 4: Hero ($111.63 in chips)
Seat 6: 431e6624 ($251.02 in chips)
a4d7b0a8: posts small blind $1
Hero: posts big blind $2
*** HOLE CARDS ***
Dealt to 24aea574 
Dealt to a4d7b0a8 
Dealt to 11fa1a0d 
Dealt to Hero [Kc 4d]
Dealt to 431e6624 
11fa1a0d: raises $4 to $6
431e6624: folds
24aea574: calls $6
a4d7b0a8: calls $5
Hero: calls $4
*** FLOP *** [5s As Tc]
a4d7b0a8: checks
Hero: checks
11fa1a0d: checks
24aea574: checks
*** TURN *** [5s As Tc] [9h]
a4d7b0a8: checks
Hero: checks
11fa1a0d: checks
24aea574: bets $12
a4d7b0a8: calls $12
Hero: folds
11fa1a0d: folds
*** RIVER *** [5s As Tc 9h] [4s]
a4d7b0a8: bets $48
24aea574: folds
Uncalled bet ($48) returned to a4d7b0a8
*** SHOWDOWN ***
a4d7b0a8 collected $48 from pot
*** SUMMARY ***
Total pot $48
Board [5s As Tc 9h 4s]
Seat 1: 24aea574 folded on the River
Seat 2: a4d7b0a8(small blind)won ($48) with Ace-High
Seat 5: 11fa1a0d folded on the Turn
Seat 4: Hero(big blind) folded on the Turn
Seat 6: 431e6624 folded before Flop (didn't bet)



Poker Hand #ring_894647489: NLH No Limit ($1/$2) - 2025/05/23 20:01:26
Table 'MR NLH BOMBPOT 1/2' 7-max Seat #7 is the button
Seat 1: 24aea574 ($400 in chips)
Seat 7: 930ea7db ($47.13 in chips)
Seat 2: a4d7b0a8 ($444.62 in chips)
Seat 3: 7931e97a ($276.86 in chips)
Seat 5: 11fa1a0d ($121.33 in chips)
Seat 4: Hero ($28.13 in chips)
Seat 6: 431e6624 ($190 in chips)
24aea574: posts small blind $1
a4d7b0a8: posts big blind $2
431e6624: posts big blind $2
*** HOLE CARDS ***
Dealt to 24aea574 
Dealt to 930ea7db 
Dealt to a4d7b0a8 
Dealt to 7931e97a 
Dealt to 11fa1a0d 
Dealt to Hero [As Kh]
Dealt to 431e6624 
7931e97a: folds
Hero: raises $4 to $6
11fa1a0d: folds
431e6624: calls $4
930ea7db: calls $6
24aea574: folds
a4d7b0a8: folds
*** FLOP *** [Tc Js 9d]
Hero: checks
431e6624: checks
930ea7db: checks
*** TURN *** [Tc Js 9d] [8d]
Hero: checks
431e6624: bets $10.5
930ea7db: calls $10.5
Hero: calls $10.5
*** RIVER *** [Tc Js 9d 8d] [Ad]
Hero: checks
431e6624: bets $52.5
930ea7db: calls $30.63 and is all-in
Hero: folds
Uncalled bet ($21.87) returned to 431e6624
431e6624: shows [Kc Qc]
930ea7db: shows [7h 6d]
*** SHOWDOWN ***
431e6624 collected $113.76 from pot
*** SUMMARY ***
Total pot $113.76
Board [Tc Js 9d 8d Ad]
Seat 1: 24aea574(small blind) folded before Flop
Seat 7: 930ea7db showed [7h 6d] and lost with Jacks-High Straight
Seat 2: a4d7b0a8(big blind) folded before Flop
Seat 3: 7931e97a folded before Flop (didn't bet)
Seat 5: 11fa1a0d folded before Flop (didn't bet)
Seat 4: Hero folded on the River
Seat 6: 431e6624 showed [Kc Qc] and won ($113.76) with Aces-High Straight



Poker Hand #ring_894646359: NLH No Limit ($1/$2) - 2025/05/23 20:00:38
Table 'MR NLH BOMBPOT 1/2' 7-max Seat #5 is the button
Seat 1: 24aea574 ($400 in chips)
Seat 7: 930ea7db ($48.13 in chips)
Seat 2: a4d7b0a8 ($458.12 in chips)
Seat 3: 7931e97a ($276.86 in chips)
Seat 5: 11fa1a0d ($106.68 in chips)
Seat 4: Hero ($28.13 in chips)
930ea7db: posts small blind $1
24aea574: posts big blind $2
*** HOLE CARDS ***
Dealt to 24aea574 
Dealt to 930ea7db 
Dealt to a4d7b0a8 
Dealt to 7931e97a 
Dealt to 11fa1a0d 
Dealt to Hero [4c Kh]
a4d7b0a8: calls $2
7931e97a: folds
Hero: folds
11fa1a0d: raises $4 to $6
930ea7db: folds
24aea574: folds
a4d7b0a8: calls $4
*** FLOP *** [Tc 5c 4d]
a4d7b0a8: checks
11fa1a0d: bets $7.5
a4d7b0a8: calls $7.5
*** TURN *** [Tc 5c 4d] [Ks]
a4d7b0a8: checks
11fa1a0d: checks
*** RIVER *** [Tc 5c 4d Ks] [Td]
a4d7b0a8: checks
11fa1a0d: checks
a4d7b0a8: shows [8d 6d]
11fa1a0d: shows [Ac 7s]
*** SHOWDOWN ***
11fa1a0d collected $30 from pot
*** SUMMARY ***
Total pot $30
Board [Tc 5c 4d Ks Td]
Seat 1: 24aea574(big blind) folded before Flop
Seat 7: 930ea7db(small blind) folded before Flop
Seat 2: a4d7b0a8 showed [8d 6d] and lost with Pair of Tens
Seat 3: 7931e97a folded before Flop (didn't bet)
Seat 5: 11fa1a0d showed [Ac 7s] and won ($30) with Pair of Tens
Seat 4: Hero folded before Flop (didn't bet)



Poker Hand #ring_894645467: NLH No Limit ($1/$2) - 2025/05/23 20:00:01
Table 'MR NLH BOMBPOT 1/2' 7-max Seat #4 is the button
Seat 1: 24aea574 ($400 in chips)
Seat 7: 930ea7db ($58.13 in chips)
Seat 2: a4d7b0a8 ($468.12 in chips)
Seat 3: 7931e97a ($172.36 in chips)
Seat 5: 11fa1a0d ($27.41 in chips)
Seat 4: Hero ($200.49 in chips)
11fa1a0d: posts the ante $10
930ea7db: posts the ante $10
24aea574: posts the ante $10
a4d7b0a8: posts the ante $10
7931e97a: posts the ante $10
Hero: posts the ante $10
*** HOLE CARDS ***
Dealt to 24aea574 
Dealt to 930ea7db 
Dealt to a4d7b0a8 
Dealt to 7931e97a 
Dealt to 11fa1a0d 
Dealt to Hero [Jh Qh]
*** FLOP *** [7h Tc Qd]
11fa1a0d: bets $17.41 and is all-in
930ea7db: folds
24aea574: folds
a4d7b0a8: folds
7931e97a: raises $144.95 to $162.36 and is all-in
Hero: calls $162.36
7931e97a: shows [Kc Kd] (Pair of Kings)
Hero: shows [Jh Qh] (Pair of Queens)
11fa1a0d: shows [6c 8d] (Queen-High)
*** TURN *** [7h Tc Qd] [Ts]
*** RIVER *** [7h Tc Qd Ts] [9s]
*** SHOWDOWN ***
11fa1a0d collected $112.23 from pot
7931e97a collected $289.9 from pot
*** SUMMARY ***
Total pot $402.13
Board [7h Tc Qd Ts 9s]
Seat 1: 24aea574 folded on the Flop
Seat 7: 930ea7db(big blind) folded on the Flop
Seat 2: a4d7b0a8 folded on the Flop
Seat 3: 7931e97a showed [Kc Kd] and lost with Pair of Kings and Pair of Tens
Seat 5: 11fa1a0d(small blind) showed [6c 8d] and won ($112.23) with Tens-High Straight
Seat 4: Hero showed [Jh Qh] and lost with Pair of Queens and Pair of Tens



Poker Hand #ring_894643927: NLH No Limit ($1/$2) - 2025/05/23 19:58:57
Table 'MR NLH BOMBPOT 1/2' 7-max Seat #3 is the button
Seat 1: 24aea574 ($400 in chips)
Seat 7: 930ea7db ($62.13 in chips)
Seat 2: a4d7b0a8 ($451.33 in chips)
Seat 3: 7931e97a ($172.36 in chips)
Seat 5: 11fa1a0d ($41.16 in chips)
Seat 4: Hero ($201.49 in chips)
Hero: posts small blind $1
11fa1a0d: posts big blind $2
*** HOLE CARDS ***
Dealt to 24aea574 
Dealt to 930ea7db 
Dealt to a4d7b0a8 
Dealt to 7931e97a 
Dealt to 11fa1a0d 
Dealt to Hero [Th 8d]
930ea7db: calls $2
24aea574: folds
a4d7b0a8: raises $2 to $4
7931e97a: folds
Hero: folds
11fa1a0d: calls $2
930ea7db: calls $2
*** FLOP *** [4c 6h 3s]
11fa1a0d: checks
930ea7db: checks
a4d7b0a8: bets $9.75
11fa1a0d: calls $9.75
930ea7db: folds
*** TURN *** [4c 6h 3s] [Tc]
11fa1a0d: checks
a4d7b0a8: bets $24.37
11fa1a0d: folds
Uncalled bet ($24.37) returned to a4d7b0a8
*** SHOWDOWN ***
a4d7b0a8 collected $32.5 from pot
*** SUMMARY ***
Total pot $32.5
Board [4c 6h 3s Tc]
Seat 1: 24aea574 folded before Flop (didn't bet)
Seat 7: 930ea7db folded on the Flop
Seat 2: a4d7b0a8won ($32.5) with King-High
Seat 3: 7931e97a folded before Flop (didn't bet)
Seat 5: 11fa1a0d(big blind) folded on the Turn
Seat 4: Hero(small blind) folded before Flop



Poker Hand #ring_894642612: NLH No Limit ($1/$2) - 2025/05/23 19:58:03
Table 'MR NLH BOMBPOT 1/2' 7-max Seat #2 is the button
Seat 1: 24aea574 ($400 in chips)
Seat 7: 930ea7db ($70.13 in chips)
Seat 2: a4d7b0a8 ($451.33 in chips)
Seat 3: 7931e97a ($150.3 in chips)
Seat 5: 11fa1a0d ($49.16 in chips)
Seat 4: Hero ($209.49 in chips)
7931e97a: posts small blind $1
Hero: posts big blind $2
*** HOLE CARDS ***
Dealt to 24aea574 
Dealt to 930ea7db 
Dealt to a4d7b0a8 
Dealt to 7931e97a 
Dealt to 11fa1a0d 
Dealt to Hero [Ah Tc]
11fa1a0d: raises $6 to $8
930ea7db: calls $8
24aea574: folds
a4d7b0a8: folds
7931e97a: calls $7
Hero: calls $6
*** FLOP *** [4s 8c Qc]
7931e97a: checks
Hero: checks
11fa1a0d: checks
930ea7db: checks
*** TURN *** [4s 8c Qc] [Jd]
7931e97a: bets $8
Hero: folds
11fa1a0d: folds
930ea7db: folds
Uncalled bet ($8) returned to 7931e97a
*** SHOWDOWN ***
7931e97a collected $32 from pot
*** SUMMARY ***
Total pot $32
Board [4s 8c Qc Jd]
Seat 1: 24aea574 folded before Flop (didn't bet)
Seat 7: 930ea7db folded on the Turn
Seat 2: a4d7b0a8 folded before Flop (didn't bet)
Seat 3: 7931e97a(small blind)won ($32) with Pair of Jacks
Seat 5: 11fa1a0d folded on the Turn
Seat 4: Hero(big blind) folded on the Turn



Poker Hand #ring_894641539: NLH No Limit ($1/$2) - 2025/05/23 19:57:18
Table 'MR NLH BOMBPOT 1/2' 7-max Seat #1 is the button
Seat 1: 24aea574 ($400 in chips)
Seat 7: 930ea7db ($71.21 in chips)
Seat 2: a4d7b0a8 ($452.33 in chips)
Seat 3: 7931e97a ($152.3 in chips)
Seat 5: 11fa1a0d ($50.23 in chips)
Seat 4: Hero ($209.49 in chips)
a4d7b0a8: posts small blind $1
7931e97a: posts big blind $2
*** HOLE CARDS ***
Dealt to 24aea574 
Dealt to 930ea7db 
Dealt to a4d7b0a8 
Dealt to 7931e97a 
Dealt to 11fa1a0d 
Dealt to Hero [4h 9c]
*** FIRST FLOP *** [8s Th Qs]
*** SECOND FLOP *** [2s Qc Jd]
*** FIRST TURN *** [8s Th Qs] [2h]
*** SECOND TURN *** [2s Qc Jd] [3d]
*** FIRST RIVER *** [8s Th Qs 2h] [Qd]
*** SECOND RIVER *** [2s Qc Jd 3d] [As]
Hero: folds
11fa1a0d: raises $6 to $8
930ea7db: raises $9.5 to $17.5
24aea574: folds
a4d7b0a8: folds
7931e97a: folds
11fa1a0d: raises $32.73 to $50.23 and is all-in
930ea7db: calls $32.73
11fa1a0d: shows [Tc Td]
930ea7db: shows [Kd Kh]
*** FIRST SHOWDOWN ***
11fa1a0d collected $51.99 from pot
*** SECOND SHOWDOWN ***
930ea7db collected $51.47 from pot
*** SUMMARY ***
Total pot $103.46
Hand was run two timesFIRST Board [8s Th Qs 2h Qd]
SECOND Board [2s Qc Jd 3d As]
Seat 1: 24aea574 folded before Flop (didn't bet)
Seat 7: 930ea7db showed [Kd Kh] and won ($51.47) with Pair of Kings and Pair of Queens / Pair of Kings
Seat 2: a4d7b0a8(small blind) folded before Flop
Seat 3: 7931e97a(big blind) folded before Flop
Seat 5: 11fa1a0d showed [Tc Td] and won ($51.99) with Tens Full over Queens / Pair of Tens
Seat 4: Hero folded before Flop (didn't bet)



Poker Hand #ring_894639648: NLH No Limit ($1/$2) - 2025/05/23 19:55:58
Table 'MR NLH BOMBPOT 1/2' 7-max Seat #7 is the button
Seat 1: 24aea574 ($421.61 in chips)
Seat 7: 930ea7db ($71.21 in chips)
Seat 2: a4d7b0a8 ($430.99 in chips)
Seat 3: 7931e97a ($152.3 in chips)
Seat 5: 11fa1a0d ($50.23 in chips)
Seat 4: Hero ($209.49 in chips)
24aea574: posts small blind $1
a4d7b0a8: posts big blind $2
*** HOLE CARDS ***
Dealt to 24aea574 
Dealt to 930ea7db 
Dealt to a4d7b0a8 
Dealt to 7931e97a 
Dealt to 11fa1a0d 
Dealt to Hero [Tc 2h]
7931e97a: folds
Hero: folds
11fa1a0d: folds
930ea7db: folds
24aea574: raises $4 to $6
a4d7b0a8: calls $4
*** FLOP *** [6h 6c Ts]
24aea574: checks
a4d7b0a8: bets $6
24aea574: calls $6
*** TURN *** [6h 6c Ts] [3c]
24aea574: checks
a4d7b0a8: bets $12
24aea574: calls $12
*** RIVER *** [6h 6c Ts 3c] [2s]
24aea574: checks
a4d7b0a8: checks
24aea574: shows [Ac Qc]
a4d7b0a8: shows [Qh Th]
*** SHOWDOWN ***
a4d7b0a8 collected $48 from pot
*** SUMMARY ***
Total pot $48
Board [6h 6c Ts 3c 2s]
Seat 1: 24aea574(small blind) showed [Ac Qc] and lost with Pair of Sixes
Seat 7: 930ea7db folded before Flop (didn't bet)
Seat 2: a4d7b0a8(big blind) showed [Qh Th] and won ($48) with Pair of Tens and Pair of Sixes
Seat 3: 7931e97a folded before Flop (didn't bet)
Seat 5: 11fa1a0d folded before Flop (didn't bet)
Seat 4: Hero folded before Flop (didn't bet)



Poker Hand #ring_894638343: NLH No Limit ($1/$2) - 2025/05/23 19:55:04
Table 'MR NLH BOMBPOT 1/2' 7-max Seat #5 is the button
Seat 1: 24aea574 ($400 in chips)
Seat 7: 930ea7db ($77.21 in chips)
Seat 2: a4d7b0a8 ($430.99 in chips)
Seat 3: 7931e97a ($152.3 in chips)
Seat 5: 11fa1a0d ($50.23 in chips)
Seat 4: Hero ($227.49 in chips)
930ea7db: posts small blind $1
24aea574: posts big blind $2
*** HOLE CARDS ***
Dealt to 24aea574 
Dealt to 930ea7db 
Dealt to a4d7b0a8 
Dealt to 7931e97a 
Dealt to 11fa1a0d 
Dealt to Hero [Ac 7c]
a4d7b0a8: folds
7931e97a: folds
Hero: raises $4 to $6
11fa1a0d: folds
930ea7db: calls $5
24aea574: calls $4
*** FLOP *** [Js Qd 5c]
930ea7db: checks
24aea574: checks
Hero: checks
*** TURN *** [Js Qd 5c] [4c]
930ea7db: checks
24aea574: bets $12
Hero: calls $12
930ea7db: folds
*** RIVER *** [Js Qd 5c 4c] [3h]
24aea574: bets $60
Hero: folds
Uncalled bet ($60) returned to 24aea574
*** SHOWDOWN ***
24aea574 collected $42 from pot
*** SUMMARY ***
Total pot $42
Board [Js Qd 5c 4c 3h]
Seat 1: 24aea574(big blind)won ($42) with Queen-High
Seat 7: 930ea7db(small blind) folded on the Turn
Seat 2: a4d7b0a8 folded before Flop (didn't bet)
Seat 3: 7931e97a folded before Flop (didn't bet)
Seat 5: 11fa1a0d folded before Flop (didn't bet)
Seat 4: Hero folded on the River



Poker Hand #ring_894636794: NLH No Limit ($1/$2) - 2025/05/23 19:53:59
Table 'MR NLH BOMBPOT 1/2' 7-max Seat #4 is the button
Seat 1: 24aea574 ($400 in chips)
Seat 7: 930ea7db ($79.21 in chips)
Seat 2: a4d7b0a8 ($432.99 in chips)
Seat 3: 7931e97a ($78 in chips)
Seat 5: 11fa1a0d ($128.23 in chips)
Seat 4: Hero ($227.49 in chips)
11fa1a0d: posts small blind $1
930ea7db: posts big blind $2
*** HOLE CARDS ***
Dealt to 24aea574 
Dealt to 930ea7db 
Dealt to a4d7b0a8 
Dealt to 7931e97a 
Dealt to 11fa1a0d 
Dealt to Hero [9d 5d]
24aea574: folds
a4d7b0a8: calls $2
7931e97a: raises $11 to $13
Hero: folds
11fa1a0d: calls $12
930ea7db: folds
a4d7b0a8: folds
*** FLOP *** [6c 4s Kc]
11fa1a0d: checks
7931e97a: bets $22.5
11fa1a0d: calls $22.5
*** TURN *** [6c 4s Kc] [5c]
11fa1a0d: checks
7931e97a: bets $42.5 and is all-in
11fa1a0d: calls $42.5
7931e97a: shows [Ah Kd]
11fa1a0d: shows [Kh Qh]
*** RIVER *** [6c 4s Kc 5c] [Ac]
*** SHOWDOWN ***
7931e97a collected $160 from pot
*** SUMMARY ***
Total pot $160
Board [6c 4s Kc 5c Ac]
Seat 1: 24aea574 folded before Flop (didn't bet)
Seat 7: 930ea7db(big blind) folded before Flop
Seat 2: a4d7b0a8 folded before Flop
Seat 3: 7931e97a showed [Ah Kd] and won ($160) with Pair of Aces and Pair of Kings
Seat 5: 11fa1a0d(small blind) showed [Kh Qh] and lost with Pair of Kings
Seat 4: Hero folded before Flop (didn't bet)



Poker Hand #ring_894635929: NLH No Limit ($1/$2) - 2025/05/23 19:53:22
Table 'MR NLH BOMBPOT 1/2' 7-max Seat #3 is the button
Seat 1: 24aea574 ($400 in chips)
Seat 7: 930ea7db ($79 in chips)
Seat 2: a4d7b0a8 ($432.99 in chips)
Seat 3: 7931e97a ($78 in chips)
Seat 5: 11fa1a0d ($128.02 in chips)
Seat 4: Hero ($228.49 in chips)
Hero: posts small blind $1
11fa1a0d: posts big blind $2
*** HOLE CARDS ***
Dealt to 24aea574 
Dealt to 930ea7db 
Dealt to a4d7b0a8 
Dealt to 7931e97a 
Dealt to 11fa1a0d 
Dealt to Hero [Kc 5h]
930ea7db: raises $4 to $6
24aea574: folds
a4d7b0a8: folds
7931e97a: folds
Hero: folds
11fa1a0d: calls $4
*** FLOP *** [Qc 4s Qd]
11fa1a0d: checks
930ea7db: checks
*** TURN *** [Qc 4s Qd] [4c]
11fa1a0d: checks
930ea7db: checks
*** RIVER *** [Qc 4s Qd 4c] [Jh]
11fa1a0d: checks
930ea7db: checks
11fa1a0d: shows [3s 6d]
930ea7db: shows [7d 8h]
*** SHOWDOWN ***
11fa1a0d collected $6.5 from pot
930ea7db collected $6.5 from pot
*** SUMMARY ***
Total pot $13
Board [Qc 4s Qd 4c Jh]
Seat 1: 24aea574 folded before Flop (didn't bet)
Seat 7: 930ea7db showed [7d 8h] and won ($6.5) with Pair of Queens and Pair of Fours
Seat 2: a4d7b0a8 folded before Flop (didn't bet)
Seat 3: 7931e97a folded before Flop (didn't bet)
Seat 5: 11fa1a0d(big blind) showed [3s 6d] and won ($6.5) with Pair of Queens and Pair of Fours
Seat 4: Hero(small blind) folded before Flop



Poker Hand #ring_894635012: NLH No Limit ($1/$2) - 2025/05/23 19:52:43
Table 'MR NLH BOMBPOT 1/2' 7-max Seat #2 is the button
Seat 1: 24aea574 ($400 in chips)
Seat 7: 930ea7db ($87 in chips)
Seat 2: a4d7b0a8 ($410.93 in chips)
Seat 3: 7931e97a ($86 in chips)
Seat 5: 11fa1a0d ($128.02 in chips)
Seat 4: Hero ($236.49 in chips)
7931e97a: posts small blind $1
Hero: posts big blind $2
*** HOLE CARDS ***
Dealt to 24aea574 
Dealt to 930ea7db 
Dealt to a4d7b0a8 
Dealt to 7931e97a 
Dealt to 11fa1a0d 
Dealt to Hero [7h 8d]
11fa1a0d: folds
930ea7db: calls $2
24aea574: folds
a4d7b0a8: raises $6 to $8
7931e97a: calls $7
Hero: calls $6
930ea7db: calls $6
*** FLOP *** [4c Ts Tc]
7931e97a: checks
Hero: checks
930ea7db: checks
a4d7b0a8: bets $16
7931e97a: folds
Hero: folds
930ea7db: folds
Uncalled bet ($16) returned to a4d7b0a8
*** SHOWDOWN ***
a4d7b0a8 collected $32 from pot
*** SUMMARY ***
Total pot $32
Board [4c Ts Tc]
Seat 1: 24aea574 folded before Flop (didn't bet)
Seat 7: 930ea7db folded on the Flop
Seat 2: a4d7b0a8won ($32) with Pair of Tens
Seat 3: 7931e97a(small blind) folded on the Flop
Seat 5: 11fa1a0d folded before Flop (didn't bet)
Seat 4: Hero(big blind) folded on the Flop



Poker Hand #ring_894633760: NLH No Limit ($1/$2) - 2025/05/23 19:51:52
Table 'MR NLH BOMBPOT 1/2' 7-max Seat #1 is the button
Seat 1: 24aea574 ($400 in chips)
Seat 7: 930ea7db ($87 in chips)
Seat 2: a4d7b0a8 ($412.93 in chips)
Seat 3: 7931e97a ($88 in chips)
Seat 5: 11fa1a0d ($124.29 in chips)
Seat 4: Hero ($236.49 in chips)
a4d7b0a8: posts small blind $1
7931e97a: posts big blind $2
*** HOLE CARDS ***
Dealt to 24aea574 
Dealt to 930ea7db 
Dealt to a4d7b0a8 
Dealt to 7931e97a 
Dealt to 11fa1a0d 
Dealt to Hero [Jd 7c]
Hero: folds
11fa1a0d: calls $2
930ea7db: folds
24aea574: folds
a4d7b0a8: calls $1
7931e97a: checks
*** FLOP *** [As 9c Qh]
a4d7b0a8: checks
7931e97a: checks
11fa1a0d: checks
*** TURN *** [As 9c Qh] [9d]
a4d7b0a8: checks
7931e97a: checks
11fa1a0d: checks
*** RIVER *** [As 9c Qh 9d] [4h]
a4d7b0a8: checks
7931e97a: checks
11fa1a0d: bets $6
a4d7b0a8: folds
7931e97a: folds
Uncalled bet ($6) returned to 11fa1a0d
*** SHOWDOWN ***
11fa1a0d collected $6 from pot
*** SUMMARY ***
Total pot $6
Board [As 9c Qh 9d 4h]
Seat 1: 24aea574 folded before Flop (didn't bet)
Seat 7: 930ea7db folded before Flop (didn't bet)
Seat 2: a4d7b0a8(small blind) folded on the River
Seat 3: 7931e97a(big blind) folded on the River
Seat 5: 11fa1a0dwon ($6) with Three Nines
Seat 4: Hero folded before Flop (didn't bet)



Poker Hand #ring_894632039: NLH No Limit ($1/$2) - 2025/05/23 19:50:42
Table 'MR NLH BOMBPOT 1/2' 7-max Seat #7 is the button
Seat 1: 24aea574 ($400 in chips)
Seat 7: 930ea7db ($97 in chips)
Seat 2: a4d7b0a8 ($422.93 in chips)
Seat 3: 7931e97a ($98 in chips)
Seat 5: 11fa1a0d ($164.29 in chips)
Seat 4: Hero ($162.39 in chips)
24aea574: posts the ante $10
a4d7b0a8: posts the ante $10
7931e97a: posts the ante $10
Hero: posts the ante $10
11fa1a0d: posts the ante $10
930ea7db: posts the ante $10
*** HOLE CARDS ***
Dealt to 24aea574 
Dealt to 930ea7db 
Dealt to a4d7b0a8 
Dealt to 7931e97a 
Dealt to 11fa1a0d 
Dealt to Hero [2s 3s]
*** FLOP *** [Ks 9c 4s]
24aea574: checks
a4d7b0a8: checks
7931e97a: checks
Hero: checks
11fa1a0d: bets $30
930ea7db: folds
24aea574: folds
a4d7b0a8: folds
7931e97a: folds
Hero: calls $30
*** TURN *** [Ks 9c 4s] [5s]
Hero: checks
11fa1a0d: checks
*** RIVER *** [Ks 9c 4s 5s] [7d]
Hero: bets $44.13
11fa1a0d: folds
Uncalled bet ($44.13) returned to Hero
*** SHOWDOWN ***
Hero collected $120 from pot
*** SUMMARY ***
Total pot $120
Board [Ks 9c 4s 5s 7d]
Seat 1: 24aea574(small blind) folded on the Flop
Seat 7: 930ea7db folded on the Flop
Seat 2: a4d7b0a8(big blind) folded on the Flop
Seat 3: 7931e97a folded on the Flop
Seat 5: 11fa1a0d folded on the River
Seat 4: Herowon ($120) with King High Flush



Poker Hand #ring_894630550: NLH No Limit ($1/$2) - 2025/05/23 19:49:41
Table 'MR NLH BOMBPOT 1/2' 7-max Seat #6 is the button
Seat 1: 24aea574 ($400 in chips)
Seat 6: dc8b3ead ($448.24 in chips)
Seat 7: 930ea7db ($98 in chips)
Seat 2: a4d7b0a8 ($371 in chips)
Seat 3: 7931e97a ($98 in chips)
Seat 5: 11fa1a0d ($164.29 in chips)
Seat 4: Hero ($216.85 in chips)
930ea7db: posts small blind $1
24aea574: posts big blind $2
*** HOLE CARDS ***
Dealt to 24aea574 
Dealt to dc8b3ead 
Dealt to 930ea7db 
Dealt to a4d7b0a8 
Dealt to 7931e97a 
Dealt to 11fa1a0d 
Dealt to Hero [8d 8h]
a4d7b0a8: raises $2 to $4
7931e97a: folds
Hero: raises $8.49 to $12.49
11fa1a0d: folds
dc8b3ead: folds
930ea7db: folds
24aea574: folds
a4d7b0a8: calls $8.49
*** FLOP *** [2c Jh 2h]
a4d7b0a8: checks
Hero: bets $13.99
a4d7b0a8: calls $13.99
*** TURN *** [2c Jh 2h] [Td]
a4d7b0a8: checks
Hero: checks
*** RIVER *** [2c Jh 2h Td] [Ts]
a4d7b0a8: bets $27.98
Hero: calls $27.98
a4d7b0a8: shows [9c Jc]
Hero: shows [8d 8h]
*** SHOWDOWN ***
a4d7b0a8 collected $111.92 from pot
*** SUMMARY ***
Total pot $111.92
Board [2c Jh 2h Td Ts]
Seat 1: 24aea574(big blind) folded before Flop
Seat 6: dc8b3ead folded before Flop (didn't bet)
Seat 7: 930ea7db(small blind) folded before Flop
Seat 2: a4d7b0a8 showed [9c Jc] and won ($111.92) with Pair of Jacks and Pair of Tens
Seat 3: 7931e97a folded before Flop (didn't bet)
Seat 5: 11fa1a0d folded before Flop (didn't bet)
Seat 4: Hero showed [8d 8h] and lost with Pair of Tens and Pair of Eights



Poker Hand #ring_894629897: NLH No Limit ($1/$2) - 2025/05/23 19:49:13
Table 'MR NLH BOMBPOT 1/2' 7-max Seat #5 is the button
Seat 1: 24aea574 ($400 in chips)
Seat 6: dc8b3ead ($449.24 in chips)
Seat 7: 930ea7db ($100 in chips)
Seat 2: a4d7b0a8 ($371 in chips)
Seat 3: 7931e97a ($98 in chips)
Seat 5: 11fa1a0d ($164.29 in chips)
Seat 4: Hero ($213.85 in chips)
dc8b3ead: posts small blind $1
930ea7db: posts big blind $2
*** HOLE CARDS ***
Dealt to 24aea574 
Dealt to dc8b3ead 
Dealt to 930ea7db 
Dealt to a4d7b0a8 
Dealt to 7931e97a 
Dealt to 11fa1a0d 
Dealt to Hero [Th 9c]
24aea574: folds
a4d7b0a8: folds
7931e97a: folds
Hero: raises $4 to $6
11fa1a0d: folds
dc8b3ead: folds
930ea7db: folds
Uncalled bet ($4) returned to Hero
*** SHOWDOWN ***
Hero collected $5 from pot
*** SUMMARY ***
Total pot $5
Seat 1: 24aea574 folded before Flop (didn't bet)
Seat 6: dc8b3ead(small blind) folded before Flop
Seat 7: 930ea7db(big blind) folded before Flop
Seat 2: a4d7b0a8 folded before Flop (didn't bet)
Seat 3: 7931e97a folded before Flop (didn't bet)
Seat 5: 11fa1a0d folded before Flop (didn't bet)
Seat 4: Herowon ($5)



Poker Hand #ring_894628665: NLH No Limit ($1/$2) - 2025/05/23 19:48:22
Table 'MR NLH BOMBPOT 1/2' 7-max Seat #4 is the button
Seat 1: 24aea574 ($400 in chips)
Seat 6: dc8b3ead ($451.24 in chips)
Seat 2: a4d7b0a8 ($371 in chips)
Seat 3: 7931e97a ($100 in chips)
Seat 5: 11fa1a0d ($144.59 in chips)
Seat 4: Hero ($231.85 in chips)
11fa1a0d: posts small blind $1
dc8b3ead: posts big blind $2
7931e97a: posts big blind $2
*** HOLE CARDS ***
Dealt to 24aea574 
Dealt to dc8b3ead 
Dealt to a4d7b0a8 
Dealt to 7931e97a 
Dealt to 11fa1a0d 
Dealt to Hero [7h 7c]
24aea574: folds
a4d7b0a8: folds
7931e97a: checks
Hero: raises $6 to $8
11fa1a0d: calls $7
dc8b3ead: folds
7931e97a: folds
*** FLOP *** [Tc Qs 9s]
11fa1a0d: checks
Hero: checks
*** TURN *** [Tc Qs 9s] [6s]
11fa1a0d: checks
Hero: checks
*** RIVER *** [Tc Qs 9s 6s] [7d]
11fa1a0d: bets $10
Hero: calls $10
Hero: shows [7h 7c]
11fa1a0d: shows [8h Jh]
*** SHOWDOWN ***
11fa1a0d collected $40 from pot
*** SUMMARY ***
Total pot $40
Board [Tc Qs 9s 6s 7d]
Seat 1: 24aea574 folded before Flop (didn't bet)
Seat 6: dc8b3ead(big blind) folded before Flop
Seat 2: a4d7b0a8 folded before Flop (didn't bet)
Seat 3: 7931e97a folded before Flop
Seat 5: 11fa1a0d(small blind) showed [8h Jh] and won ($40) with Queens-High Straight
Seat 4: Hero showed [7h 7c] and lost with Three Sevens



Poker Hand #ring_894626833: NLH No Limit ($1/$2) - 2025/05/23 19:47:09
Table 'MR NLH BOMBPOT 1/2' 7-max Seat #0 is the button
Seat 1: 24aea574 ($400 in chips)
Seat 6: dc8b3ead ($451.24 in chips)
Seat 2: a4d7b0a8 ($400 in chips)
Seat 5: 11fa1a0d ($91 in chips)
Seat 4: Hero ($260.85 in chips)
Hero: posts small blind $1
11fa1a0d: posts big blind $2
a4d7b0a8: posts big blind $2
*** HOLE CARDS ***
Dealt to 24aea574 
Dealt to dc8b3ead 
Dealt to a4d7b0a8 
Dealt to 11fa1a0d 
Dealt to Hero [Kh 5c]
dc8b3ead: folds
24aea574: folds
a4d7b0a8: checks
Hero: calls $1
11fa1a0d: raises $4 to $6
a4d7b0a8: calls $4
Hero: calls $4
*** FLOP *** [2s 3c 6c]
Hero: checks
11fa1a0d: bets $5.94
a4d7b0a8: calls $5.94
Hero: raises $17.06 to $23
11fa1a0d: calls $17.06
a4d7b0a8: calls $17.06
*** TURN *** [2s 3c 6c] [As]
Hero: checks
11fa1a0d: bets $62 and is all-in
a4d7b0a8: folds
Hero: folds
Uncalled bet ($62) returned to 11fa1a0d
*** SHOWDOWN ***
11fa1a0d collected $87 from pot
*** SUMMARY ***
Total pot $87
Board [2s 3c 6c As]
Seat 1: 24aea574 folded before Flop (didn't bet)
Seat 6: dc8b3ead folded before Flop (didn't bet)
Seat 2: a4d7b0a8 folded on the Turn
Seat 5: 11fa1a0d(big blind)won ($87) with Pair of Aces
Seat 4: Hero(small blind) folded on the Turn



Poker Hand #ring_894625035: NLH No Limit ($1/$2) - 2025/05/23 19:45:55
Table 'MR NLH BOMBPOT 1/2' 7-max Seat #1 is the button
Seat 1: 24aea574 ($406.46 in chips)
Seat 6: dc8b3ead ($400 in chips)
Seat 3: 7931e97a ($27.47 in chips)
Seat 5: 11fa1a0d ($91 in chips)
Seat 4: Hero ($262.85 in chips)
7931e97a: posts small blind $1
Hero: posts big blind $2
dc8b3ead: posts big blind $2
*** HOLE CARDS ***
Dealt to 24aea574 
Dealt to dc8b3ead 
Dealt to 7931e97a 
Dealt to 11fa1a0d 
Dealt to Hero [6d 3c]
11fa1a0d: folds
dc8b3ead: raises $6 to $8
24aea574: raises $18 to $26
7931e97a: raises $1.47 to $27.47 and is all-in
Hero: folds
dc8b3ead: raises $82.94 to $110.41
24aea574: folds
Uncalled bet ($82.94) returned to dc8b3ead
7931e97a: shows [Js Ac]
dc8b3ead: shows [Qd Qh]
*** FLOP *** [Kd 9s 6h]
*** TURN *** [Kd 9s 6h] [Jh]
*** RIVER *** [Kd 9s 6h Jh] [7c]
*** SHOWDOWN ***
dc8b3ead collected $82.94 from pot
*** SUMMARY ***
Total pot $82.94
Board [Kd 9s 6h Jh 7c]
Seat 1: 24aea574 folded before Flop
Seat 6: dc8b3ead showed [Qd Qh] and won ($82.94) with Pair of Queens
Seat 3: 7931e97a(small blind) showed [Js Ac] and lost with Pair of Jacks
Seat 5: 11fa1a0d folded before Flop (didn't bet)
Seat 4: Hero(big blind) folded before Flop



Poker Hand #ring_894623938: NLH No Limit ($1/$2) - 2025/05/23 19:45:09
Table 'MR NLH BOMBPOT 1/2' 7-max Seat #5 is the button
Seat 1: 24aea574 ($401 in chips)
Seat 3: 7931e97a ($33.47 in chips)
Seat 5: 11fa1a0d ($91 in chips)
Seat 4: Hero ($262.85 in chips)
24aea574: posts small blind $1
7931e97a: posts big blind $2
*** HOLE CARDS ***
Dealt to 24aea574 
Dealt to 7931e97a 
Dealt to 11fa1a0d 
Dealt to Hero [Td Qc]
Hero: folds
11fa1a0d: folds
24aea574: raises $4 to $6
7931e97a: calls $4
*** FLOP *** [8d 2d Qs]
24aea574: checks
7931e97a: checks
*** TURN *** [8d 2d Qs] [2c]
24aea574: checks
7931e97a: checks
*** RIVER *** [8d 2d Qs 2c] [Js]
24aea574: bets $6
7931e97a: folds
Uncalled bet ($6) returned to 24aea574
*** SHOWDOWN ***
24aea574 collected $12 from pot
*** SUMMARY ***
Total pot $12
Board [8d 2d Qs 2c Js]
Seat 1: 24aea574(small blind)won ($12) with Pair of Kings and Pair of Twos
Seat 3: 7931e97a(big blind) folded on the River
Seat 5: 11fa1a0d folded before Flop (didn't bet)
Seat 4: Hero folded before Flop (didn't bet)



Poker Hand #ring_894623612: NLH No Limit ($1/$2) - 2025/05/23 19:44:56
Table 'MR NLH BOMBPOT 1/2' 7-max Seat #4 is the button
Seat 2: 3f6ccecf ($108.28 in chips)
Seat 1: 24aea574 ($400 in chips)
Seat 3: 7931e97a ($33.47 in chips)
Seat 5: 11fa1a0d ($92 in chips)
Seat 4: Hero ($262.85 in chips)
11fa1a0d: posts small blind $1
24aea574: posts big blind $2
*** HOLE CARDS ***
Dealt to 3f6ccecf 
Dealt to 24aea574 
Dealt to 7931e97a 
Dealt to 11fa1a0d 
Dealt to Hero [6s 8d]
3f6ccecf: folds
7931e97a: folds
Hero: folds
11fa1a0d: folds
*** SHOWDOWN ***
24aea574 collected $3 from pot
*** SUMMARY ***
Total pot $3
Seat 2: 3f6ccecf folded before Flop (didn't bet)
Seat 1: 24aea574(big blind)won ($3)
Seat 3: 7931e97a folded before Flop (didn't bet)
Seat 5: 11fa1a0d(small blind) folded before Flop
Seat 4: Hero folded before Flop (didn't bet)



Poker Hand #ring_894621935: NLH No Limit ($1/$2) - 2025/05/23 19:43:46
Table 'MR NLH BOMBPOT 1/2' 7-max Seat #3 is the button
Seat 2: 3f6ccecf ($109.64 in chips)
Seat 1: 24aea574 ($400 in chips)
Seat 3: 7931e97a ($33.47 in chips)
Seat 5: 11fa1a0d ($100 in chips)
Seat 4: Hero ($264.21 in chips)
Hero: posts small blind $1
11fa1a0d: posts big blind $2
*** HOLE CARDS ***
Dealt to 3f6ccecf 
Dealt to 24aea574 
Dealt to 7931e97a 
Dealt to 11fa1a0d 
Dealt to Hero [Kc Qs]
24aea574: folds
3f6ccecf: raises $6 to $8
7931e97a: folds
Hero: calls $7
11fa1a0d: calls $6
*** FIRST FLOP *** [Td Qd 8d]
Hero: checks
11fa1a0d: checks
3f6ccecf: bets $24
Hero: raises $104.4 to $128.4
11fa1a0d: folds
3f6ccecf: calls $77.64 and is all-in
Uncalled bet ($26.76) returned to Hero
3f6ccecf: shows [Th Ad] (Pair of Tens)
Hero: shows [Kc Qs] (Pair of Queens)
*** FIRST TURN *** [Td Qd 8d] [8h]
*** SECOND TURN *** [Td Qd 8d] [9c]
*** FIRST RIVER *** [Td Qd 8d 8h] [Jd]
*** SECOND RIVER *** [Td Qd 8d 9c] [Jc]
*** FIRST SHOWDOWN ***
3f6ccecf collected $113.89 from pot
*** SECOND SHOWDOWN ***
Hero collected $113.39 from pot
*** SUMMARY ***
Total pot $227.28
Hand was run two timesFIRST Board [Td Qd 8d 8h Jd]
SECOND Board [9c Jc]
Seat 2: 3f6ccecf showed [Th Ad] and won ($113.89) with Ace High Flush / Queens-High Straight
Seat 1: 24aea574 folded before Flop (didn't bet)
Seat 3: 7931e97a folded before Flop (didn't bet)
Seat 5: 11fa1a0d(big blind) folded on the Flop
Seat 4: Hero(small blind) showed [Kc Qs] and won ($113.39) with Pair of Queens and Pair of Eights / Kings-High Straight



Poker Hand #ring_894621148: NLH No Limit ($1/$2) - 2025/05/23 19:43:15
Table 'MR NLH BOMBPOT 1/2' 7-max Seat #2 is the button
Seat 2: 3f6ccecf ($106.86 in chips)
Seat 1: 24aea574 ($400 in chips)
Seat 3: 7931e97a ($34.47 in chips)
Seat 4: Hero ($266.21 in chips)
7931e97a: posts small blind $1
Hero: posts big blind $2
*** HOLE CARDS ***
Dealt to 3f6ccecf 
Dealt to 24aea574 
Dealt to 7931e97a 
Dealt to Hero [2c 4s]
24aea574: folds
3f6ccecf: calls $2
7931e97a: folds
Hero: checks
*** FLOP *** [7c 3h 8c]
Hero: checks
3f6ccecf: checks
*** TURN *** [7c 3h 8c] [8d]
Hero: checks
3f6ccecf: bets $3.75
Hero: folds
Uncalled bet ($3.75) returned to 3f6ccecf
*** SHOWDOWN ***
3f6ccecf collected $5 from pot
*** SUMMARY ***
Total pot $5
Board [7c 3h 8c 8d]
Seat 2: 3f6ccecfwon ($5) with Pair of Eights and Pair of Treys
Seat 1: 24aea574 folded before Flop (didn't bet)
Seat 3: 7931e97a(small blind) folded before Flop
Seat 4: Hero(big blind) folded on the Turn



Poker Hand #ring_894619103: NLH No Limit ($1/$2) - 2025/05/23 19:41:49
Table 'MR NLH BOMBPOT 1/2' 7-max Seat #1 is the button
Seat 2: 3f6ccecf ($116.86 in chips)
Seat 1: 24aea574 ($410 in chips)
Seat 3: 7931e97a ($57.67 in chips)
Seat 4: Hero ($226.49 in chips)
3f6ccecf: posts the ante $10
7931e97a: posts the ante $10
Hero: posts the ante $10
24aea574: posts the ante $10
*** HOLE CARDS ***
Dealt to 3f6ccecf 
Dealt to 24aea574 
Dealt to 7931e97a 
Dealt to Hero [Qc 9d]
*** FLOP *** [9h 9s Qd]
3f6ccecf: checks
7931e97a: checks
Hero: checks
24aea574: checks
*** TURN *** [9h 9s Qd] [Td]
3f6ccecf: checks
7931e97a: bets $13.2
Hero: calls $13.2
24aea574: folds
3f6ccecf: folds
*** RIVER *** [9h 9s Qd Td] [8s]
7931e97a: checks
Hero: bets $53.12
7931e97a: folds
Uncalled bet ($53.12) returned to Hero
*** SHOWDOWN ***
Hero collected $66.4 from pot
*** SUMMARY ***
Total pot $66.4
Board [9h 9s Qd Td 8s]
Seat 2: 3f6ccecf(small blind) folded on the Turn
Seat 1: 24aea574 folded on the Turn
Seat 3: 7931e97a(big blind) folded on the River
Seat 4: Herowon ($66.4) with Nines Full over Queens



Poker Hand #ring_894618514: NLH No Limit ($1/$2) - 2025/05/23 19:41:23
Table 'MR NLH BOMBPOT 1/2' 7-max Seat #4 is the button
Seat 2: 3f6ccecf ($118.86 in chips)
Seat 1: 24aea574 ($408 in chips)
Seat 3: 7931e97a ($57.67 in chips)
Seat 4: Hero ($226.49 in chips)
24aea574: posts small blind $1
3f6ccecf: posts big blind $2
*** HOLE CARDS ***
Dealt to 3f6ccecf 
Dealt to 24aea574 
Dealt to 7931e97a 
Dealt to Hero [8s Jd]
7931e97a: folds
Hero: folds
24aea574: raises $4 to $6
3f6ccecf: folds
Uncalled bet ($4) returned to 24aea574
*** SHOWDOWN ***
24aea574 collected $4 from pot
*** SUMMARY ***
Total pot $4
Seat 2: 3f6ccecf(big blind) folded before Flop
Seat 1: 24aea574(small blind)won ($4)
Seat 3: 7931e97a folded before Flop (didn't bet)
Seat 4: Hero folded before Flop (didn't bet)



Poker Hand #ring_894617955: NLH No Limit ($1/$2) - 2025/05/23 19:41:01
Table 'MR NLH BOMBPOT 1/2' 7-max Seat #3 is the button
Seat 2: 3f6ccecf ($118.86 in chips)
Seat 1: 24aea574 ($400 in chips)
Seat 3: 7931e97a ($59.67 in chips)
Seat 4: Hero ($232.49 in chips)
Hero: posts small blind $1
24aea574: posts big blind $2
*** HOLE CARDS ***
Dealt to 3f6ccecf 
Dealt to 24aea574 
Dealt to 7931e97a 
Dealt to Hero [Kd 2d]
3f6ccecf: folds
7931e97a: calls $2
Hero: raises $4 to $6
24aea574: raises $14 to $20
7931e97a: folds
Hero: folds
Uncalled bet ($14) returned to 24aea574
*** SHOWDOWN ***
24aea574 collected $14 from pot
*** SUMMARY ***
Total pot $14
Seat 2: 3f6ccecf folded before Flop (didn't bet)
Seat 1: 24aea574(big blind)won ($14)
Seat 3: 7931e97a folded before Flop
Seat 4: Hero(small blind) folded before Flop



Poker Hand #ring_894616887: NLH No Limit ($1/$2) - 2025/05/23 19:40:17
Table 'MR NLH BOMBPOT 1/2' 7-max Seat #2 is the button
Seat 2: 3f6ccecf ($89.7 in chips)
Seat 1: 24aea574 ($399 in chips)
Seat 3: 7931e97a ($65.67 in chips)
Seat 4: Hero ($238.49 in chips)
7931e97a: posts small blind $1
Hero: posts big blind $2
*** HOLE CARDS ***
Dealt to 3f6ccecf 
Dealt to 24aea574 
Dealt to 7931e97a 
Dealt to Hero [9c Ac]
24aea574: raises $4 to $6
3f6ccecf: calls $6
7931e97a: calls $5
Hero: calls $4
*** FLOP *** [5c Jd Qd]
7931e97a: checks
Hero: checks
24aea574: bets $14
3f6ccecf: raises $69.7 to $83.7 and is all-in
7931e97a: folds
Hero: folds
24aea574: folds
Uncalled bet ($69.7) returned to 3f6ccecf
*** SHOWDOWN ***
3f6ccecf collected $52 from pot
*** SUMMARY ***
Total pot $52
Board [5c Jd Qd]
Seat 2: 3f6ccecfwon ($52) with Pair of Queens
Seat 1: 24aea574 folded on the Flop
Seat 3: 7931e97a(small blind) folded on the Flop
Seat 4: Hero(big blind) folded on the Flop



Poker Hand #ring_894616474: NLH No Limit ($1/$2) - 2025/05/23 19:40:00
Table 'MR NLH BOMBPOT 1/2' 7-max Seat #1 is the button
Seat 2: 3f6ccecf ($90.7 in chips)
Seat 1: 24aea574 ($399 in chips)
Seat 3: 7931e97a ($67.67 in chips)
Seat 4: Hero ($235.49 in chips)
3f6ccecf: posts small blind $1
7931e97a: posts big blind $2
*** HOLE CARDS ***
Dealt to 3f6ccecf 
Dealt to 24aea574 
Dealt to 7931e97a 
Dealt to Hero [6h Th]
Hero: raises $4 to $6
24aea574: folds
3f6ccecf: folds
7931e97a: folds
Uncalled bet ($4) returned to Hero
*** SHOWDOWN ***
Hero collected $5 from pot
*** SUMMARY ***
Total pot $5
Seat 2: 3f6ccecf(small blind) folded before Flop
Seat 1: 24aea574 folded before Flop (didn't bet)
Seat 3: 7931e97a(big blind) folded before Flop
Seat 4: Herowon ($5)



Poker Hand #ring_894614851: NLH No Limit ($1/$2) - 2025/05/23 19:38:54
Table 'MR NLH BOMBPOT 1/2' 7-max Seat #4 is the button
Seat 2: 3f6ccecf ($92.7 in chips)
Seat 1: 24aea574 ($400 in chips)
Seat 3: 7931e97a ($99.17 in chips)
Seat 4: Hero ($104.46 in chips)
24aea574: posts small blind $1
3f6ccecf: posts big blind $2
*** HOLE CARDS ***
Dealt to 3f6ccecf 
Dealt to 24aea574 
Dealt to 7931e97a 
Dealt to Hero [2d 2h]
7931e97a: calls $2
Hero: raises $4 to $6
24aea574: folds
3f6ccecf: folds
7931e97a: calls $4
*** FLOP *** [Th 2s 8h]
7931e97a: checks
Hero: bets $7.5
7931e97a: calls $7.5
*** TURN *** [Th 2s 8h] [Ad]
7931e97a: checks
Hero: bets $18
7931e97a: calls $18
*** RIVER *** [Th 2s 8h Ad] [Td]
7931e97a: checks
Hero: bets $72.96 and is all-in
7931e97a: folds
Uncalled bet ($72.96) returned to Hero
*** SHOWDOWN ***
Hero collected $66 from pot
*** SUMMARY ***
Total pot $66
Board [Th 2s 8h Ad Td]
Seat 2: 3f6ccecf(big blind) folded before Flop
Seat 1: 24aea574(small blind) folded before Flop
Seat 3: 7931e97a folded on the River
Seat 4: Herowon ($66) with Twos Full over Tens



Poker Hand #ring_894614418: NLH No Limit ($1/$2) - 2025/05/23 19:38:36
Table 'MR NLH BOMBPOT 1/2' 7-max Seat #3 is the button
Seat 2: 3f6ccecf ($89.7 in chips)
Seat 1: 24aea574 ($400 in chips)
Seat 3: 7931e97a ($99.17 in chips)
Seat 4: Hero ($105.46 in chips)
Hero: posts small blind $1
24aea574: posts big blind $2
*** HOLE CARDS ***
Dealt to 3f6ccecf 
Dealt to 24aea574 
Dealt to 7931e97a 
Dealt to Hero [3c Td]
3f6ccecf: raises $6 to $8
7931e97a: folds
Hero: folds
24aea574: folds
Uncalled bet ($6) returned to 3f6ccecf
*** SHOWDOWN ***
3f6ccecf collected $5 from pot
*** SUMMARY ***
Total pot $5
Seat 2: 3f6ccecfwon ($5)
Seat 1: 24aea574(big blind) folded before Flop
Seat 3: 7931e97a folded before Flop (didn't bet)
Seat 4: Hero(small blind) folded before Flop



Poker Hand #ring_894613886: NLH No Limit ($1/$2) - 2025/05/23 19:38:12
Table 'MR NLH BOMBPOT 1/2' 7-max Seat #2 is the button
Seat 2: 3f6ccecf ($89.7 in chips)
Seat 3: 7931e97a ($105.17 in chips)
Seat 4: Hero ($100 in chips)
7931e97a: posts small blind $1
Hero: posts big blind $2
*** HOLE CARDS ***
Dealt to 3f6ccecf 
Dealt to 7931e97a 
Dealt to Hero [7h 6c]
3f6ccecf: folds
7931e97a: calls $1
Hero: raises $4 to $6
7931e97a: calls $4
*** FLOP *** [9h 8s 9c]
7931e97a: checks
Hero: bets $6
7931e97a: folds
Uncalled bet ($6) returned to Hero
*** SHOWDOWN ***
Hero collected $12 from pot
*** SUMMARY ***
Total pot $12
Board [9h 8s 9c]
Seat 2: 3f6ccecf folded before Flop (didn't bet)
Seat 3: 7931e97a(small blind) folded on the Flop
Seat 4: Hero(big blind)won ($12) with Pair of Nines



