Poker Hand #ring_881028711: NLH No Limit ($2/$4) - 2025/05/16 16:28:43
Table 'MR NLH 2/4' 7-max Seat #4 is the button
Seat 6: 68592fec ($540.65 in chips)
Seat 5: a6c3901 ($1,411.24 in chips)
Seat 1: ea10e29f ($497.13 in chips)
Seat 2: 9481da2f ($791.32 in chips)
Seat 3: a00f17b2 ($1,279.75 in chips)
Seat 4: 9869456b ($1,075.08 in chips)
Seat 7: Hero ($210.55 in chips)
a6c3901: posts small blind $2
68592fec: posts big blind $4
*** HOLE CARDS ***
Dealt to 68592fec 
Dealt to a6c3901 
Dealt to ea10e29f 
Dealt to 9481da2f 
Dealt to a00f17b2 
Dealt to 9869456b 
Dealt to Hero [9s 4s]
Hero: folds
ea10e29f: folds
9481da2f: raises $8 to $12
a00f17b2: folds
9869456b: folds
a6c3901: folds
68592fec: folds
Uncalled bet ($8) returned to 9481da2f
*** SHOWDOWN ***
9481da2f collected $10 from pot
*** SUMMARY ***
Total pot $10
Seat 6: 68592fec(big blind) folded before Flop
Seat 5: a6c3901(small blind) folded before Flop
Seat 1: ea10e29f folded before Flop (didn't bet)
Seat 2: 9481da2fwon ($10)
Seat 3: a00f17b2 folded before Flop (didn't bet)
Seat 4: 9869456b folded before Flop (didn't bet)
Seat 7: Hero folded before Flop (didn't bet)



Poker Hand #ring_881027827: NLH No Limit ($2/$4) - 2025/05/16 16:28:05
Table 'MR NLH 2/4' 7-max Seat #3 is the button
Seat 6: 68592fec ($540.65 in chips)
Seat 5: a6c3901 ($1,423.24 in chips)
Seat 1: ea10e29f ($497.13 in chips)
Seat 2: 9481da2f ($803.32 in chips)
Seat 3: a00f17b2 ($1,279.75 in chips)
Seat 4: 9869456b ($1,052.7 in chips)
Seat 7: Hero ($210.55 in chips)
9869456b: posts small blind $2
a6c3901: posts big blind $4
*** HOLE CARDS ***
Dealt to 68592fec 
Dealt to a6c3901 
Dealt to ea10e29f 
Dealt to 9481da2f 
Dealt to a00f17b2 
Dealt to 9869456b 
Dealt to Hero [2h 5c]
68592fec: folds
Hero: folds
ea10e29f: folds
9481da2f: raises $8 to $12
a00f17b2: folds
9869456b: calls $10
a6c3901: calls $8
*** FLOP *** [7c 2c 6c]
9869456b: checks
a6c3901: checks
9481da2f: checks
*** TURN *** [7c 2c 6c] [4s]
9869456b: bets $18
a6c3901: folds
9481da2f: folds
Uncalled bet ($18) returned to 9869456b
*** SHOWDOWN ***
9869456b collected $36 from pot
*** SUMMARY ***
Total pot $36
Board [7c 2c 6c 4s]
Seat 6: 68592fec folded before Flop (didn't bet)
Seat 5: a6c3901(big blind) folded on the Turn
Seat 1: ea10e29f folded before Flop (didn't bet)
Seat 2: 9481da2f folded on the Turn
Seat 3: a00f17b2 folded before Flop (didn't bet)
Seat 4: 9869456b(small blind)won ($36) with Pair of Eights
Seat 7: Hero folded before Flop (didn't bet)



Poker Hand #ring_881027187: NLH No Limit ($2/$4) - 2025/05/16 16:27:35
Table 'MR NLH 2/4' 7-max Seat #2 is the button
Seat 6: 68592fec ($525.82 in chips)
Seat 5: a6c3901 ($1,423.24 in chips)
Seat 1: ea10e29f ($497.13 in chips)
Seat 2: 9481da2f ($813.32 in chips)
Seat 3: a00f17b2 ($1,281.75 in chips)
Seat 4: 9869456b ($1,056.7 in chips)
Seat 7: Hero ($210.55 in chips)
a00f17b2: posts small blind $2
9869456b: posts big blind $4
*** HOLE CARDS ***
Dealt to 68592fec 
Dealt to a6c3901 
Dealt to ea10e29f 
Dealt to 9481da2f 
Dealt to a00f17b2 
Dealt to 9869456b 
Dealt to Hero [2s Jh]
a6c3901: folds
68592fec: raises $6 to $10
Hero: folds
ea10e29f: folds
9481da2f: calls $10
a00f17b2: folds
9869456b: folds
*** FLOP *** [7s 3h Td]
68592fec: bets $8.58
9481da2f: folds
Uncalled bet ($8.58) returned to 68592fec
*** SHOWDOWN ***
68592fec collected $26 from pot
*** SUMMARY ***
Total pot $26
Board [7s 3h Td]
Seat 6: 68592fecwon ($26) with Queen-High
Seat 5: a6c3901 folded before Flop (didn't bet)
Seat 1: ea10e29f folded before Flop (didn't bet)
Seat 2: 9481da2f folded on the Flop
Seat 3: a00f17b2(small blind) folded before Flop
Seat 4: 9869456b(big blind) folded before Flop
Seat 7: Hero folded before Flop (didn't bet)



Poker Hand #ring_881026216: NLH No Limit ($2/$4) - 2025/05/16 16:26:52
Table 'MR NLH 2/4' 7-max Seat #1 is the button
Seat 6: 68592fec ($525.82 in chips)
Seat 5: a6c3901 ($1,423.24 in chips)
Seat 1: ea10e29f ($497.13 in chips)
Seat 2: 9481da2f ($751.72 in chips)
Seat 3: a00f17b2 ($1,285.75 in chips)
Seat 4: 9869456b ($1,108.7 in chips)
Seat 7: Hero ($222.55 in chips)
9481da2f: posts small blind $2
a00f17b2: posts big blind $4
*** HOLE CARDS ***
Dealt to 68592fec 
Dealt to a6c3901 
Dealt to ea10e29f 
Dealt to 9481da2f 
Dealt to a00f17b2 
Dealt to 9869456b 
Dealt to Hero [Qh 9h]
9869456b: raises $8 to $12
a6c3901: folds
68592fec: folds
Hero: calls $12
ea10e29f: folds
9481da2f: raises $40 to $52
a00f17b2: folds
9869456b: calls $40
Hero: folds
*** FLOP *** [4d 8d Kd]
9481da2f: bets $60
9869456b: folds
Uncalled bet ($60) returned to 9481da2f
*** SHOWDOWN ***
9481da2f collected $120 from pot
*** SUMMARY ***
Total pot $120
Board [4d 8d Kd]
Seat 6: 68592fec folded before Flop (didn't bet)
Seat 5: a6c3901 folded before Flop (didn't bet)
Seat 1: ea10e29f folded before Flop (didn't bet)
Seat 2: 9481da2f(small blind)won ($120) with King-High
Seat 3: a00f17b2(big blind) folded before Flop
Seat 4: 9869456b folded on the Flop
Seat 7: Hero folded before Flop



Poker Hand #ring_881025721: NLH No Limit ($2/$4) - 2025/05/16 16:26:30
Table 'MR NLH 2/4' 7-max Seat #7 is the button
Seat 6: 68592fec ($525.82 in chips)
Seat 5: a6c3901 ($1,423.24 in chips)
Seat 1: ea10e29f ($499.13 in chips)
Seat 2: 9481da2f ($749.72 in chips)
Seat 3: a00f17b2 ($1,285.75 in chips)
Seat 4: 9869456b ($1,108.7 in chips)
Seat 7: Hero ($222.55 in chips)
ea10e29f: posts small blind $2
9481da2f: posts big blind $4
*** HOLE CARDS ***
Dealt to 68592fec 
Dealt to a6c3901 
Dealt to ea10e29f 
Dealt to 9481da2f 
Dealt to a00f17b2 
Dealt to 9869456b 
Dealt to Hero [4h Tc]
a00f17b2: folds
9869456b: folds
a6c3901: folds
68592fec: folds
Hero: folds
ea10e29f: folds
*** SHOWDOWN ***
9481da2f collected $6 from pot
*** SUMMARY ***
Total pot $6
Seat 6: 68592fec folded before Flop (didn't bet)
Seat 5: a6c3901 folded before Flop (didn't bet)
Seat 1: ea10e29f(small blind) folded before Flop
Seat 2: 9481da2f(big blind)won ($6)
Seat 3: a00f17b2 folded before Flop (didn't bet)
Seat 4: 9869456b folded before Flop (didn't bet)
Seat 7: Hero folded before Flop (didn't bet)



Poker Hand #ring_881025185: NLH No Limit ($2/$4) - 2025/05/16 16:26:07
Table 'MR NLH 2/4' 7-max Seat #6 is the button
Seat 6: 68592fec ($525.82 in chips)
Seat 5: a6c3901 ($1,417.24 in chips)
Seat 1: ea10e29f ($503.13 in chips)
Seat 2: 9481da2f ($749.72 in chips)
Seat 3: a00f17b2 ($1,285.75 in chips)
Seat 4: 9869456b ($1,108.7 in chips)
Seat 7: Hero ($224.55 in chips)
Hero: posts small blind $2
ea10e29f: posts big blind $4
*** HOLE CARDS ***
Dealt to 68592fec 
Dealt to a6c3901 
Dealt to ea10e29f 
Dealt to 9481da2f 
Dealt to a00f17b2 
Dealt to 9869456b 
Dealt to Hero [7h 6s]
9481da2f: folds
a00f17b2: folds
9869456b: folds
a6c3901: raises $8 to $12
68592fec: folds
Hero: folds
ea10e29f: folds
Uncalled bet ($8) returned to a6c3901
*** SHOWDOWN ***
a6c3901 collected $10 from pot
*** SUMMARY ***
Total pot $10
Seat 6: 68592fec folded before Flop (didn't bet)
Seat 5: a6c3901won ($10)
Seat 1: ea10e29f(big blind) folded before Flop
Seat 2: 9481da2f folded before Flop (didn't bet)
Seat 3: a00f17b2 folded before Flop (didn't bet)
Seat 4: 9869456b folded before Flop (didn't bet)
Seat 7: Hero(small blind) folded before Flop



Poker Hand #ring_881023565: NLH No Limit ($2/$4) - 2025/05/16 16:24:55
Table 'MR NLH 2/4' 7-max Seat #5 is the button
Seat 6: 68592fec ($527.82 in chips)
Seat 5: a6c3901 ($1,429.24 in chips)
Seat 1: ea10e29f ($503.13 in chips)
Seat 2: 9481da2f ($811.05 in chips)
Seat 3: a00f17b2 ($1,190.35 in chips)
Seat 4: 9869456b ($1,108.7 in chips)
Seat 7: Hero ($253.05 in chips)
68592fec: posts small blind $2
Hero: posts big blind $4
*** HOLE CARDS ***
Dealt to 68592fec 
Dealt to a6c3901 
Dealt to ea10e29f 
Dealt to 9481da2f 
Dealt to a00f17b2 
Dealt to 9869456b 
Dealt to Hero [8d 7s]
ea10e29f: folds
9481da2f: raises $8 to $12
a00f17b2: calls $12
9869456b: folds
a6c3901: calls $12
68592fec: folds
Hero: calls $8
*** FLOP *** [5h 8s As]
Hero: checks
9481da2f: checks
a00f17b2: bets $16.5
a6c3901: folds
Hero: calls $16.5
9481da2f: calls $16.5
*** TURN *** [5h 8s As] [5c]
Hero: checks
9481da2f: checks
a00f17b2: bets $32.83
Hero: folds
9481da2f: calls $32.83
*** RIVER *** [5h 8s As 5c] [7c]
9481da2f: checks
a00f17b2: bets $82.58
9481da2f: folds
Uncalled bet ($82.58) returned to a00f17b2
*** SHOWDOWN ***
a00f17b2 collected $165.16 from pot
*** SUMMARY ***
Total pot $165.16
Board [5h 8s As 5c 7c]
Seat 6: 68592fec(small blind) folded before Flop
Seat 5: a6c3901 folded on the Flop
Seat 1: ea10e29f folded before Flop (didn't bet)
Seat 2: 9481da2f folded on the River
Seat 3: a00f17b2won ($165.16) with Eights Full over Fives
Seat 4: 9869456b folded before Flop (didn't bet)
Seat 7: Hero(big blind) folded on the Turn



Poker Hand #ring_881022424: NLH No Limit ($2/$4) - 2025/05/16 16:24:04
Table 'MR NLH 2/4' 7-max Seat #4 is the button
Seat 6: 68592fec ($398 in chips)
Seat 5: a6c3901 ($1,433.24 in chips)
Seat 1: ea10e29f ($567.13 in chips)
Seat 2: 9481da2f ($875.05 in chips)
Seat 3: a00f17b2 ($1,194.35 in chips)
Seat 4: 9869456b ($1,112.7 in chips)
Seat 7: Hero ($253.05 in chips)
a6c3901: posts small blind $2
68592fec: posts big blind $4
*** HOLE CARDS ***
Dealt to 68592fec 
Dealt to a6c3901 
Dealt to ea10e29f 
Dealt to 9481da2f 
Dealt to a00f17b2 
Dealt to 9869456b 
Dealt to Hero [Td 2s]
Hero: folds
ea10e29f: calls $4
9481da2f: calls $4
a00f17b2: calls $4
9869456b: calls $4
a6c3901: calls $2
68592fec: raises $60 to $64
ea10e29f: calls $60
9481da2f: calls $60
a00f17b2: folds
9869456b: folds
a6c3901: folds
*** FLOP *** [Ks Ah Jh]
68592fec: bets $67.32
ea10e29f: folds
9481da2f: folds
Uncalled bet ($67.32) returned to 68592fec
*** SHOWDOWN ***
68592fec collected $204 from pot
*** SUMMARY ***
Total pot $204
Board [Ks Ah Jh]
Seat 6: 68592fec(big blind)won ($204) with Three Jacks
Seat 5: a6c3901(small blind) folded before Flop
Seat 1: ea10e29f folded on the Flop
Seat 2: 9481da2f folded on the Flop
Seat 3: a00f17b2 folded before Flop
Seat 4: 9869456b folded before Flop
Seat 7: Hero folded before Flop (didn't bet)



Poker Hand #ring_881021720: NLH No Limit ($2/$4) - 2025/05/16 16:23:34
Table 'MR NLH 2/4' 7-max Seat #3 is the button
Seat 6: 68592fec ($398 in chips)
Seat 5: a6c3901 ($1,437.24 in chips)
Seat 2: 9481da2f ($858.4 in chips)
Seat 3: a00f17b2 ($1,206.35 in chips)
Seat 4: 9869456b ($1,114.7 in chips)
Seat 7: Hero ($253.05 in chips)
9869456b: posts small blind $2
a6c3901: posts big blind $4
*** HOLE CARDS ***
Dealt to 68592fec 
Dealt to a6c3901 
Dealt to 9481da2f 
Dealt to a00f17b2 
Dealt to 9869456b 
Dealt to Hero [2s 7h]
68592fec: folds
Hero: folds
9481da2f: raises $8 to $12
a00f17b2: calls $12
9869456b: folds
a6c3901: folds
*** FLOP *** [6s 9h 6c]
9481da2f: bets $22.5
a00f17b2: folds
Uncalled bet ($22.5) returned to 9481da2f
*** SHOWDOWN ***
9481da2f collected $30 from pot
*** SUMMARY ***
Total pot $30
Board [6s 9h 6c]
Seat 6: 68592fec folded before Flop (didn't bet)
Seat 5: a6c3901(big blind) folded before Flop
Seat 2: 9481da2fwon ($30) with Pair of Sixes
Seat 3: a00f17b2 folded on the Flop
Seat 4: 9869456b(small blind) folded before Flop
Seat 7: Hero folded before Flop (didn't bet)



Poker Hand #ring_881019717: NLH No Limit ($2/$4) - 2025/05/16 16:22:08
Table 'MR NLH 2/4' 7-max Seat #2 is the button
Seat 6: 68592fec ($398 in chips)
Seat 5: a6c3901 ($1,437.24 in chips)
Seat 1: ea10e29f ($567.13 in chips)
Seat 2: 9481da2f ($858.4 in chips)
Seat 3: a00f17b2 ($1,231.35 in chips)
Seat 4: 9869456b ($1,092.95 in chips)
Seat 7: Hero ($253.05 in chips)
a00f17b2: posts small blind $2
9869456b: posts big blind $4
*** HOLE CARDS ***
Dealt to 68592fec 
Dealt to a6c3901 
Dealt to ea10e29f 
Dealt to 9481da2f 
Dealt to a00f17b2 
Dealt to 9869456b 
Dealt to Hero [7s 8c]
a6c3901: folds
68592fec: folds
Hero: folds
ea10e29f: folds
9481da2f: folds
a00f17b2: calls $2
9869456b: checks
*** FLOP *** [4c 2d Ah]
a00f17b2: bets $6
9869456b: calls $6
*** TURN *** [4c 2d Ah] [9c]
a00f17b2: bets $15
9869456b: calls $15
*** RIVER *** [4c 2d Ah 9c] [4s]
a00f17b2: checks
9869456b: bets $50
a00f17b2: folds
Uncalled bet ($50) returned to 9869456b
*** SHOWDOWN ***
9869456b collected $50 from pot
*** SUMMARY ***
Total pot $50
Board [4c 2d Ah 9c 4s]
Seat 6: 68592fec folded before Flop (didn't bet)
Seat 5: a6c3901 folded before Flop (didn't bet)
Seat 1: ea10e29f folded before Flop (didn't bet)
Seat 2: 9481da2f folded before Flop (didn't bet)
Seat 3: a00f17b2(small blind) folded on the River
Seat 4: 9869456b(big blind)won ($50) with Three Fours
Seat 7: Hero folded before Flop (didn't bet)



Poker Hand #ring_881018890: NLH No Limit ($2/$4) - 2025/05/16 16:21:31
Table 'MR NLH 2/4' 7-max Seat #1 is the button
Seat 6: 68592fec ($398 in chips)
Seat 5: a6c3901 ($1,437.24 in chips)
Seat 1: ea10e29f ($567.13 in chips)
Seat 2: 9481da2f ($854.76 in chips)
Seat 3: a00f17b2 ($1,235.35 in chips)
Seat 4: 9869456b ($1,092.95 in chips)
Seat 7: Hero ($253.05 in chips)
9481da2f: posts small blind $2
a00f17b2: posts big blind $4
*** HOLE CARDS ***
Dealt to 68592fec 
Dealt to a6c3901 
Dealt to ea10e29f 
Dealt to 9481da2f 
Dealt to a00f17b2 
Dealt to 9869456b 
Dealt to Hero [5h 3d]
9869456b: folds
a6c3901: folds
68592fec: folds
Hero: folds
ea10e29f: folds
9481da2f: calls $2
a00f17b2: checks
*** FLOP *** [Tc Qd 7h]
9481da2f: bets $4
a00f17b2: folds
Uncalled bet ($4) returned to 9481da2f
a00f17b2: shows [2c 5s]
*** SHOWDOWN ***
9481da2f collected $8 from pot
*** SUMMARY ***
Total pot $8
Board [Tc Qd 7h]
Seat 6: 68592fec folded before Flop (didn't bet)
Seat 5: a6c3901 folded before Flop (didn't bet)
Seat 1: ea10e29f folded before Flop (didn't bet)
Seat 2: 9481da2f(small blind)won ($8) with Queen-High
Seat 3: a00f17b2(big blind) folded on the Flop
Seat 4: 9869456b folded before Flop (didn't bet)
Seat 7: Hero folded before Flop (didn't bet)



Poker Hand #ring_881018170: NLH No Limit ($2/$4) - 2025/05/16 16:21:00
Table 'MR NLH 2/4' 7-max Seat #7 is the button
Seat 6: 68592fec ($398 in chips)
Seat 5: a6c3901 ($1,437.24 in chips)
Seat 1: ea10e29f ($569.13 in chips)
Seat 2: 9481da2f ($852.76 in chips)
Seat 3: a00f17b2 ($1,235.35 in chips)
Seat 4: 9869456b ($1,092.95 in chips)
Seat 7: Hero ($253.05 in chips)
ea10e29f: posts small blind $2
9481da2f: posts big blind $4
*** HOLE CARDS ***
Dealt to 68592fec 
Dealt to a6c3901 
Dealt to ea10e29f 
Dealt to 9481da2f 
Dealt to a00f17b2 
Dealt to 9869456b 
Dealt to Hero [3s Js]
a00f17b2: folds
9869456b: folds
a6c3901: folds
68592fec: folds
Hero: folds
ea10e29f: folds
*** SHOWDOWN ***
9481da2f collected $6 from pot
*** SUMMARY ***
Total pot $6
Seat 6: 68592fec folded before Flop (didn't bet)
Seat 5: a6c3901 folded before Flop (didn't bet)
Seat 1: ea10e29f(small blind) folded before Flop
Seat 2: 9481da2f(big blind)won ($6)
Seat 3: a00f17b2 folded before Flop (didn't bet)
Seat 4: 9869456b folded before Flop (didn't bet)
Seat 7: Hero folded before Flop (didn't bet)



Poker Hand #ring_881016937: NLH No Limit ($2/$4) - 2025/05/16 16:20:05
Table 'MR NLH 2/4' 7-max Seat #6 is the button
Seat 6: 68592fec ($398 in chips)
Seat 5: a6c3901 ($1,437.24 in chips)
Seat 1: ea10e29f ($573.13 in chips)
Seat 2: 9481da2f ($800.26 in chips)
Seat 3: a00f17b2 ($1,247.35 in chips)
Seat 4: 9869456b ($1,092.95 in chips)
Seat 7: Hero ($295.05 in chips)
Hero: posts small blind $2
ea10e29f: posts big blind $4
*** HOLE CARDS ***
Dealt to 68592fec 
Dealt to a6c3901 
Dealt to ea10e29f 
Dealt to 9481da2f 
Dealt to a00f17b2 
Dealt to 9869456b 
Dealt to Hero [Td Ah]
9481da2f: raises $8 to $12
a00f17b2: calls $12
9869456b: folds
a6c3901: folds
68592fec: folds
Hero: calls $10
ea10e29f: folds
*** FLOP *** [Tc Qs Js]
Hero: checks
9481da2f: bets $30
a00f17b2: folds
Hero: calls $30
*** TURN *** [Tc Qs Js] [8s]
Hero: checks
9481da2f: checks
*** RIVER *** [Tc Qs Js 8s] [6h]
Hero: checks
9481da2f: checks
9481da2f: shows [Jh Qh]
Hero: shows [Td Ah]
*** SHOWDOWN ***
9481da2f collected $100 from pot
*** SUMMARY ***
Total pot $100
Board [Tc Qs Js 8s 6h]
Seat 6: 68592fec folded before Flop (didn't bet)
Seat 5: a6c3901 folded before Flop (didn't bet)
Seat 1: ea10e29f(big blind) folded before Flop
Seat 2: 9481da2f showed [Jh Qh] and won ($100) with Pair of Queens and Pair of Jacks
Seat 3: a00f17b2 folded on the Flop
Seat 4: 9869456b folded before Flop (didn't bet)
Seat 7: Hero(small blind) showed [Td Ah] and lost with Pair of Tens



Poker Hand #ring_881015767: NLH No Limit ($2/$4) - 2025/05/16 16:19:13
Table 'MR NLH 2/4' 7-max Seat #5 is the button
Seat 6: 68592fec ($400 in chips)
Seat 5: a6c3901 ($1,437.24 in chips)
Seat 1: ea10e29f ($573.13 in chips)
Seat 2: 9481da2f ($775.97 in chips)
Seat 3: a00f17b2 ($1,259.35 in chips)
Seat 4: 9869456b ($1,092.95 in chips)
Seat 7: Hero ($307.05 in chips)
68592fec: posts small blind $2
Hero: posts big blind $4
*** HOLE CARDS ***
Dealt to 68592fec 
Dealt to a6c3901 
Dealt to ea10e29f 
Dealt to 9481da2f 
Dealt to a00f17b2 
Dealt to 9869456b 
Dealt to Hero [Js Qh]
ea10e29f: folds
9481da2f: raises $8 to $12
a00f17b2: calls $12
9869456b: folds
a6c3901: folds
68592fec: folds
Hero: calls $8
*** FLOP *** [Ah 8d 6d]
Hero: checks
9481da2f: bets $28.5
a00f17b2: folds
Hero: folds
Uncalled bet ($28.5) returned to 9481da2f
*** SHOWDOWN ***
9481da2f collected $38 from pot
*** SUMMARY ***
Total pot $38
Board [Ah 8d 6d]
Seat 6: 68592fec(small blind) folded before Flop
Seat 5: a6c3901 folded before Flop (didn't bet)
Seat 1: ea10e29f folded before Flop (didn't bet)
Seat 2: 9481da2fwon ($38) with Pair of Eights
Seat 3: a00f17b2 folded on the Flop
Seat 4: 9869456b folded before Flop (didn't bet)
Seat 7: Hero(big blind) folded on the Flop



Poker Hand #ring_881015105: NLH No Limit ($2/$4) - 2025/05/16 16:18:44
Table 'MR NLH 2/4' 7-max Seat #4 is the button
Seat 6: 68592fec ($400 in chips)
Seat 5: a6c3901 ($1,439.24 in chips)
Seat 1: ea10e29f ($573.13 in chips)
Seat 2: 9481da2f ($775.97 in chips)
Seat 3: a00f17b2 ($1,259.35 in chips)
Seat 4: 9869456b ($1,086.95 in chips)
Seat 7: Hero ($307.05 in chips)
a6c3901: posts small blind $2
68592fec: posts big blind $4
*** HOLE CARDS ***
Dealt to 68592fec 
Dealt to a6c3901 
Dealt to ea10e29f 
Dealt to 9481da2f 
Dealt to a00f17b2 
Dealt to 9869456b 
Dealt to Hero [4d 2s]
Hero: folds
ea10e29f: folds
9481da2f: folds
a00f17b2: folds
9869456b: raises $8 to $12
a6c3901: folds
68592fec: folds
Uncalled bet ($8) returned to 9869456b
*** SHOWDOWN ***
9869456b collected $10 from pot
*** SUMMARY ***
Total pot $10
Seat 6: 68592fec(big blind) folded before Flop
Seat 5: a6c3901(small blind) folded before Flop
Seat 1: ea10e29f folded before Flop (didn't bet)
Seat 2: 9481da2f folded before Flop (didn't bet)
Seat 3: a00f17b2 folded before Flop (didn't bet)
Seat 4: 9869456bwon ($10)
Seat 7: Hero folded before Flop (didn't bet)



Poker Hand #ring_881014006: NLH No Limit ($2/$4) - 2025/05/16 16:17:54
Table 'MR NLH 2/4' 7-max Seat #3 is the button
Seat 6: 68592fec ($400 in chips)
Seat 5: a6c3901 ($1,409.3 in chips)
Seat 1: ea10e29f ($573.13 in chips)
Seat 2: 9481da2f ($775.97 in chips)
Seat 3: a00f17b2 ($1,259.35 in chips)
Seat 4: 9869456b ($1,120.95 in chips)
Seat 7: Hero ($307.05 in chips)
9869456b: posts small blind $2
a6c3901: posts big blind $4
*** HOLE CARDS ***
Dealt to 68592fec 
Dealt to a6c3901 
Dealt to ea10e29f 
Dealt to 9481da2f 
Dealt to a00f17b2 
Dealt to 9869456b 
Dealt to Hero [Qs 3c]
68592fec: folds
Hero: folds
ea10e29f: folds
9481da2f: folds
a00f17b2: folds
9869456b: raises $8 to $12
a6c3901: raises $22 to $34
9869456b: calls $22
*** FLOP *** [2s Ac 6s]
9869456b: checks
a6c3901: bets $23.12
9869456b: folds
Uncalled bet ($23.12) returned to a6c3901
*** SHOWDOWN ***
a6c3901 collected $68 from pot
*** SUMMARY ***
Total pot $68
Board [2s Ac 6s]
Seat 6: 68592fec folded before Flop (didn't bet)
Seat 5: a6c3901(big blind)won ($68) with Ace-High
Seat 1: ea10e29f folded before Flop (didn't bet)
Seat 2: 9481da2f folded before Flop (didn't bet)
Seat 3: a00f17b2 folded before Flop (didn't bet)
Seat 4: 9869456b(small blind) folded on the Flop
Seat 7: Hero folded before Flop (didn't bet)



Poker Hand #ring_881012353: NLH No Limit ($2/$4) - 2025/05/16 16:16:38
Table 'MR NLH 2/4' 7-max Seat #2 is the button
Seat 6: 68592fec ($400 in chips)
Seat 5: a6c3901 ($1,409.3 in chips)
Seat 1: ea10e29f ($573.13 in chips)
Seat 2: 9481da2f ($775.97 in chips)
Seat 3: a00f17b2 ($1,212.85 in chips)
Seat 4: 9869456b ($1,124.95 in chips)
Seat 7: Hero ($355.05 in chips)
a00f17b2: posts small blind $2
9869456b: posts big blind $4
*** HOLE CARDS ***
Dealt to 68592fec 
Dealt to a6c3901 
Dealt to ea10e29f 
Dealt to 9481da2f 
Dealt to a00f17b2 
Dealt to 9869456b 
Dealt to Hero [5d 3d]
a6c3901: folds
68592fec: folds
Hero: raises $8 to $12
ea10e29f: folds
9481da2f: folds
a00f17b2: calls $10
9869456b: folds
*** FLOP *** [6d 5s 6h]
a00f17b2: checks
Hero: checks
*** TURN *** [6d 5s 6h] [Tc]
a00f17b2: bets $14
Hero: raises $22 to $36
a00f17b2: calls $22
*** RIVER *** [6d 5s 6h Tc] [Jc]
a00f17b2: checks
Hero: checks
a00f17b2: shows [Ac Td]
Hero: shows [5d 3d]
*** SHOWDOWN ***
a00f17b2 collected $100 from pot
*** SUMMARY ***
Total pot $100
Board [6d 5s 6h Tc Jc]
Seat 6: 68592fec folded before Flop (didn't bet)
Seat 5: a6c3901 folded before Flop (didn't bet)
Seat 1: ea10e29f folded before Flop (didn't bet)
Seat 2: 9481da2f folded before Flop (didn't bet)
Seat 3: a00f17b2(small blind) showed [Ac Td] and won ($100) with Pair of Tens and Pair of Sixes
Seat 4: 9869456b(big blind) folded before Flop
Seat 7: Hero showed [5d 3d] and lost with Pair of Sixes and Pair of Fives



Poker Hand #ring_881011759: NLH No Limit ($2/$4) - 2025/05/16 16:16:11
Table 'MR NLH 2/4' 7-max Seat #1 is the button
Seat 6: 68592fec ($400 in chips)
Seat 5: a6c3901 ($1,409.3 in chips)
Seat 1: ea10e29f ($573.13 in chips)
Seat 2: 9481da2f ($771.97 in chips)
Seat 3: a00f17b2 ($1,216.85 in chips)
Seat 4: 9869456b ($1,124.95 in chips)
Seat 7: Hero ($355.05 in chips)
9481da2f: posts small blind $2
a00f17b2: posts big blind $4
*** HOLE CARDS ***
Dealt to 68592fec 
Dealt to a6c3901 
Dealt to ea10e29f 
Dealt to 9481da2f 
Dealt to a00f17b2 
Dealt to 9869456b 
Dealt to Hero [3s 7d]
9869456b: folds
a6c3901: folds
68592fec: folds
Hero: folds
ea10e29f: folds
9481da2f: raises $12 to $16
a00f17b2: folds
Uncalled bet ($12) returned to 9481da2f
*** SHOWDOWN ***
9481da2f collected $8 from pot
*** SUMMARY ***
Total pot $8
Seat 6: 68592fec folded before Flop (didn't bet)
Seat 5: a6c3901 folded before Flop (didn't bet)
Seat 1: ea10e29f folded before Flop (didn't bet)
Seat 2: 9481da2f(small blind)won ($8)
Seat 3: a00f17b2(big blind) folded before Flop
Seat 4: 9869456b folded before Flop (didn't bet)
Seat 7: Hero folded before Flop (didn't bet)



Poker Hand #ring_881010192: NLH No Limit ($2/$4) - 2025/05/16 16:14:59
Table 'MR NLH 2/4' 7-max Seat #7 is the button
Seat 6: 68592fec ($400 in chips)
Seat 5: a6c3901 ($1,409.3 in chips)
Seat 1: ea10e29f ($528.81 in chips)
Seat 2: 9481da2f ($821.77 in chips)
Seat 3: a00f17b2 ($1,216.85 in chips)
Seat 4: 9869456b ($1,124.95 in chips)
Seat 7: Hero ($355.05 in chips)
ea10e29f: posts small blind $2
9481da2f: posts big blind $4
*** HOLE CARDS ***
Dealt to 68592fec 
Dealt to a6c3901 
Dealt to ea10e29f 
Dealt to 9481da2f 
Dealt to a00f17b2 
Dealt to 9869456b 
Dealt to Hero [7h 3d]
a00f17b2: folds
9869456b: folds
a6c3901: folds
68592fec: folds
Hero: folds
ea10e29f: calls $2
9481da2f: raises $8 to $12
ea10e29f: calls $8
*** FLOP *** [5h 3c Ad]
ea10e29f: checks
9481da2f: bets $18
ea10e29f: calls $18
*** TURN *** [5h 3c Ad] [5c]
ea10e29f: checks
9481da2f: checks
*** RIVER *** [5h 3c Ad 5c] [6d]
ea10e29f: bets $19.8
9481da2f: calls $19.8
ea10e29f: shows [Th As]
9481da2f: shows [4s Ah]
*** SHOWDOWN ***
ea10e29f collected $99.6 from pot
*** SUMMARY ***
Total pot $99.6
Board [5h 3c Ad 5c 6d]
Seat 6: 68592fec folded before Flop (didn't bet)
Seat 5: a6c3901 folded before Flop (didn't bet)
Seat 1: ea10e29f(small blind) showed [Th As] and won ($99.6) with Pair of Aces and Pair of Fives
Seat 2: 9481da2f(big blind) showed [4s Ah] and lost with Pair of Aces and Pair of Fives
Seat 3: a00f17b2 folded before Flop (didn't bet)
Seat 4: 9869456b folded before Flop (didn't bet)
Seat 7: Hero folded before Flop (didn't bet)



Poker Hand #ring_881009446: NLH No Limit ($2/$4) - 2025/05/16 16:14:24
Table 'MR NLH 2/4' 7-max Seat #6 is the button
Seat 6: 68592fec ($400 in chips)
Seat 5: a6c3901 ($1,409.3 in chips)
Seat 1: ea10e29f ($532.81 in chips)
Seat 2: 9481da2f ($821.77 in chips)
Seat 3: a00f17b2 ($1,216.85 in chips)
Seat 4: 9869456b ($1,124.95 in chips)
Seat 7: Hero ($343.05 in chips)
Hero: posts small blind $2
ea10e29f: posts big blind $4
*** HOLE CARDS ***
Dealt to 68592fec 
Dealt to a6c3901 
Dealt to ea10e29f 
Dealt to 9481da2f 
Dealt to a00f17b2 
Dealt to 9869456b 
Dealt to Hero [Kd Ks]
9481da2f: folds
a00f17b2: folds
9869456b: folds
a6c3901: folds
68592fec: raises $4 to $8
Hero: raises $24 to $32
ea10e29f: folds
68592fec: folds
Uncalled bet ($24) returned to Hero
*** SHOWDOWN ***
Hero collected $20 from pot
*** SUMMARY ***
Total pot $20
Seat 6: 68592fec folded before Flop
Seat 5: a6c3901 folded before Flop (didn't bet)
Seat 1: ea10e29f(big blind) folded before Flop
Seat 2: 9481da2f folded before Flop (didn't bet)
Seat 3: a00f17b2 folded before Flop (didn't bet)
Seat 4: 9869456b folded before Flop (didn't bet)
Seat 7: Hero(small blind)won ($20)



Poker Hand #ring_881006953: NLH No Limit ($2/$4) - 2025/05/16 16:12:29
Table 'MR NLH 2/4' 7-max Seat #5 is the button
Seat 6: 68592fec ($423.17 in chips)
Seat 5: a6c3901 ($1,475.3 in chips)
Seat 1: ea10e29f ($544.81 in chips)
Seat 2: 9481da2f ($613.73 in chips)
Seat 3: a00f17b2 ($1,216.85 in chips)
Seat 4: 9869456b ($1,136.95 in chips)
Seat 7: Hero ($409.05 in chips)
68592fec: posts small blind $2
Hero: posts big blind $4
*** HOLE CARDS ***
Dealt to 68592fec 
Dealt to a6c3901 
Dealt to ea10e29f 
Dealt to 9481da2f 
Dealt to a00f17b2 
Dealt to 9869456b 
Dealt to Hero [4h 5c]
ea10e29f: calls $4
9481da2f: raises $8 to $12
a00f17b2: folds
9869456b: calls $12
a6c3901: calls $12
68592fec: calls $10
Hero: calls $8
ea10e29f: calls $8
*** FLOP *** [Tc As 2c]
68592fec: checks
Hero: checks
ea10e29f: checks
9481da2f: bets $54
9869456b: folds
a6c3901: calls $54
68592fec: calls $54
Hero: calls $54
ea10e29f: folds
*** TURN *** [Tc As 2c] [8h]
68592fec: checks
Hero: checks
9481da2f: bets $144
a6c3901: folds
68592fec: folds
Hero: folds
Uncalled bet ($144) returned to 9481da2f
*** SHOWDOWN ***
9481da2f collected $288 from pot
*** SUMMARY ***
Total pot $288
Board [Tc As 2c 8h]
Seat 6: 68592fec(small blind) folded on the Turn
Seat 5: a6c3901 folded on the Turn
Seat 1: ea10e29f folded on the Flop
Seat 2: 9481da2fwon ($288) with Pair of Aces
Seat 3: a00f17b2 folded before Flop (didn't bet)
Seat 4: 9869456b folded on the Flop
Seat 7: Hero(big blind) folded on the Turn



Poker Hand #ring_881005284: NLH No Limit ($2/$4) - 2025/05/16 16:11:11
Table 'MR NLH 2/4' 7-max Seat #4 is the button
Seat 6: 68592fec ($427.17 in chips)
Seat 5: a6c3901 ($1,477.3 in chips)
Seat 1: ea10e29f ($544.81 in chips)
Seat 2: 9481da2f ($776.73 in chips)
Seat 3: a00f17b2 ($1,280.85 in chips)
Seat 4: 9869456b ($922.77 in chips)
Seat 7: Hero ($409.05 in chips)
a6c3901: posts small blind $2
68592fec: posts big blind $4
*** HOLE CARDS ***
Dealt to 68592fec 
Dealt to a6c3901 
Dealt to ea10e29f 
Dealt to 9481da2f 
Dealt to a00f17b2 
Dealt to 9869456b 
Dealt to Hero [9s Ah]
Hero: folds
ea10e29f: folds
9481da2f: raises $12 to $16
a00f17b2: calls $16
9869456b: raises $48 to $64
a6c3901: folds
68592fec: folds
9481da2f: calls $48
a00f17b2: calls $48
*** FLOP *** [3h 8c 3c]
9481da2f: checks
a00f17b2: checks
9869456b: checks
*** TURN *** [3h 8c 3c] [Qs]
9481da2f: checks
a00f17b2: checks
9869456b: bets $99
9481da2f: calls $99
a00f17b2: folds
*** RIVER *** [3h 8c 3c Qs] [7d]
9481da2f: checks
9869456b: checks
9481da2f: shows [9d 8s]
9869456b: shows [Qh Th]
*** SHOWDOWN ***
9869456b collected $396 from pot
*** SUMMARY ***
Total pot $396
Board [3h 8c 3c Qs 7d]
Seat 6: 68592fec(big blind) folded before Flop
Seat 5: a6c3901(small blind) folded before Flop
Seat 1: ea10e29f folded before Flop (didn't bet)
Seat 2: 9481da2f showed [9d 8s] and lost with Pair of Eights and Pair of Treys
Seat 3: a00f17b2 folded on the Turn
Seat 4: 9869456b showed [Qh Th] and won ($396) with Pair of Queens and Pair of Treys
Seat 7: Hero folded before Flop (didn't bet)



Poker Hand #ring_881004263: NLH No Limit ($2/$4) - 2025/05/16 16:10:24
Table 'MR NLH 2/4' 7-max Seat #3 is the button
Seat 6: 68592fec ($398 in chips)
Seat 5: a6c3901 ($1,487.3 in chips)
Seat 1: ea10e29f ($544.81 in chips)
Seat 2: 9481da2f ($797.29 in chips)
Seat 3: a00f17b2 ($1,280.85 in chips)
Seat 4: 9869456b ($924.77 in chips)
Seat 7: Hero ($409.05 in chips)
9869456b: posts small blind $2
a6c3901: posts big blind $4
*** HOLE CARDS ***
Dealt to 68592fec 
Dealt to a6c3901 
Dealt to ea10e29f 
Dealt to 9481da2f 
Dealt to a00f17b2 
Dealt to 9869456b 
Dealt to Hero [Qs 5s]
68592fec: raises $6 to $10
Hero: folds
ea10e29f: folds
9481da2f: calls $10
a00f17b2: folds
9869456b: folds
a6c3901: calls $6
*** FLOP *** [5d Ac 9d]
a6c3901: checks
68592fec: bets $10.56
9481da2f: calls $10.56
a6c3901: folds
*** TURN *** [5d Ac 9d] [Qd]
68592fec: bets $35.06
9481da2f: folds
Uncalled bet ($35.06) returned to 68592fec
*** SHOWDOWN ***
68592fec collected $53.12 from pot
*** SUMMARY ***
Total pot $53.12
Board [5d Ac 9d Qd]
Seat 6: 68592fecwon ($53.12) with Pair of Aces
Seat 5: a6c3901(big blind) folded on the Flop
Seat 1: ea10e29f folded before Flop (didn't bet)
Seat 2: 9481da2f folded on the Turn
Seat 3: a00f17b2 folded before Flop (didn't bet)
Seat 4: 9869456b(small blind) folded before Flop
Seat 7: Hero folded before Flop (didn't bet)



Poker Hand #ring_881003746: NLH No Limit ($2/$4) - 2025/05/16 16:10:01
Table 'MR NLH 2/4' 7-max Seat #2 is the button
Seat 6: 68592fec ($398 in chips)
Seat 5: a6c3901 ($1,487.3 in chips)
Seat 1: ea10e29f ($544.81 in chips)
Seat 2: 9481da2f ($797.29 in chips)
Seat 3: a00f17b2 ($1,282.85 in chips)
Seat 4: 9869456b ($928.77 in chips)
Seat 7: Hero ($403.05 in chips)
a00f17b2: posts small blind $2
9869456b: posts big blind $4
*** HOLE CARDS ***
Dealt to 68592fec 
Dealt to a6c3901 
Dealt to ea10e29f 
Dealt to 9481da2f 
Dealt to a00f17b2 
Dealt to 9869456b 
Dealt to Hero [Ks 7s]
a6c3901: folds
68592fec: folds
Hero: raises $8 to $12
ea10e29f: folds
9481da2f: folds
a00f17b2: folds
9869456b: folds
Uncalled bet ($8) returned to Hero
*** SHOWDOWN ***
Hero collected $10 from pot
*** SUMMARY ***
Total pot $10
Seat 6: 68592fec folded before Flop (didn't bet)
Seat 5: a6c3901 folded before Flop (didn't bet)
Seat 1: ea10e29f folded before Flop (didn't bet)
Seat 2: 9481da2f folded before Flop (didn't bet)
Seat 3: a00f17b2(small blind) folded before Flop
Seat 4: 9869456b(big blind) folded before Flop
Seat 7: Herowon ($10)



Poker Hand #ring_881002472: NLH No Limit ($2/$4) - 2025/05/16 16:09:03
Table 'MR NLH 2/4' 7-max Seat #1 is the button
Seat 6: 68592fec ($398 in chips)
Seat 5: a6c3901 ($1,487.3 in chips)
Seat 1: ea10e29f ($544.81 in chips)
Seat 2: 9481da2f ($798.92 in chips)
Seat 3: a00f17b2 ($1,286.85 in chips)
Seat 4: 9869456b ($930.41 in chips)
Seat 7: Hero ($403.05 in chips)
9481da2f: posts small blind $2
a00f17b2: posts big blind $4
*** HOLE CARDS ***
Dealt to 68592fec 
Dealt to a6c3901 
Dealt to ea10e29f 
Dealt to 9481da2f 
Dealt to a00f17b2 
Dealt to 9869456b 
Dealt to Hero [4h Js]
9869456b: raises $8 to $12
a6c3901: folds
68592fec: folds
Hero: folds
ea10e29f: folds
9481da2f: calls $10
a00f17b2: folds
*** FLOP *** [4c 7c Ks]
9481da2f: checks
9869456b: checks
*** TURN *** [4c 7c Ks] [As]
9481da2f: checks
9869456b: bets $28
9481da2f: calls $28
*** RIVER *** [4c 7c Ks As] [4s]
9481da2f: checks
9869456b: bets $27.72
9481da2f: calls $27.72
9481da2f: shows [5h Ah]
9869456b: shows [Ad Jc]
*** SHOWDOWN ***
9481da2f collected $69.72 from pot
9869456b collected $69.72 from pot
*** SUMMARY ***
Total pot $139.44
Board [4c 7c Ks As 4s]
Seat 6: 68592fec folded before Flop (didn't bet)
Seat 5: a6c3901 folded before Flop (didn't bet)
Seat 1: ea10e29f folded before Flop (didn't bet)
Seat 2: 9481da2f(small blind) showed [5h Ah] and won ($69.72) with Pair of Aces and Pair of Fours
Seat 3: a00f17b2(big blind) folded before Flop
Seat 4: 9869456b showed [Ad Jc] and won ($69.72) with Pair of Aces and Pair of Fours
Seat 7: Hero folded before Flop (didn't bet)



Poker Hand #ring_881001472: NLH No Limit ($2/$4) - 2025/05/16 16:08:17
Table 'MR NLH 2/4' 7-max Seat #7 is the button
Seat 6: 68592fec ($398 in chips)
Seat 5: a6c3901 ($1,487.3 in chips)
Seat 1: ea10e29f ($556.81 in chips)
Seat 2: 9481da2f ($788 in chips)
Seat 3: a00f17b2 ($1,286.85 in chips)
Seat 4: 9869456b ($930.41 in chips)
Seat 7: Hero ($403.05 in chips)
ea10e29f: posts small blind $2
9481da2f: posts big blind $4
*** HOLE CARDS ***
Dealt to 68592fec 
Dealt to a6c3901 
Dealt to ea10e29f 
Dealt to 9481da2f 
Dealt to a00f17b2 
Dealt to 9869456b 
Dealt to Hero [Th 5d]
a00f17b2: folds
9869456b: folds
a6c3901: folds
68592fec: folds
Hero: folds
ea10e29f: calls $2
9481da2f: raises $8 to $12
ea10e29f: calls $8
*** FLOP *** [3c 3h 9c]
ea10e29f: checks
9481da2f: bets $24
ea10e29f: folds
Uncalled bet ($24) returned to 9481da2f
*** SHOWDOWN ***
9481da2f collected $24 from pot
*** SUMMARY ***
Total pot $24
Board [3c 3h 9c]
Seat 6: 68592fec folded before Flop (didn't bet)
Seat 5: a6c3901 folded before Flop (didn't bet)
Seat 1: ea10e29f(small blind) folded on the Flop
Seat 2: 9481da2f(big blind)won ($24) with Pair of Queens and Pair of Treys
Seat 3: a00f17b2 folded before Flop (didn't bet)
Seat 4: 9869456b folded before Flop (didn't bet)
Seat 7: Hero folded before Flop (didn't bet)



Poker Hand #ring_881000859: NLH No Limit ($2/$4) - 2025/05/16 16:07:49
Table 'MR NLH 2/4' 7-max Seat #6 is the button
Seat 6: 68592fec ($398 in chips)
Seat 5: a6c3901 ($1,487.3 in chips)
Seat 1: ea10e29f ($554.81 in chips)
Seat 2: 9481da2f ($788 in chips)
Seat 3: a00f17b2 ($1,286.85 in chips)
Seat 4: 9869456b ($930.41 in chips)
Seat 7: Hero ($405.05 in chips)
Hero: posts small blind $2
ea10e29f: posts big blind $4
*** HOLE CARDS ***
Dealt to 68592fec 
Dealt to a6c3901 
Dealt to ea10e29f 
Dealt to 9481da2f 
Dealt to a00f17b2 
Dealt to 9869456b 
Dealt to Hero [8s 4c]
9481da2f: folds
a00f17b2: folds
9869456b: folds
a6c3901: folds
68592fec: folds
Hero: folds
*** SHOWDOWN ***
ea10e29f collected $6 from pot
*** SUMMARY ***
Total pot $6
Seat 6: 68592fec folded before Flop (didn't bet)
Seat 5: a6c3901 folded before Flop (didn't bet)
Seat 1: ea10e29f(big blind)won ($6)
Seat 2: 9481da2f folded before Flop (didn't bet)
Seat 3: a00f17b2 folded before Flop (didn't bet)
Seat 4: 9869456b folded before Flop (didn't bet)
Seat 7: Hero(small blind) folded before Flop



Poker Hand #ring_880999771: NLH No Limit ($2/$4) - 2025/05/16 16:07:00
Table 'MR NLH 2/4' 7-max Seat #5 is the button
Seat 6: 68592fec ($400 in chips)
Seat 5: a6c3901 ($1,460.19 in chips)
Seat 1: ea10e29f ($554.81 in chips)
Seat 2: 9481da2f ($800 in chips)
Seat 3: a00f17b2 ($1,298.85 in chips)
Seat 4: 9869456b ($930.41 in chips)
Seat 7: Hero ($409.05 in chips)
68592fec: posts small blind $2
Hero: posts big blind $4
*** HOLE CARDS ***
Dealt to 68592fec 
Dealt to a6c3901 
Dealt to ea10e29f 
Dealt to 9481da2f 
Dealt to a00f17b2 
Dealt to 9869456b 
Dealt to Hero [7c 2c]
ea10e29f: folds
9481da2f: raises $8 to $12
a00f17b2: calls $12
9869456b: folds
a6c3901: calls $12
68592fec: folds
Hero: folds
*** FLOP *** [Jc 9c Kd]
9481da2f: checks
a00f17b2: checks
a6c3901: checks
*** TURN *** [Jc 9c Kd] [9d]
9481da2f: checks
a00f17b2: checks
a6c3901: bets $42
9481da2f: folds
a00f17b2: folds
Uncalled bet ($42) returned to a6c3901
*** SHOWDOWN ***
a6c3901 collected $42 from pot
*** SUMMARY ***
Total pot $42
Board [Jc 9c Kd 9d]
Seat 6: 68592fec(small blind) folded before Flop
Seat 5: a6c3901won ($42) with Three Nines
Seat 1: ea10e29f folded before Flop (didn't bet)
Seat 2: 9481da2f folded on the Turn
Seat 3: a00f17b2 folded on the Turn
Seat 4: 9869456b folded before Flop (didn't bet)
Seat 7: Hero(big blind) folded before Flop



Poker Hand #ring_880998773: NLH No Limit ($2/$4) - 2025/05/16 16:06:14
Table 'MR NLH 2/4' 7-max Seat #4 is the button
Seat 6: 68592fec ($396.92 in chips)
Seat 5: a6c3901 ($1,452.73 in chips)
Seat 1: ea10e29f ($554.81 in chips)
Seat 2: 9481da2f ($687.06 in chips)
Seat 3: a00f17b2 ($1,302.85 in chips)
Seat 4: 9869456b ($930.41 in chips)
Seat 7: Hero ($409.05 in chips)
a6c3901: posts small blind $2
68592fec: posts big blind $4
*** HOLE CARDS ***
Dealt to 68592fec 
Dealt to a6c3901 
Dealt to ea10e29f 
Dealt to 9481da2f 
Dealt to a00f17b2 
Dealt to 9869456b 
Dealt to Hero [3h Ts]
Hero: folds
ea10e29f: folds
9481da2f: folds
a00f17b2: calls $4
9869456b: folds
a6c3901: calls $2
68592fec: checks
*** FLOP *** [Ah 7h 7s]
a6c3901: checks
68592fec: checks
a00f17b2: checks
*** TURN *** [Ah 7h 7s] [3c]
a6c3901: bets $4.08
68592fec: folds
a00f17b2: folds
Uncalled bet ($4.08) returned to a6c3901
*** SHOWDOWN ***
a6c3901 collected $12 from pot
*** SUMMARY ***
Total pot $12
Board [Ah 7h 7s 3c]
Seat 6: 68592fec(big blind) folded on the Turn
Seat 5: a6c3901(small blind)won ($12) with Pair of Sevens and Pair of Treys
Seat 1: ea10e29f folded before Flop (didn't bet)
Seat 2: 9481da2f folded before Flop (didn't bet)
Seat 3: a00f17b2 folded on the Turn
Seat 4: 9869456b folded before Flop (didn't bet)
Seat 7: Hero folded before Flop (didn't bet)



Poker Hand #ring_880998028: NLH No Limit ($2/$4) - 2025/05/16 16:05:40
Table 'MR NLH 2/4' 7-max Seat #3 is the button
Seat 6: 68592fec ($396.92 in chips)
Seat 5: a6c3901 ($1,450.73 in chips)
Seat 1: ea10e29f ($554.81 in chips)
Seat 2: 9481da2f ($687.06 in chips)
Seat 3: a00f17b2 ($1,302.85 in chips)
Seat 4: 9869456b ($932.41 in chips)
Seat 7: Hero ($409.05 in chips)
9869456b: posts small blind $2
a6c3901: posts big blind $4
*** HOLE CARDS ***
Dealt to 68592fec 
Dealt to a6c3901 
Dealt to ea10e29f 
Dealt to 9481da2f 
Dealt to a00f17b2 
Dealt to 9869456b 
Dealt to Hero [8h 5h]
68592fec: folds
Hero: folds
ea10e29f: folds
9481da2f: folds
a00f17b2: folds
9869456b: folds
*** SHOWDOWN ***
a6c3901 collected $6 from pot
*** SUMMARY ***
Total pot $6
Seat 6: 68592fec folded before Flop (didn't bet)
Seat 5: a6c3901(big blind)won ($6)
Seat 1: ea10e29f folded before Flop (didn't bet)
Seat 2: 9481da2f folded before Flop (didn't bet)
Seat 3: a00f17b2 folded before Flop (didn't bet)
Seat 4: 9869456b(small blind) folded before Flop
Seat 7: Hero folded before Flop (didn't bet)



Poker Hand #ring_880996500: NLH No Limit ($2/$4) - 2025/05/16 16:04:31
Table 'MR NLH 2/4' 7-max Seat #2 is the button
Seat 6: 68592fec ($396.92 in chips)
Seat 5: a6c3901 ($1,462.73 in chips)
Seat 1: ea10e29f ($554.81 in chips)
Seat 2: 9481da2f ($815.16 in chips)
Seat 3: a00f17b2 ($1,304.85 in chips)
Seat 4: 9869456b ($792 in chips)
Seat 7: Hero ($421.05 in chips)
a00f17b2: posts small blind $2
9869456b: posts big blind $4
*** HOLE CARDS ***
Dealt to 68592fec 
Dealt to a6c3901 
Dealt to ea10e29f 
Dealt to 9481da2f 
Dealt to a00f17b2 
Dealt to 9869456b 
Dealt to Hero [7c 7d]
a6c3901: raises $8 to $12
68592fec: folds
Hero: calls $12
ea10e29f: folds
9481da2f: calls $12
a00f17b2: folds
9869456b: raises $60 to $72
a6c3901: folds
Hero: folds
9481da2f: calls $60
*** FLOP *** [Jh 2h 4s]
9869456b: bets $56.1
9481da2f: calls $56.1
*** TURN *** [Jh 2h 4s] [7s]
9869456b: checks
9481da2f: checks
*** RIVER *** [Jh 2h 4s 7s] [Ks]
9869456b: bets $211.65
9481da2f: folds
Uncalled bet ($211.65) returned to 9869456b
*** SHOWDOWN ***
9869456b collected $282.2 from pot
*** SUMMARY ***
Total pot $282.2
Board [Jh 2h 4s 7s Ks]
Seat 6: 68592fec folded before Flop (didn't bet)
Seat 5: a6c3901 folded before Flop
Seat 1: ea10e29f folded before Flop (didn't bet)
Seat 2: 9481da2f folded on the River
Seat 3: a00f17b2(small blind) folded before Flop
Seat 4: 9869456b(big blind)won ($282.2) with Pair of Kings
Seat 7: Hero folded before Flop



Poker Hand #ring_880995836: NLH No Limit ($2/$4) - 2025/05/16 16:04:00
Table 'MR NLH 2/4' 7-max Seat #1 is the button
Seat 6: 68592fec ($404.92 in chips)
Seat 5: a6c3901 ($1,462.73 in chips)
Seat 1: ea10e29f ($554.81 in chips)
Seat 2: 9481da2f ($803.16 in chips)
Seat 3: a00f17b2 ($1,308.85 in chips)
Seat 4: 9869456b ($792 in chips)
Seat 7: Hero ($421.05 in chips)
9481da2f: posts small blind $2
a00f17b2: posts big blind $4
*** HOLE CARDS ***
Dealt to 68592fec 
Dealt to a6c3901 
Dealt to ea10e29f 
Dealt to 9481da2f 
Dealt to a00f17b2 
Dealt to 9869456b 
Dealt to Hero [8h 5s]
9869456b: folds
a6c3901: folds
68592fec: raises $4 to $8
Hero: folds
ea10e29f: folds
9481da2f: raises $20 to $28
a00f17b2: folds
68592fec: folds
Uncalled bet ($20) returned to 9481da2f
*** SHOWDOWN ***
9481da2f collected $20 from pot
*** SUMMARY ***
Total pot $20
Seat 6: 68592fec folded before Flop
Seat 5: a6c3901 folded before Flop (didn't bet)
Seat 1: ea10e29f folded before Flop (didn't bet)
Seat 2: 9481da2f(small blind)won ($20)
Seat 3: a00f17b2(big blind) folded before Flop
Seat 4: 9869456b folded before Flop (didn't bet)
Seat 7: Hero folded before Flop (didn't bet)



Poker Hand #ring_880995148: NLH No Limit ($2/$4) - 2025/05/16 16:03:29
Table 'MR NLH 2/4' 7-max Seat #7 is the button
Seat 6: 68592fec ($404.92 in chips)
Seat 5: a6c3901 ($1,462.73 in chips)
Seat 1: ea10e29f ($556.81 in chips)
Seat 2: 9481da2f ($807.16 in chips)
Seat 3: a00f17b2 ($1,308.85 in chips)
Seat 4: 9869456b ($786 in chips)
Seat 7: Hero ($421.05 in chips)
ea10e29f: posts small blind $2
9481da2f: posts big blind $4
*** HOLE CARDS ***
Dealt to 68592fec 
Dealt to a6c3901 
Dealt to ea10e29f 
Dealt to 9481da2f 
Dealt to a00f17b2 
Dealt to 9869456b 
Dealt to Hero [5s Qc]
a00f17b2: folds
9869456b: raises $8 to $12
a6c3901: folds
68592fec: folds
Hero: folds
ea10e29f: folds
9481da2f: folds
Uncalled bet ($8) returned to 9869456b
*** SHOWDOWN ***
9869456b collected $10 from pot
*** SUMMARY ***
Total pot $10
Seat 6: 68592fec folded before Flop (didn't bet)
Seat 5: a6c3901 folded before Flop (didn't bet)
Seat 1: ea10e29f(small blind) folded before Flop
Seat 2: 9481da2f(big blind) folded before Flop
Seat 3: a00f17b2 folded before Flop (didn't bet)
Seat 4: 9869456bwon ($10)
Seat 7: Hero folded before Flop (didn't bet)



Poker Hand #ring_880993057: NLH No Limit ($2/$4) - 2025/05/16 16:01:57
Table 'MR NLH 2/4' 7-max Seat #6 is the button
Seat 6: 68592fec ($404.92 in chips)
Seat 5: a6c3901 ($1,478.73 in chips)
Seat 1: ea10e29f ($420.69 in chips)
Seat 2: 9481da2f ($823.16 in chips)
Seat 3: a00f17b2 ($1,423.85 in chips)
Seat 4: 9869456b ($786 in chips)
Seat 7: Hero ($423.05 in chips)
Hero: posts small blind $2
ea10e29f: posts big blind $4
*** HOLE CARDS ***
Dealt to 68592fec 
Dealt to a6c3901 
Dealt to ea10e29f 
Dealt to 9481da2f 
Dealt to a00f17b2 
Dealt to 9869456b 
Dealt to Hero [3h 9h]
9481da2f: calls $4
a00f17b2: calls $4
9869456b: folds
a6c3901: raises $12 to $16
68592fec: folds
Hero: folds
ea10e29f: calls $12
9481da2f: calls $12
a00f17b2: calls $12
*** FLOP *** [Ts 7c 4d]
ea10e29f: checks
9481da2f: checks
a00f17b2: checks
a6c3901: checks
*** TURN *** [Ts 7c 4d] [5d]
ea10e29f: bets $33
9481da2f: folds
a00f17b2: calls $33
a6c3901: folds
*** RIVER *** [Ts 7c 4d 5d] [Js]
ea10e29f: checks
a00f17b2: bets $66
ea10e29f: calls $66
ea10e29f: shows [Tc Td]
a00f17b2: shows [Kd Jd]
*** SHOWDOWN ***
ea10e29f collected $264 from pot
*** SUMMARY ***
Total pot $264
Board [Ts 7c 4d 5d Js]
Seat 6: 68592fec folded before Flop (didn't bet)
Seat 5: a6c3901 folded on the Turn
Seat 1: ea10e29f(big blind) showed [Tc Td] and won ($264) with Three Tens
Seat 2: 9481da2f folded on the Turn
Seat 3: a00f17b2 showed [Kd Jd] and lost with Pair of Jacks
Seat 4: 9869456b folded before Flop (didn't bet)
Seat 7: Hero(small blind) folded before Flop



Poker Hand #ring_880992049: NLH No Limit ($2/$4) - 2025/05/16 16:01:21
Table 'MR NLH 2/4' 7-max Seat #5 is the button
Seat 6: 68592fec ($406.92 in chips)
Seat 5: a6c3901 ($1,478.73 in chips)
Seat 1: ea10e29f ($420.69 in chips)
Seat 2: 9481da2f ($810.33 in chips)
Seat 3: a00f17b2 ($1,423.85 in chips)
Seat 4: 9869456b ($786 in chips)
Seat 7: Hero ($435.05 in chips)
68592fec: posts small blind $2
Hero: posts big blind $4
*** HOLE CARDS ***
Dealt to 68592fec 
Dealt to a6c3901 
Dealt to ea10e29f 
Dealt to 9481da2f 
Dealt to a00f17b2 
Dealt to 9869456b 
Dealt to Hero [8d Ah]
ea10e29f: folds
9481da2f: raises $8 to $12
a00f17b2: folds
9869456b: folds
a6c3901: folds
68592fec: folds
Hero: calls $8
*** FLOP *** [2h Ts Qs]
Hero: checks
9481da2f: bets $19.5
Hero: folds
Uncalled bet ($19.5) returned to 9481da2f
*** SHOWDOWN ***
9481da2f collected $26 from pot
*** SUMMARY ***
Total pot $26
Board [2h Ts Qs]
Seat 6: 68592fec(small blind) folded before Flop
Seat 5: a6c3901 folded before Flop (didn't bet)
Seat 1: ea10e29f folded before Flop (didn't bet)
Seat 2: 9481da2fwon ($26) with Pair of Queens and Pair of Tens
Seat 3: a00f17b2 folded before Flop (didn't bet)
Seat 4: 9869456b folded before Flop (didn't bet)
Seat 7: Hero(big blind) folded on the Flop



Poker Hand #ring_880991137: NLH No Limit ($2/$4) - 2025/05/16 16:00:40
Table 'MR NLH 2/4' 7-max Seat #4 is the button
Seat 6: 68592fec ($410.92 in chips)
Seat 5: a6c3901 ($1,480.73 in chips)
Seat 1: ea10e29f ($420.69 in chips)
Seat 2: 9481da2f ($804.33 in chips)
Seat 3: a00f17b2 ($1,423.85 in chips)
Seat 4: 9869456b ($786 in chips)
Seat 7: Hero ($435.05 in chips)
a6c3901: posts small blind $2
68592fec: posts big blind $4
*** HOLE CARDS ***
Dealt to 68592fec 
Dealt to a6c3901 
Dealt to ea10e29f 
Dealt to 9481da2f 
Dealt to a00f17b2 
Dealt to 9869456b 
Dealt to Hero [8c 5h]
Hero: folds
ea10e29f: folds
9481da2f: raises $8 to $12
a00f17b2: folds
9869456b: folds
a6c3901: folds
68592fec: folds
Uncalled bet ($8) returned to 9481da2f
*** SHOWDOWN ***
9481da2f collected $10 from pot
*** SUMMARY ***
Total pot $10
Seat 6: 68592fec(big blind) folded before Flop
Seat 5: a6c3901(small blind) folded before Flop
Seat 1: ea10e29f folded before Flop (didn't bet)
Seat 2: 9481da2fwon ($10)
Seat 3: a00f17b2 folded before Flop (didn't bet)
Seat 4: 9869456b folded before Flop (didn't bet)
Seat 7: Hero folded before Flop (didn't bet)



Poker Hand #ring_880989914: NLH No Limit ($2/$4) - 2025/05/16 15:59:42
Table 'MR NLH 2/4' 7-max Seat #3 is the button
Seat 6: 68592fec ($410.92 in chips)
Seat 5: a6c3901 ($1,421.58 in chips)
Seat 1: ea10e29f ($420.69 in chips)
Seat 2: 9481da2f ($868.33 in chips)
Seat 3: a00f17b2 ($1,423.85 in chips)
Seat 4: 9869456b ($788 in chips)
Seat 7: Hero ($435.05 in chips)
9869456b: posts small blind $2
a6c3901: posts big blind $4
*** HOLE CARDS ***
Dealt to 68592fec 
Dealt to a6c3901 
Dealt to ea10e29f 
Dealt to 9481da2f 
Dealt to a00f17b2 
Dealt to 9869456b 
Dealt to Hero [2d 7h]
68592fec: folds
Hero: folds
ea10e29f: folds
9481da2f: raises $8 to $12
a00f17b2: folds
9869456b: folds
a6c3901: calls $8
*** FLOP *** [4c 9s 9h]
a6c3901: checks
9481da2f: bets $13
a6c3901: calls $13
*** TURN *** [4c 9s 9h] [3d]
a6c3901: checks
9481da2f: bets $39
a6c3901: calls $39
*** RIVER *** [4c 9s 9h 3d] [7c]
a6c3901: checks
9481da2f: checks
9481da2f: shows [Td Ks]
a6c3901: shows [9d 6d]
*** SHOWDOWN ***
a6c3901 collected $130 from pot
*** SUMMARY ***
Total pot $130
Board [4c 9s 9h 3d 7c]
Seat 6: 68592fec folded before Flop (didn't bet)
Seat 5: a6c3901(big blind) showed [9d 6d] and won ($130) with Three Nines
Seat 1: ea10e29f folded before Flop (didn't bet)
Seat 2: 9481da2f showed [Td Ks] and lost with Pair of Nines
Seat 3: a00f17b2 folded before Flop (didn't bet)
Seat 4: 9869456b(small blind) folded before Flop
Seat 7: Hero folded before Flop (didn't bet)



Poker Hand #ring_880989203: NLH No Limit ($2/$4) - 2025/05/16 15:59:08
Table 'MR NLH 2/4' 7-max Seat #2 is the button
Seat 6: 68592fec ($410.92 in chips)
Seat 5: a6c3901 ($1,421.58 in chips)
Seat 1: ea10e29f ($420.69 in chips)
Seat 2: 9481da2f ($868.33 in chips)
Seat 3: a00f17b2 ($1,425.85 in chips)
Seat 4: 9869456b ($800 in chips)
Seat 7: Hero ($422.22 in chips)
a00f17b2: posts small blind $2
9869456b: posts big blind $4
*** HOLE CARDS ***
Dealt to 68592fec 
Dealt to a6c3901 
Dealt to ea10e29f 
Dealt to 9481da2f 
Dealt to a00f17b2 
Dealt to 9869456b 
Dealt to Hero [Ac Kc]
a6c3901: folds
68592fec: folds
Hero: raises $8 to $12
ea10e29f: folds
9481da2f: folds
a00f17b2: folds
9869456b: calls $8
*** FLOP *** [Ts 3c Qd]
9869456b: checks
Hero: bets $20.8
9869456b: folds
Uncalled bet ($20.8) returned to Hero
*** SHOWDOWN ***
Hero collected $26 from pot
*** SUMMARY ***
Total pot $26
Board [Ts 3c Qd]
Seat 6: 68592fec folded before Flop (didn't bet)
Seat 5: a6c3901 folded before Flop (didn't bet)
Seat 1: ea10e29f folded before Flop (didn't bet)
Seat 2: 9481da2f folded before Flop (didn't bet)
Seat 3: a00f17b2(small blind) folded before Flop
Seat 4: 9869456b(big blind) folded on the Flop
Seat 7: Herowon ($26) with Ace-High



Poker Hand #ring_880988465: NLH No Limit ($2/$4) - 2025/05/16 15:58:34
Table 'MR NLH 2/4' 7-max Seat #1 is the button
Seat 6: 68592fec ($410.92 in chips)
Seat 5: a6c3901 ($1,421.58 in chips)
Seat 1: ea10e29f ($420.69 in chips)
Seat 2: 9481da2f ($870.33 in chips)
Seat 3: a00f17b2 ($1,423.85 in chips)
Seat 4: 9869456b ($772.73 in chips)
Seat 7: Hero ($422.22 in chips)
9481da2f: posts small blind $2
a00f17b2: posts big blind $4
*** HOLE CARDS ***
Dealt to 68592fec 
Dealt to a6c3901 
Dealt to ea10e29f 
Dealt to 9481da2f 
Dealt to a00f17b2 
Dealt to 9869456b 
Dealt to Hero [5h 9d]
9869456b: folds
a6c3901: folds
68592fec: folds
Hero: folds
ea10e29f: folds
9481da2f: folds
*** SHOWDOWN ***
a00f17b2 collected $6 from pot
*** SUMMARY ***
Total pot $6
Seat 6: 68592fec folded before Flop (didn't bet)
Seat 5: a6c3901 folded before Flop (didn't bet)
Seat 1: ea10e29f folded before Flop (didn't bet)
Seat 2: 9481da2f(small blind) folded before Flop
Seat 3: a00f17b2(big blind)won ($6)
Seat 4: 9869456b folded before Flop (didn't bet)
Seat 7: Hero folded before Flop (didn't bet)



Poker Hand #ring_880987427: NLH No Limit ($2/$4) - 2025/05/16 15:57:45
Table 'MR NLH 2/4' 7-max Seat #7 is the button
Seat 6: 68592fec ($410.92 in chips)
Seat 5: a6c3901 ($1,421.58 in chips)
Seat 1: ea10e29f ($422.69 in chips)
Seat 2: 9481da2f ($882.33 in chips)
Seat 3: a00f17b2 ($1,423.85 in chips)
Seat 4: 9869456b ($759.9 in chips)
Seat 7: Hero ($422.22 in chips)
ea10e29f: posts small blind $2
9481da2f: posts big blind $4
*** HOLE CARDS ***
Dealt to 68592fec 
Dealt to a6c3901 
Dealt to ea10e29f 
Dealt to 9481da2f 
Dealt to a00f17b2 
Dealt to 9869456b 
Dealt to Hero [8s Ad]
a00f17b2: folds
9869456b: raises $8 to $12
a6c3901: folds
68592fec: folds
Hero: folds
ea10e29f: folds
9481da2f: calls $8
*** FLOP *** [5d Js As]
9481da2f: checks
9869456b: bets $13
9481da2f: folds
Uncalled bet ($13) returned to 9869456b
*** SHOWDOWN ***
9869456b collected $26 from pot
*** SUMMARY ***
Total pot $26
Board [5d Js As]
Seat 6: 68592fec folded before Flop (didn't bet)
Seat 5: a6c3901 folded before Flop (didn't bet)
Seat 1: ea10e29f(small blind) folded before Flop
Seat 2: 9481da2f(big blind) folded on the Flop
Seat 3: a00f17b2 folded before Flop (didn't bet)
Seat 4: 9869456bwon ($26) with Pair of Kings
Seat 7: Hero folded before Flop (didn't bet)



Poker Hand #ring_880986493: NLH No Limit ($2/$4) - 2025/05/16 15:57:01
Table 'MR NLH 2/4' 7-max Seat #6 is the button
Seat 6: 68592fec ($410.92 in chips)
Seat 5: a6c3901 ($1,421.58 in chips)
Seat 1: ea10e29f ($426.69 in chips)
Seat 2: 9481da2f ($821.41 in chips)
Seat 3: a00f17b2 ($1,423.85 in chips)
Seat 4: 9869456b ($821.64 in chips)
Seat 7: Hero ($424.22 in chips)
Hero: posts small blind $2
ea10e29f: posts big blind $4
*** HOLE CARDS ***
Dealt to 68592fec 
Dealt to a6c3901 
Dealt to ea10e29f 
Dealt to 9481da2f 
Dealt to a00f17b2 
Dealt to 9869456b 
Dealt to Hero [5s 9d]
9481da2f: raises $8 to $12
a00f17b2: folds
9869456b: raises $24 to $36
a6c3901: folds
68592fec: folds
Hero: folds
ea10e29f: folds
9481da2f: calls $24
*** FLOP *** [6s Jd Jh]
9481da2f: checks
9869456b: bets $25.74
9481da2f: raises $64.74 to $90.48
9869456b: folds
Uncalled bet ($64.74) returned to 9481da2f
*** SHOWDOWN ***
9481da2f collected $129.48 from pot
*** SUMMARY ***
Total pot $129.48
Board [6s Jd Jh]
Seat 6: 68592fec folded before Flop (didn't bet)
Seat 5: a6c3901 folded before Flop (didn't bet)
Seat 1: ea10e29f(big blind) folded before Flop
Seat 2: 9481da2fwon ($129.48) with Pair of Jacks and Pair of Sixes
Seat 3: a00f17b2 folded before Flop (didn't bet)
Seat 4: 9869456b folded on the Flop
Seat 7: Hero(small blind) folded before Flop



Poker Hand #ring_880984949: NLH No Limit ($2/$4) - 2025/05/16 15:55:50
Table 'MR NLH 2/4' 7-max Seat #5 is the button
Seat 6: 68592fec ($400 in chips)
Seat 5: a6c3901 ($1,421.58 in chips)
Seat 1: ea10e29f ($426.69 in chips)
Seat 2: 9481da2f ($821.41 in chips)
Seat 3: a00f17b2 ($1,423.85 in chips)
Seat 4: 9869456b ($821.64 in chips)
Seat 7: Hero ($436.22 in chips)
68592fec: posts small blind $2
Hero: posts big blind $4
*** HOLE CARDS ***
Dealt to 68592fec 
Dealt to a6c3901 
Dealt to ea10e29f 
Dealt to 9481da2f 
Dealt to a00f17b2 
Dealt to 9869456b 
Dealt to Hero [2d 2c]
ea10e29f: folds
9481da2f: folds
a00f17b2: folds
9869456b: folds
a6c3901: folds
68592fec: raises $8 to $12
Hero: calls $8
*** FLOP *** [Qs 7d 7s]
68592fec: checks
Hero: checks
*** TURN *** [Qs 7d 7s] [9h]
68592fec: bets $36
Hero: folds
Uncalled bet ($36) returned to 68592fec
*** SHOWDOWN ***
68592fec collected $24 from pot
*** SUMMARY ***
Total pot $24
Board [Qs 7d 7s 9h]
Seat 6: 68592fec(small blind)won ($24) with Pair of Nines and Pair of Sevens
Seat 5: a6c3901 folded before Flop (didn't bet)
Seat 1: ea10e29f folded before Flop (didn't bet)
Seat 2: 9481da2f folded before Flop (didn't bet)
Seat 3: a00f17b2 folded before Flop (didn't bet)
Seat 4: 9869456b folded before Flop (didn't bet)
Seat 7: Hero(big blind) folded on the Turn



Poker Hand #ring_880983447: NLH No Limit ($2/$4) - 2025/05/16 15:54:38
Table 'MR NLH 2/4' 7-max Seat #4 is the button
Seat 6: 68592fec ($400 in chips)
Seat 5: a6c3901 ($1,423.58 in chips)
Seat 1: ea10e29f ($426.69 in chips)
Seat 2: 9481da2f ($854.41 in chips)
Seat 3: a00f17b2 ($1,435.85 in chips)
Seat 4: 9869456b ($821.64 in chips)
Seat 7: Hero ($390 in chips)
a6c3901: posts small blind $2
68592fec: posts big blind $4
*** HOLE CARDS ***
Dealt to 68592fec 
Dealt to a6c3901 
Dealt to ea10e29f 
Dealt to 9481da2f 
Dealt to a00f17b2 
Dealt to 9869456b 
Dealt to Hero [Ah Qd]
Hero: raises $8 to $12
ea10e29f: folds
9481da2f: calls $12
a00f17b2: calls $12
9869456b: folds
a6c3901: folds
68592fec: folds
*** FLOP *** [Js Kc 8d]
Hero: checks
9481da2f: checks
a00f17b2: checks
*** TURN *** [Js Kc 8d] [As]
Hero: checks
9481da2f: checks
a00f17b2: checks
*** RIVER *** [Js Kc 8d As] [Jh]
Hero: checks
9481da2f: bets $21
a00f17b2: folds
Hero: calls $21
9481da2f: shows [2h Th]
Hero: shows [Ah Qd]
*** SHOWDOWN ***
Hero collected $84 from pot
*** SUMMARY ***
Total pot $84
Board [Js Kc 8d As Jh]
Seat 6: 68592fec(big blind) folded before Flop
Seat 5: a6c3901(small blind) folded before Flop
Seat 1: ea10e29f folded before Flop (didn't bet)
Seat 2: 9481da2f showed [2h Th] and lost with Pair of Jacks
Seat 3: a00f17b2 folded on the River
Seat 4: 9869456b folded before Flop (didn't bet)
Seat 7: Hero showed [Ah Qd] and won ($84) with Pair of Aces and Pair of Jacks



Poker Hand #ring_880982947: NLH No Limit ($2/$4) - 2025/05/16 15:54:14
Table 'MR NLH 2/4' 7-max Seat #3 is the button
Seat 5: a6c3901 ($1,427.58 in chips)
Seat 6: 60dbf8fa ($850.86 in chips)
Seat 1: ea10e29f ($426.69 in chips)
Seat 2: 9481da2f ($848.41 in chips)
Seat 3: a00f17b2 ($1,435.85 in chips)
Seat 4: 9869456b ($823.64 in chips)
Seat 7: Hero ($390 in chips)
9869456b: posts small blind $2
a6c3901: posts big blind $4
*** HOLE CARDS ***
Dealt to a6c3901 
Dealt to 60dbf8fa 
Dealt to ea10e29f 
Dealt to 9481da2f 
Dealt to a00f17b2 
Dealt to 9869456b 
Dealt to Hero [3d 6d]
60dbf8fa: folds
Hero: folds
ea10e29f: folds
9481da2f: raises $8 to $12
a00f17b2: folds
9869456b: folds
a6c3901: folds
Uncalled bet ($8) returned to 9481da2f
*** SHOWDOWN ***
9481da2f collected $10 from pot
*** SUMMARY ***
Total pot $10
Seat 5: a6c3901(big blind) folded before Flop
Seat 6: 60dbf8fa folded before Flop (didn't bet)
Seat 1: ea10e29f folded before Flop (didn't bet)
Seat 2: 9481da2fwon ($10)
Seat 3: a00f17b2 folded before Flop (didn't bet)
Seat 4: 9869456b(small blind) folded before Flop
Seat 7: Hero folded before Flop (didn't bet)



Poker Hand #ring_880982148: NLH No Limit ($2/$4) - 2025/05/16 15:53:35
Table 'MR NLH 2/4' 7-max Seat #2 is the button
Seat 5: a6c3901 ($1,427.58 in chips)
Seat 6: 60dbf8fa ($898.86 in chips)
Seat 1: ea10e29f ($426.69 in chips)
Seat 2: 9481da2f ($800 in chips)
Seat 3: a00f17b2 ($1,437.85 in chips)
Seat 4: 9869456b ($827.64 in chips)
Seat 7: Hero ($390 in chips)
a00f17b2: posts small blind $2
9869456b: posts big blind $4
9481da2f: posts big blind $4
*** HOLE CARDS ***
Dealt to a6c3901 
Dealt to 60dbf8fa 
Dealt to ea10e29f 
Dealt to 9481da2f 
Dealt to a00f17b2 
Dealt to 9869456b 
Dealt to Hero [Tc 2d]
a6c3901: folds
60dbf8fa: raises $10 to $14
Hero: folds
ea10e29f: folds
9481da2f: raises $34 to $48
a00f17b2: folds
9869456b: folds
60dbf8fa: calls $34
*** FLOP *** [5s 9s 3c]
60dbf8fa: checks
9481da2f: bets $76.5
60dbf8fa: folds
Uncalled bet ($76.5) returned to 9481da2f
*** SHOWDOWN ***
9481da2f collected $102 from pot
*** SUMMARY ***
Total pot $102
Board [5s 9s 3c]
Seat 5: a6c3901 folded before Flop (didn't bet)
Seat 6: 60dbf8fa folded on the Flop
Seat 1: ea10e29f folded before Flop (didn't bet)
Seat 2: 9481da2fwon ($102) with Ace-High
Seat 3: a00f17b2(small blind) folded before Flop
Seat 4: 9869456b(big blind) folded before Flop
Seat 7: Hero folded before Flop (didn't bet)



Poker Hand #ring_880981710: NLH No Limit ($2/$4) - 2025/05/16 15:53:14
Table 'MR NLH 2/4' 7-max Seat #1 is the button
Seat 5: a6c3901 ($1,423.58 in chips)
Seat 6: 60dbf8fa ($898.86 in chips)
Seat 1: ea10e29f ($426.69 in chips)
Seat 3: a00f17b2 ($1,441.85 in chips)
Seat 4: 9869456b ($827.64 in chips)
Seat 7: Hero ($390 in chips)
a00f17b2: posts big blind $4
*** HOLE CARDS ***
Dealt to a6c3901 
Dealt to 60dbf8fa 
Dealt to ea10e29f 
Dealt to a00f17b2 
Dealt to 9869456b 
Dealt to Hero [2c 9d]
9869456b: folds
a6c3901: raises $8 to $12
60dbf8fa: folds
Hero: folds
ea10e29f: folds
a00f17b2: folds
Uncalled bet ($8) returned to a6c3901
*** SHOWDOWN ***
a6c3901 collected $8 from pot
*** SUMMARY ***
Total pot $8
Seat 5: a6c3901won ($8)
Seat 6: 60dbf8fa folded before Flop (didn't bet)
Seat 1: ea10e29f folded before Flop (didn't bet)
Seat 3: a00f17b2(big blind) folded before Flop
Seat 4: 9869456b folded before Flop (didn't bet)
Seat 7: Hero folded before Flop (didn't bet)



Poker Hand #ring_880980209: NLH No Limit ($2/$4) - 2025/05/16 15:52:02
Table 'MR NLH 2/4' 7-max Seat #7 is the button
Seat 5: a6c3901 ($1,423.58 in chips)
Seat 6: 60dbf8fa ($912.86 in chips)
Seat 1: ea10e29f ($428.69 in chips)
Seat 2: 9481da2f ($573.68 in chips)
Seat 3: a00f17b2 ($905.52 in chips)
Seat 4: 9869456b ($827.64 in chips)
Seat 7: Hero ($390 in chips)
ea10e29f: posts small blind $2
9481da2f: posts big blind $4
*** HOLE CARDS ***
Dealt to a6c3901 
Dealt to 60dbf8fa 
Dealt to ea10e29f 
Dealt to 9481da2f 
Dealt to a00f17b2 
Dealt to 9869456b 
Dealt to Hero [4c Ts]
a00f17b2: calls $4
9869456b: folds
a6c3901: folds
60dbf8fa: raises $10 to $14
Hero: folds
ea10e29f: folds
9481da2f: raises $34 to $48
a00f17b2: raises $73.92 to $121.92
60dbf8fa: folds
9481da2f: raises $259.84 to $381.76
a00f17b2: raises $523.76 to $905.52 and is all-in
9481da2f: calls $191.92 and is all-in
Uncalled bet ($331.84) returned to a00f17b2
9481da2f: shows [Ad Kh]
a00f17b2: shows [Kd Kc]
*** FLOP *** [3d 7s Td]
*** TURN *** [3d 7s Td] [7c]
*** RIVER *** [3d 7s Td 7c] [9d]
*** SHOWDOWN ***
a00f17b2 collected $1,163.36 from pot
*** SUMMARY ***
Total pot $1,163.36
Board [3d 7s Td 7c 9d]
Seat 5: a6c3901 folded before Flop (didn't bet)
Seat 6: 60dbf8fa folded before Flop
Seat 1: ea10e29f(small blind) folded before Flop
Seat 2: 9481da2f(big blind) showed [Ad Kh] and lost with Pair of Sevens
Seat 3: a00f17b2 showed [Kd Kc] and won ($1,163.36) with Pair of Kings and Pair of Sevens
Seat 4: 9869456b folded before Flop (didn't bet)
Seat 7: Hero folded before Flop (didn't bet)



Poker Hand #ring_880979405: NLH No Limit ($2/$4) - 2025/05/16 15:51:23
Table 'MR NLH 2/4' 7-max Seat #6 is the button
Seat 5: a6c3901 ($1,417.58 in chips)
Seat 6: 60dbf8fa ($912.86 in chips)
Seat 1: ea10e29f ($432.69 in chips)
Seat 2: 9481da2f ($573.68 in chips)
Seat 3: a00f17b2 ($905.52 in chips)
Seat 4: 9869456b ($827.64 in chips)
Seat 7: Hero ($392 in chips)
Hero: posts small blind $2
ea10e29f: posts big blind $4
*** HOLE CARDS ***
Dealt to a6c3901 
Dealt to 60dbf8fa 
Dealt to ea10e29f 
Dealt to 9481da2f 
Dealt to a00f17b2 
Dealt to 9869456b 
Dealt to Hero [8c Qc]
9481da2f: folds
a00f17b2: folds
9869456b: folds
a6c3901: raises $8 to $12
60dbf8fa: folds
Hero: folds
ea10e29f: folds
Uncalled bet ($8) returned to a6c3901
*** SHOWDOWN ***
a6c3901 collected $10 from pot
*** SUMMARY ***
Total pot $10
Seat 5: a6c3901won ($10)
Seat 6: 60dbf8fa folded before Flop (didn't bet)
Seat 1: ea10e29f(big blind) folded before Flop
Seat 2: 9481da2f folded before Flop (didn't bet)
Seat 3: a00f17b2 folded before Flop (didn't bet)
Seat 4: 9869456b folded before Flop (didn't bet)
Seat 7: Hero(small blind) folded before Flop



Poker Hand #ring_880977969: NLH No Limit ($2/$4) - 2025/05/16 15:50:14
Table 'MR NLH 2/4' 7-max Seat #5 is the button
Seat 5: a6c3901 ($1,486.58 in chips)
Seat 6: 60dbf8fa ($914.86 in chips)
Seat 1: ea10e29f ($432.69 in chips)
Seat 2: 9481da2f ($573.68 in chips)
Seat 3: a00f17b2 ($830.36 in chips)
Seat 4: 9869456b ($827.64 in chips)
Seat 7: Hero ($404 in chips)
60dbf8fa: posts small blind $2
Hero: posts big blind $4
*** HOLE CARDS ***
Dealt to a6c3901 
Dealt to 60dbf8fa 
Dealt to ea10e29f 
Dealt to 9481da2f 
Dealt to a00f17b2 
Dealt to 9869456b 
Dealt to Hero [7s 8s]
ea10e29f: folds
9481da2f: folds
a00f17b2: raises $8 to $12
9869456b: folds
a6c3901: calls $12
60dbf8fa: folds
Hero: calls $8
*** FLOP *** [6s 2d Kh]
Hero: checks
a00f17b2: bets $19
a6c3901: calls $19
Hero: folds
*** TURN *** [6s 2d Kh] [8h]
a00f17b2: bets $38
a6c3901: calls $38
*** RIVER *** [6s 2d Kh 8h] [8c]
a00f17b2: checks
a6c3901: checks
a00f17b2: shows [Ks Qc]
a6c3901: shows [4h 5d]
*** SHOWDOWN ***
a00f17b2 collected $152 from pot
*** SUMMARY ***
Total pot $152
Board [6s 2d Kh 8h 8c]
Seat 5: a6c3901 showed [4h 5d] and lost with Pair of Eights
Seat 6: 60dbf8fa(small blind) folded before Flop
Seat 1: ea10e29f folded before Flop (didn't bet)
Seat 2: 9481da2f folded before Flop (didn't bet)
Seat 3: a00f17b2 showed [Ks Qc] and won ($152) with Pair of Kings and Pair of Eights
Seat 4: 9869456b folded before Flop (didn't bet)
Seat 7: Hero(big blind) folded on the Flop



Poker Hand #ring_880970905: NLH No Limit ($2/$4) - 2025/05/16 15:44:37
Table 'MR NLH 2/4' 7-max Seat #5 is the button
Seat 5: a6c3901 ($1,113.31 in chips)
Seat 6: 60dbf8fa ($891.29 in chips)
Seat 1: ea10e29f ($446.69 in chips)
Seat 2: 9481da2f ($560.85 in chips)
Seat 3: a00f17b2 ($856.36 in chips)
Seat 4: 9869456b ($843.64 in chips)
Seat 7: Hero ($394 in chips)
60dbf8fa: posts small blind $2
Hero: posts big blind $4
*** HOLE CARDS ***
Dealt to a6c3901 
Dealt to 60dbf8fa 
Dealt to ea10e29f 
Dealt to 9481da2f 
Dealt to a00f17b2 
Dealt to 9869456b 
Dealt to Hero [Kd Kc]
ea10e29f: calls $4
9481da2f: folds
a00f17b2: folds
9869456b: folds
a6c3901: raises $12 to $16
60dbf8fa: folds
Hero: raises $32 to $48
ea10e29f: folds
a6c3901: raises $58.4 to $106.4
Hero: raises $287.6 to $394 and is all-in
a6c3901: calls $287.6
a6c3901: shows [Qc Qh]
Hero: shows [Kd Kc]
*** FLOP *** [2c Qd Ah]
*** TURN *** [2c Qd Ah] [8s]
*** RIVER *** [2c Qd Ah 8s] [Jc]
60dbf8fa: shows [Qs]
*** SHOWDOWN ***
a6c3901 collected $794 from pot
*** SUMMARY ***
Total pot $794
Board [2c Qd Ah 8s Jc]
Seat 5: a6c3901 showed [Qc Qh] and won ($794) with Three Queens
Seat 6: 60dbf8fa(small blind) folded before Flop
Seat 1: ea10e29f folded before Flop
Seat 2: 9481da2f folded before Flop (didn't bet)
Seat 3: a00f17b2 folded before Flop (didn't bet)
Seat 4: 9869456b folded before Flop (didn't bet)
Seat 7: Hero(big blind) showed [Kd Kc] and lost with Pair of Kings



Poker Hand #ring_880969596: NLH No Limit ($2/$4) - 2025/05/16 15:43:34
Table 'MR NLH 2/4' 7-max Seat #4 is the button
Seat 5: a6c3901 ($1,115.31 in chips)
Seat 6: 60dbf8fa ($903.29 in chips)
Seat 1: ea10e29f ($446.69 in chips)
Seat 2: 9481da2f ($536.56 in chips)
Seat 3: a00f17b2 ($856.36 in chips)
Seat 4: 9869456b ($855.64 in chips)
Seat 7: Hero ($394 in chips)
a6c3901: posts small blind $2
60dbf8fa: posts big blind $4
*** HOLE CARDS ***
Dealt to a6c3901 
Dealt to 60dbf8fa 
Dealt to ea10e29f 
Dealt to 9481da2f 
Dealt to a00f17b2 
Dealt to 9869456b 
Dealt to Hero [3h 6s]
Hero: folds
ea10e29f: folds
9481da2f: raises $8 to $12
a00f17b2: folds
9869456b: calls $12
a6c3901: folds
60dbf8fa: calls $8
*** FLOP *** [7c 2d Ah]
60dbf8fa: checks
9481da2f: bets $28.5
9869456b: folds
60dbf8fa: folds
Uncalled bet ($28.5) returned to 9481da2f
*** SHOWDOWN ***
9481da2f collected $38 from pot
*** SUMMARY ***
Total pot $38
Board [7c 2d Ah]
Seat 5: a6c3901(small blind) folded before Flop
Seat 6: 60dbf8fa(big blind) folded on the Flop
Seat 1: ea10e29f folded before Flop (didn't bet)
Seat 2: 9481da2fwon ($38) with Ace-High
Seat 3: a00f17b2 folded before Flop (didn't bet)
Seat 4: 9869456b folded on the Flop
Seat 7: Hero folded before Flop (didn't bet)



Poker Hand #ring_880969115: NLH No Limit ($2/$4) - 2025/05/16 15:43:12
Table 'MR NLH 2/4' 7-max Seat #3 is the button
Seat 5: a6c3901 ($1,113.31 in chips)
Seat 6: 60dbf8fa ($903.29 in chips)
Seat 1: ea10e29f ($446.69 in chips)
Seat 2: 9481da2f ($536.56 in chips)
Seat 3: a00f17b2 ($856.36 in chips)
Seat 4: 9869456b ($857.64 in chips)
Seat 7: Hero ($394 in chips)
9869456b: posts small blind $2
a6c3901: posts big blind $4
*** HOLE CARDS ***
Dealt to a6c3901 
Dealt to 60dbf8fa 
Dealt to ea10e29f 
Dealt to 9481da2f 
Dealt to a00f17b2 
Dealt to 9869456b 
Dealt to Hero [4d 2c]
60dbf8fa: folds
Hero: folds
ea10e29f: folds
9481da2f: folds
a00f17b2: folds
9869456b: folds
*** SHOWDOWN ***
a6c3901 collected $6 from pot
*** SUMMARY ***
Total pot $6
Seat 5: a6c3901(big blind)won ($6)
Seat 6: 60dbf8fa folded before Flop (didn't bet)
Seat 1: ea10e29f folded before Flop (didn't bet)
Seat 2: 9481da2f folded before Flop (didn't bet)
Seat 3: a00f17b2 folded before Flop (didn't bet)
Seat 4: 9869456b(small blind) folded before Flop
Seat 7: Hero folded before Flop (didn't bet)



Poker Hand #ring_880967650: NLH No Limit ($2/$4) - 2025/05/16 15:42:03
Table 'MR NLH 2/4' 7-max Seat #2 is the button
Seat 5: a6c3901 ($1,113.31 in chips)
Seat 6: 60dbf8fa ($903.29 in chips)
Seat 1: ea10e29f ($446.69 in chips)
Seat 2: 9481da2f ($507.72 in chips)
Seat 3: a00f17b2 ($872.36 in chips)
Seat 4: 9869456b ($873.64 in chips)
Seat 7: Hero ($394 in chips)
a00f17b2: posts small blind $2
9869456b: posts big blind $4
*** HOLE CARDS ***
Dealt to a6c3901 
Dealt to 60dbf8fa 
Dealt to ea10e29f 
Dealt to 9481da2f 
Dealt to a00f17b2 
Dealt to 9869456b 
Dealt to Hero [8d 6s]
a6c3901: folds
60dbf8fa: folds
Hero: folds
ea10e29f: folds
9481da2f: raises $12 to $16
a00f17b2: calls $14
9869456b: calls $12
*** FLOP *** [Kd Jc 3d]
a00f17b2: checks
9869456b: checks
9481da2f: checks
*** TURN *** [Kd Jc 3d] [4s]
a00f17b2: checks
9869456b: checks
9481da2f: checks
*** RIVER *** [Kd Jc 3d 4s] [Td]
a00f17b2: checks
9869456b: checks
9481da2f: checks
9481da2f: shows [Ts 9h]
a00f17b2: shows [2c 2d]
9869456b: shows [As 8c]
*** SHOWDOWN ***
9481da2f collected $48 from pot
*** SUMMARY ***
Total pot $48
Board [Kd Jc 3d 4s Td]
Seat 5: a6c3901 folded before Flop (didn't bet)
Seat 6: 60dbf8fa folded before Flop (didn't bet)
Seat 1: ea10e29f folded before Flop (didn't bet)
Seat 2: 9481da2f showed [Ts 9h] and won ($48) with Pair of Tens
Seat 3: a00f17b2(small blind) showed [2c 2d] and lost with Pair of Twos
Seat 4: 9869456b(big blind) showed [As 8c] and lost with Ace-High
Seat 7: Hero folded before Flop (didn't bet)



Poker Hand #ring_880966982: NLH No Limit ($2/$4) - 2025/05/16 15:41:31
Table 'MR NLH 2/4' 7-max Seat #1 is the button
Seat 5: a6c3901 ($1,113.31 in chips)
Seat 6: 60dbf8fa ($943.29 in chips)
Seat 1: ea10e29f ($446.69 in chips)
Seat 2: 9481da2f ($468.5 in chips)
Seat 3: a00f17b2 ($876.36 in chips)
Seat 4: 9869456b ($873.64 in chips)
Seat 7: Hero ($394 in chips)
9481da2f: posts small blind $2
a00f17b2: posts big blind $4
*** HOLE CARDS ***
Dealt to a6c3901 
Dealt to 60dbf8fa 
Dealt to ea10e29f 
Dealt to 9481da2f 
Dealt to a00f17b2 
Dealt to 9869456b 
Dealt to Hero [2s Th]
9869456b: folds
a6c3901: folds
60dbf8fa: raises $8 to $12
Hero: folds
ea10e29f: folds
9481da2f: raises $28 to $40
a00f17b2: folds
60dbf8fa: calls $28
*** FLOP *** [5s Ah Ac]
9481da2f: bets $63
60dbf8fa: folds
Uncalled bet ($63) returned to 9481da2f
*** SHOWDOWN ***
9481da2f collected $84 from pot
*** SUMMARY ***
Total pot $84
Board [5s Ah Ac]
Seat 5: a6c3901 folded before Flop (didn't bet)
Seat 6: 60dbf8fa folded on the Flop
Seat 1: ea10e29f folded before Flop (didn't bet)
Seat 2: 9481da2f(small blind)won ($84) with Pair of Aces
Seat 3: a00f17b2(big blind) folded before Flop
Seat 4: 9869456b folded before Flop (didn't bet)
Seat 7: Hero folded before Flop (didn't bet)



Poker Hand #ring_880966066: NLH No Limit ($2/$4) - 2025/05/16 15:40:49
Table 'MR NLH 2/4' 7-max Seat #7 is the button
Seat 5: a6c3901 ($1,113.31 in chips)
Seat 6: 60dbf8fa ($943.29 in chips)
Seat 1: ea10e29f ($456.69 in chips)
Seat 2: 9481da2f ($459.4 in chips)
Seat 3: a00f17b2 ($876.36 in chips)
Seat 4: 9869456b ($873.64 in chips)
Seat 7: Hero ($394 in chips)
ea10e29f: posts small blind $2
9481da2f: posts big blind $4
*** HOLE CARDS ***
Dealt to a6c3901 
Dealt to 60dbf8fa 
Dealt to ea10e29f 
Dealt to 9481da2f 
Dealt to a00f17b2 
Dealt to 9869456b 
Dealt to Hero [Th 4c]
a00f17b2: folds
9869456b: folds
a6c3901: folds
60dbf8fa: folds
Hero: folds
ea10e29f: calls $2
9481da2f: checks
*** FLOP *** [5c 5d 7d]
ea10e29f: checks
9481da2f: bets $6
ea10e29f: calls $6
*** TURN *** [5c 5d 7d] [Jd]
ea10e29f: checks
9481da2f: bets $15
ea10e29f: folds
Uncalled bet ($15) returned to 9481da2f
*** SHOWDOWN ***
9481da2f collected $20 from pot
*** SUMMARY ***
Total pot $20
Board [5c 5d 7d Jd]
Seat 5: a6c3901 folded before Flop (didn't bet)
Seat 6: 60dbf8fa folded before Flop (didn't bet)
Seat 1: ea10e29f(small blind) folded on the Turn
Seat 2: 9481da2f(big blind)won ($20) with Pair of Sevens and Pair of Fives
Seat 3: a00f17b2 folded before Flop (didn't bet)
Seat 4: 9869456b folded before Flop (didn't bet)
Seat 7: Hero folded before Flop (didn't bet)



Poker Hand #ring_880965600: NLH No Limit ($2/$4) - 2025/05/16 15:40:28
Table 'MR NLH 2/4' 7-max Seat #6 is the button
Seat 5: a6c3901 ($1,113.31 in chips)
Seat 6: 60dbf8fa ($937.29 in chips)
Seat 1: ea10e29f ($460.69 in chips)
Seat 2: 9481da2f ($459.4 in chips)
Seat 3: a00f17b2 ($876.36 in chips)
Seat 4: 9869456b ($873.64 in chips)
Seat 7: Hero ($396 in chips)
Hero: posts small blind $2
ea10e29f: posts big blind $4
*** HOLE CARDS ***
Dealt to a6c3901 
Dealt to 60dbf8fa 
Dealt to ea10e29f 
Dealt to 9481da2f 
Dealt to a00f17b2 
Dealt to 9869456b 
Dealt to Hero [2c Ad]
9481da2f: folds
a00f17b2: folds
9869456b: folds
a6c3901: folds
60dbf8fa: raises $8 to $12
Hero: folds
ea10e29f: folds
Uncalled bet ($8) returned to 60dbf8fa
*** SHOWDOWN ***
60dbf8fa collected $10 from pot
*** SUMMARY ***
Total pot $10
Seat 5: a6c3901 folded before Flop (didn't bet)
Seat 6: 60dbf8fawon ($10)
Seat 1: ea10e29f(big blind) folded before Flop
Seat 2: 9481da2f folded before Flop (didn't bet)
Seat 3: a00f17b2 folded before Flop (didn't bet)
Seat 4: 9869456b folded before Flop (didn't bet)
Seat 7: Hero(small blind) folded before Flop



Poker Hand #ring_880963628: NLH No Limit ($2/$4) - 2025/05/16 15:38:56
Table 'MR NLH 2/4' 7-max Seat #5 is the button
Seat 5: a6c3901 ($1,135.31 in chips)
Seat 6: 60dbf8fa ($959.29 in chips)
Seat 1: ea10e29f ($460.69 in chips)
Seat 2: 9481da2f ($481.4 in chips)
Seat 3: a00f17b2 ($811.5 in chips)
Seat 4: 9869456b ($873.64 in chips)
Seat 7: Hero ($400 in chips)
60dbf8fa: posts small blind $2
Hero: posts big blind $4
*** HOLE CARDS ***
Dealt to a6c3901 
Dealt to 60dbf8fa 
Dealt to ea10e29f 
Dealt to 9481da2f 
Dealt to a00f17b2 
Dealt to 9869456b 
Dealt to Hero [Kd 8c]
ea10e29f: folds
9481da2f: raises $18 to $22
a00f17b2: calls $22
9869456b: folds
a6c3901: calls $22
60dbf8fa: calls $20
Hero: folds
*** FLOP *** [8h Th Kc]
60dbf8fa: checks
9481da2f: checks
a00f17b2: checks
a6c3901: checks
*** TURN *** [8h Th Kc] [Jd]
60dbf8fa: checks
9481da2f: checks
a00f17b2: checks
a6c3901: checks
*** RIVER *** [8h Th Kc Jd] [Td]
60dbf8fa: checks
9481da2f: checks
a00f17b2: checks
a6c3901: checks
9481da2f: shows [7d 5c]
a00f17b2: shows [4d 4h]
a6c3901: shows [Ah 9h]
60dbf8fa: shows [7s 5s]
Hero: shows [Kd]
*** SHOWDOWN ***
a00f17b2 collected $92 from pot
*** SUMMARY ***
Total pot $92
Board [8h Th Kc Jd Td]
Seat 5: a6c3901 showed [Ah 9h] and lost with Pair of Tens
Seat 6: 60dbf8fa(small blind) showed [7s 5s] and lost with Pair of Tens
Seat 1: ea10e29f folded before Flop (didn't bet)
Seat 2: 9481da2f showed [7d 5c] and lost with Pair of Tens
Seat 3: a00f17b2 showed [4d 4h] and won ($92) with Pair of Tens and Pair of Fours
Seat 4: 9869456b folded before Flop (didn't bet)
Seat 7: Hero(big blind) folded before Flop



