Poker Hand #ring_900739806: NLH No Limit ($2/$4) - 2025/05/27 02:15:50
Table 'MR NLH 2/4' 7-max Seat #6 is the button
Seat 5: a5ae810e ($829.84 in chips)
Seat 6: 9adc68da ($980.52 in chips)
Seat 7: 6e70874d ($498.91 in chips)
Seat 1: b2e948c0 ($293.69 in chips)
Seat 3: Hero ($248.02 in chips)
Seat 4: f66a86ca ($1,302.45 in chips)
6e70874d: posts small blind $2
b2e948c0: posts big blind $4
*** HOLE CARDS ***
Dealt to a5ae810e 
Dealt to 9adc68da 
Dealt to 6e70874d 
Dealt to b2e948c0 
Dealt to Hero [Qs 7s]
Dealt to f66a86ca 
Hero: folds
f66a86ca: folds
a5ae810e: folds
9adc68da: raises $8 to $12
6e70874d: folds
b2e948c0: folds
Uncalled bet ($8) returned to 9adc68da
*** SHOWDOWN ***
9adc68da collected $10 from pot
*** SUMMARY ***
Total pot $10
Seat 5: a5ae810e folded before Flop (didn't bet)
Seat 6: 9adc68dawon ($10)
Seat 7: 6e70874d(small blind) folded before Flop
Seat 1: b2e948c0(big blind) folded before Flop
Seat 3: Hero folded before Flop (didn't bet)
Seat 4: f66a86ca folded before Flop (didn't bet)



Poker Hand #ring_900738723: NLH No Limit ($2/$4) - 2025/05/27 02:15:07
Table 'MR NLH 2/4' 7-max Seat #5 is the button
Seat 5: a5ae810e ($829.84 in chips)
Seat 6: 9adc68da ($982.52 in chips)
Seat 7: 6e70874d ($502.91 in chips)
Seat 1: b2e948c0 ($287.69 in chips)
Seat 3: Hero ($248.02 in chips)
Seat 4: f66a86ca ($1,302.45 in chips)
9adc68da: posts small blind $2
6e70874d: posts big blind $4
*** HOLE CARDS ***
Dealt to a5ae810e 
Dealt to 9adc68da 
Dealt to 6e70874d 
Dealt to b2e948c0 
Dealt to Hero [7d 4d]
Dealt to f66a86ca 
b2e948c0: raises $6 to $10
Hero: folds
f66a86ca: folds
a5ae810e: folds
9adc68da: folds
6e70874d: folds
Uncalled bet ($6) returned to b2e948c0
*** SHOWDOWN ***
b2e948c0 collected $10 from pot
*** SUMMARY ***
Total pot $10
Seat 5: a5ae810e folded before Flop (didn't bet)
Seat 6: 9adc68da(small blind) folded before Flop
Seat 7: 6e70874d(big blind) folded before Flop
Seat 1: b2e948c0won ($10)
Seat 3: Hero folded before Flop (didn't bet)
Seat 4: f66a86ca folded before Flop (didn't bet)



Poker Hand #ring_900737812: NLH No Limit ($2/$4) - 2025/05/27 02:14:31
Table 'MR NLH 2/4' 7-max Seat #4 is the button
Seat 5: a5ae810e ($825.84 in chips)
Seat 6: 9adc68da ($986.52 in chips)
Seat 7: 6e70874d ($502.91 in chips)
Seat 1: b2e948c0 ($287.69 in chips)
Seat 3: Hero ($248.02 in chips)
Seat 4: f66a86ca ($1,302.45 in chips)
a5ae810e: posts small blind $2
9adc68da: posts big blind $4
*** HOLE CARDS ***
Dealt to a5ae810e 
Dealt to 9adc68da 
Dealt to 6e70874d 
Dealt to b2e948c0 
Dealt to Hero [Jh 6s]
Dealt to f66a86ca 
6e70874d: folds
b2e948c0: folds
Hero: folds
f66a86ca: folds
a5ae810e: raises $4 to $8
9adc68da: folds
Uncalled bet ($4) returned to a5ae810e
*** SHOWDOWN ***
a5ae810e collected $8 from pot
*** SUMMARY ***
Total pot $8
Seat 5: a5ae810e(small blind)won ($8)
Seat 6: 9adc68da(big blind) folded before Flop
Seat 7: 6e70874d folded before Flop (didn't bet)
Seat 1: b2e948c0 folded before Flop (didn't bet)
Seat 3: Hero folded before Flop (didn't bet)
Seat 4: f66a86ca folded before Flop (didn't bet)



Poker Hand #ring_900736550: NLH No Limit ($2/$4) - 2025/05/27 02:13:41
Table 'MR NLH 2/4' 7-max Seat #3 is the button
Seat 5: a5ae810e ($809.84 in chips)
Seat 6: 9adc68da ($998.52 in chips)
Seat 7: 6e70874d ($502.91 in chips)
Seat 1: b2e948c0 ($287.69 in chips)
Seat 3: Hero ($250.02 in chips)
Seat 4: f66a86ca ($1,304.45 in chips)
f66a86ca: posts small blind $2
a5ae810e: posts big blind $4
Hero: posts big blind $0
Hero: posts small blind $2
*** HOLE CARDS ***
Dealt to a5ae810e 
Dealt to 9adc68da 
Dealt to 6e70874d 
Dealt to b2e948c0 
Dealt to Hero [5c 3c]
Dealt to f66a86ca 
9adc68da: raises $8 to $12
6e70874d: folds
b2e948c0: folds
Hero: folds
f66a86ca: folds
a5ae810e: raises $36 to $48
9adc68da: folds
Uncalled bet ($36) returned to a5ae810e
*** SHOWDOWN ***
a5ae810e collected $28 from pot
*** SUMMARY ***
Total pot $26
Seat 5: a5ae810e(big blind)won ($28)
Seat 6: 9adc68da folded before Flop
Seat 7: 6e70874d folded before Flop (didn't bet)
Seat 1: b2e948c0 folded before Flop (didn't bet)
Seat 3: Hero folded before Flop (didn't bet)
Seat 4: f66a86ca(small blind) folded before Flop



Poker Hand #ring_900734025: NLH No Limit ($2/$4) - 2025/05/27 02:12:03
Table 'MR NLH 2/4' 7-max Seat #7 is the button
Seat 5: a5ae810e ($809.84 in chips)
Seat 6: 9adc68da ($977.96 in chips)
Seat 7: 6e70874d ($502.91 in chips)
Seat 1: b2e948c0 ($289.69 in chips)
Seat 3: Hero ($260.02 in chips)
Seat 4: f66a86ca ($1,314.45 in chips)
b2e948c0: posts small blind $2
Hero: posts big blind $4
*** HOLE CARDS ***
Dealt to a5ae810e 
Dealt to 9adc68da 
Dealt to 6e70874d 
Dealt to b2e948c0 
Dealt to Hero [8c Ah]
Dealt to f66a86ca 
f66a86ca: raises $6 to $10
a5ae810e: folds
9adc68da: calls $10
6e70874d: folds
b2e948c0: folds
Hero: calls $6
*** FLOP *** [Jh 2s 9d]
Hero: checks
f66a86ca: checks
9adc68da: bets $24
Hero: folds
f66a86ca: folds
Uncalled bet ($24) returned to 9adc68da
*** SHOWDOWN ***
9adc68da collected $32 from pot
*** SUMMARY ***
Total pot $32
Board [Jh 2s 9d]
Seat 5: a5ae810e folded before Flop (didn't bet)
Seat 6: 9adc68dawon ($32) with Pair of Jacks
Seat 7: 6e70874d folded before Flop (didn't bet)
Seat 1: b2e948c0(small blind) folded before Flop
Seat 3: Hero(big blind) folded on the Flop
Seat 4: f66a86ca folded on the Flop



Poker Hand #ring_900731742: NLH No Limit ($2/$4) - 2025/05/27 02:10:33
Table 'MR NLH 2/4' 7-max Seat #6 is the button
Seat 5: a5ae810e ($809.84 in chips)
Seat 6: 9adc68da ($919.23 in chips)
Seat 7: 6e70874d ($504.91 in chips)
Seat 1: b2e948c0 ($320.69 in chips)
Seat 3: Hero ($291.02 in chips)
Seat 4: f66a86ca ($1,314.45 in chips)
6e70874d: posts small blind $2
b2e948c0: posts big blind $4
*** HOLE CARDS ***
Dealt to a5ae810e 
Dealt to 9adc68da 
Dealt to 6e70874d 
Dealt to b2e948c0 
Dealt to Hero [9d 9s]
Dealt to f66a86ca 
Hero: raises $8 to $12
f66a86ca: folds
a5ae810e: folds
9adc68da: calls $12
6e70874d: folds
b2e948c0: calls $8
*** FLOP *** [Qh 5d As]
b2e948c0: checks
Hero: bets $19
9adc68da: calls $19
b2e948c0: calls $19
*** TURN *** [Qh 5d As] [6d]
b2e948c0: checks
Hero: checks
9adc68da: checks
*** RIVER *** [Qh 5d As 6d] [Qs]
b2e948c0: checks
Hero: checks
9adc68da: bets $95
b2e948c0: folds
Hero: folds
Uncalled bet ($95) returned to 9adc68da
*** SHOWDOWN ***
9adc68da collected $95 from pot
*** SUMMARY ***
Total pot $95
Board [Qh 5d As 6d Qs]
Seat 5: a5ae810e folded before Flop (didn't bet)
Seat 6: 9adc68dawon ($95) with Pair of Queens
Seat 7: 6e70874d(small blind) folded before Flop
Seat 1: b2e948c0(big blind) folded on the River
Seat 3: Hero folded on the River
Seat 4: f66a86ca folded before Flop (didn't bet)



Poker Hand #ring_900730741: NLH No Limit ($2/$4) - 2025/05/27 02:09:54
Table 'MR NLH 2/4' 7-max Seat #5 is the button
Seat 5: a5ae810e ($809.84 in chips)
Seat 6: 9adc68da ($921.23 in chips)
Seat 7: 6e70874d ($508.91 in chips)
Seat 1: b2e948c0 ($320.69 in chips)
Seat 3: Hero ($291.02 in chips)
Seat 4: f66a86ca ($1,308.45 in chips)
9adc68da: posts small blind $2
6e70874d: posts big blind $4
*** HOLE CARDS ***
Dealt to a5ae810e 
Dealt to 9adc68da 
Dealt to 6e70874d 
Dealt to b2e948c0 
Dealt to Hero [8s 9c]
Dealt to f66a86ca 
b2e948c0: folds
Hero: folds
f66a86ca: raises $6 to $10
a5ae810e: folds
9adc68da: folds
6e70874d: folds
Uncalled bet ($6) returned to f66a86ca
*** SHOWDOWN ***
f66a86ca collected $10 from pot
*** SUMMARY ***
Total pot $10
Seat 5: a5ae810e folded before Flop (didn't bet)
Seat 6: 9adc68da(small blind) folded before Flop
Seat 7: 6e70874d(big blind) folded before Flop
Seat 1: b2e948c0 folded before Flop (didn't bet)
Seat 3: Hero folded before Flop (didn't bet)
Seat 4: f66a86cawon ($10)



Poker Hand #ring_900729873: NLH No Limit ($2/$4) - 2025/05/27 02:09:20
Table 'MR NLH 2/4' 7-max Seat #4 is the button
Seat 5: a5ae810e ($811.84 in chips)
Seat 6: 9adc68da ($919.23 in chips)
Seat 7: 6e70874d ($508.91 in chips)
Seat 1: b2e948c0 ($320.69 in chips)
Seat 3: Hero ($291.02 in chips)
Seat 4: f66a86ca ($1,308.45 in chips)
a5ae810e: posts small blind $2
9adc68da: posts big blind $4
*** HOLE CARDS ***
Dealt to a5ae810e 
Dealt to 9adc68da 
Dealt to 6e70874d 
Dealt to b2e948c0 
Dealt to Hero [2c Ad]
Dealt to f66a86ca 
6e70874d: folds
b2e948c0: folds
Hero: folds
f66a86ca: folds
a5ae810e: folds
*** SHOWDOWN ***
9adc68da collected $6 from pot
*** SUMMARY ***
Total pot $6
Seat 5: a5ae810e(small blind) folded before Flop
Seat 6: 9adc68da(big blind)won ($6)
Seat 7: 6e70874d folded before Flop (didn't bet)
Seat 1: b2e948c0 folded before Flop (didn't bet)
Seat 3: Hero folded before Flop (didn't bet)
Seat 4: f66a86ca folded before Flop (didn't bet)



Poker Hand #ring_900727697: NLH No Limit ($2/$4) - 2025/05/27 02:07:56
Table 'MR NLH 2/4' 7-max Seat #3 is the button
Seat 5: a5ae810e ($815.84 in chips)
Seat 6: 9adc68da ($919.23 in chips)
Seat 7: 6e70874d ($508.91 in chips)
Seat 1: b2e948c0 ($166.42 in chips)
Seat 3: Hero ($291.02 in chips)
Seat 4: f66a86ca ($1,474.87 in chips)
f66a86ca: posts small blind $2
a5ae810e: posts big blind $4
*** HOLE CARDS ***
Dealt to a5ae810e 
Dealt to 9adc68da 
Dealt to 6e70874d 
Dealt to b2e948c0 
Dealt to Hero [8h Jd]
Dealt to f66a86ca 
9adc68da: folds
6e70874d: folds
b2e948c0: raises $6 to $10
Hero: folds
f66a86ca: raises $30 to $40
a5ae810e: folds
b2e948c0: calls $30
*** FLOP *** [6c 9s Jh]
f66a86ca: bets $65.52
b2e948c0: raises $60.9 to $126.42 and is all-in
f66a86ca: calls $60.9
b2e948c0: shows [Td Ts] (Pair of Tens)
f66a86ca: shows [Qd Kh] (King-High)
*** TURN *** [6c 9s Jh] [7d]
*** RIVER *** [6c 9s Jh 7d] [9d]
*** SHOWDOWN ***
b2e948c0 collected $336.84 from pot
*** SUMMARY ***
Total pot $336.84
Board [6c 9s Jh 7d 9d]
Seat 5: a5ae810e(big blind) folded before Flop
Seat 6: 9adc68da folded before Flop (didn't bet)
Seat 7: 6e70874d folded before Flop (didn't bet)
Seat 1: b2e948c0 showed [Td Ts] and won ($336.84) with Pair of Tens and Pair of Nines
Seat 3: Hero folded before Flop (didn't bet)
Seat 4: f66a86ca(small blind) showed [Qd Kh] and lost with Pair of Nines



Poker Hand #ring_900726846: NLH No Limit ($2/$4) - 2025/05/27 02:07:22
Table 'MR NLH 2/4' 7-max Seat #1 is the button
Seat 5: a5ae810e ($815.84 in chips)
Seat 6: 9adc68da ($919.23 in chips)
Seat 7: 6e70874d ($508.91 in chips)
Seat 1: b2e948c0 ($160.42 in chips)
Seat 3: Hero ($293.02 in chips)
Seat 4: f66a86ca ($1,478.87 in chips)
Hero: posts small blind $2
f66a86ca: posts big blind $4
*** HOLE CARDS ***
Dealt to a5ae810e 
Dealt to 9adc68da 
Dealt to 6e70874d 
Dealt to b2e948c0 
Dealt to Hero [5s Td]
Dealt to f66a86ca 
a5ae810e: folds
9adc68da: folds
6e70874d: folds
b2e948c0: raises $6 to $10
Hero: folds
f66a86ca: folds
Uncalled bet ($6) returned to b2e948c0
*** SHOWDOWN ***
b2e948c0 collected $10 from pot
*** SUMMARY ***
Total pot $10
Seat 5: a5ae810e folded before Flop (didn't bet)
Seat 6: 9adc68da folded before Flop (didn't bet)
Seat 7: 6e70874d folded before Flop (didn't bet)
Seat 1: b2e948c0won ($10)
Seat 3: Hero(small blind) folded before Flop
Seat 4: f66a86ca(big blind) folded before Flop



Poker Hand #ring_900723520: NLH No Limit ($2/$4) - 2025/05/27 02:05:15
Table 'MR NLH 2/4' 7-max Seat #7 is the button
Seat 5: a5ae810e ($815.84 in chips)
Seat 6: 9adc68da ($919.23 in chips)
Seat 7: 6e70874d ($457.31 in chips)
Seat 1: b2e948c0 ($162.42 in chips)
Seat 3: Hero ($338.22 in chips)
Seat 4: f66a86ca ($1,488.87 in chips)
b2e948c0: posts small blind $2
Hero: posts big blind $4
*** HOLE CARDS ***
Dealt to a5ae810e 
Dealt to 9adc68da 
Dealt to 6e70874d 
Dealt to b2e948c0 
Dealt to Hero [Kd 5s]
Dealt to f66a86ca 
f66a86ca: raises $6 to $10
a5ae810e: folds
9adc68da: folds
6e70874d: calls $10
b2e948c0: folds
Hero: calls $6
*** FLOP *** [5d Js Qd]
Hero: checks
f66a86ca: checks
6e70874d: checks
*** TURN *** [5d Js Qd] [3s]
Hero: checks
f66a86ca: checks
6e70874d: bets $16
Hero: calls $16
f66a86ca: folds
*** RIVER *** [5d Js Qd 3s] [6s]
Hero: bets $19.2
6e70874d: raises $51.2 to $70.4
Hero: folds
Uncalled bet ($51.2) returned to 6e70874d
*** SHOWDOWN ***
6e70874d collected $102.4 from pot
*** SUMMARY ***
Total pot $102.4
Board [5d Js Qd 3s 6s]
Seat 5: a5ae810e folded before Flop (didn't bet)
Seat 6: 9adc68da folded before Flop (didn't bet)
Seat 7: 6e70874dwon ($102.4) with Pair of Treys
Seat 1: b2e948c0(small blind) folded before Flop
Seat 3: Hero(big blind) folded on the River
Seat 4: f66a86ca folded on the Turn



Poker Hand #ring_900722563: NLH No Limit ($2/$4) - 2025/05/27 02:04:37
Table 'MR NLH 2/4' 7-max Seat #6 is the button
Seat 5: a5ae810e ($815.84 in chips)
Seat 6: 9adc68da ($919.23 in chips)
Seat 7: 6e70874d ($441.31 in chips)
Seat 1: b2e948c0 ($166.42 in chips)
Seat 3: Hero ($350.22 in chips)
Seat 4: f66a86ca ($1,488.87 in chips)
6e70874d: posts small blind $2
b2e948c0: posts big blind $4
*** HOLE CARDS ***
Dealt to a5ae810e 
Dealt to 9adc68da 
Dealt to 6e70874d 
Dealt to b2e948c0 
Dealt to Hero [6c 5c]
Dealt to f66a86ca 
Hero: raises $8 to $12
f66a86ca: folds
a5ae810e: folds
9adc68da: folds
6e70874d: raises $36 to $48
b2e948c0: folds
Hero: folds
Uncalled bet ($36) returned to 6e70874d
*** SHOWDOWN ***
6e70874d collected $28 from pot
*** SUMMARY ***
Total pot $28
Seat 5: a5ae810e folded before Flop (didn't bet)
Seat 6: 9adc68da folded before Flop (didn't bet)
Seat 7: 6e70874d(small blind)won ($28)
Seat 1: b2e948c0(big blind) folded before Flop
Seat 3: Hero folded before Flop
Seat 4: f66a86ca folded before Flop (didn't bet)



Poker Hand #ring_900721258: NLH No Limit ($2/$4) - 2025/05/27 02:03:46
Table 'MR NLH 2/4' 7-max Seat #5 is the button
Seat 5: a5ae810e ($815.84 in chips)
Seat 6: 9adc68da ($921.23 in chips)
Seat 7: 6e70874d ($451.31 in chips)
Seat 1: b2e948c0 ($166.42 in chips)
Seat 3: Hero ($350.22 in chips)
Seat 4: f66a86ca ($1,477.86 in chips)
9adc68da: posts small blind $2
6e70874d: posts big blind $4
*** HOLE CARDS ***
Dealt to a5ae810e 
Dealt to 9adc68da 
Dealt to 6e70874d 
Dealt to b2e948c0 
Dealt to Hero [9d 4s]
Dealt to f66a86ca 
b2e948c0: folds
Hero: folds
f66a86ca: raises $6 to $10
a5ae810e: folds
9adc68da: folds
6e70874d: calls $6
*** FLOP *** [6h As 7h]
6e70874d: checks
f66a86ca: bets $8.14
6e70874d: folds
Uncalled bet ($8.14) returned to f66a86ca
*** SHOWDOWN ***
f66a86ca collected $22 from pot
*** SUMMARY ***
Total pot $22
Board [6h As 7h]
Seat 5: a5ae810e folded before Flop (didn't bet)
Seat 6: 9adc68da(small blind) folded before Flop
Seat 7: 6e70874d(big blind) folded on the Flop
Seat 1: b2e948c0 folded before Flop (didn't bet)
Seat 3: Hero folded before Flop (didn't bet)
Seat 4: f66a86cawon ($22) with Ace-High



Poker Hand #ring_900720420: NLH No Limit ($2/$4) - 2025/05/27 02:03:14
Table 'MR NLH 2/4' 7-max Seat #4 is the button
Seat 5: a5ae810e ($817.84 in chips)
Seat 6: 9adc68da ($925.23 in chips)
Seat 7: 6e70874d ($451.31 in chips)
Seat 1: b2e948c0 ($160.42 in chips)
Seat 3: Hero ($350.22 in chips)
Seat 4: f66a86ca ($1,477.86 in chips)
a5ae810e: posts small blind $2
9adc68da: posts big blind $4
*** HOLE CARDS ***
Dealt to a5ae810e 
Dealt to 9adc68da 
Dealt to 6e70874d 
Dealt to b2e948c0 
Dealt to Hero [4c Jh]
Dealt to f66a86ca 
6e70874d: folds
b2e948c0: raises $6 to $10
Hero: folds
f66a86ca: folds
a5ae810e: folds
9adc68da: folds
Uncalled bet ($6) returned to b2e948c0
*** SHOWDOWN ***
b2e948c0 collected $10 from pot
*** SUMMARY ***
Total pot $10
Seat 5: a5ae810e(small blind) folded before Flop
Seat 6: 9adc68da(big blind) folded before Flop
Seat 7: 6e70874d folded before Flop (didn't bet)
Seat 1: b2e948c0won ($10)
Seat 3: Hero folded before Flop (didn't bet)
Seat 4: f66a86ca folded before Flop (didn't bet)



Poker Hand #ring_900719674: NLH No Limit ($2/$4) - 2025/05/27 02:02:46
Table 'MR NLH 2/4' 7-max Seat #3 is the button
Seat 5: a5ae810e ($815.84 in chips)
Seat 6: 9adc68da ($925.23 in chips)
Seat 7: 6e70874d ($451.31 in chips)
Seat 1: b2e948c0 ($160.42 in chips)
Seat 3: Hero ($350.22 in chips)
Seat 4: f66a86ca ($1,479.86 in chips)
f66a86ca: posts small blind $2
a5ae810e: posts big blind $4
*** HOLE CARDS ***
Dealt to a5ae810e 
Dealt to 9adc68da 
Dealt to 6e70874d 
Dealt to b2e948c0 
Dealt to Hero [6h 9d]
Dealt to f66a86ca 
9adc68da: folds
6e70874d: folds
b2e948c0: folds
Hero: folds
f66a86ca: folds
*** SHOWDOWN ***
a5ae810e collected $6 from pot
*** SUMMARY ***
Total pot $6
Seat 5: a5ae810e(big blind)won ($6)
Seat 6: 9adc68da folded before Flop (didn't bet)
Seat 7: 6e70874d folded before Flop (didn't bet)
Seat 1: b2e948c0 folded before Flop (didn't bet)
Seat 3: Hero folded before Flop (didn't bet)
Seat 4: f66a86ca(small blind) folded before Flop



Poker Hand #ring_900717962: NLH No Limit ($2/$4) - 2025/05/27 02:01:40
Table 'MR NLH 2/4' 7-max Seat #1 is the button
Seat 5: a5ae810e ($815.84 in chips)
Seat 6: 9adc68da ($841.33 in chips)
Seat 7: 6e70874d ($451.31 in chips)
Seat 1: b2e948c0 ($247.42 in chips)
Seat 3: Hero ($352.22 in chips)
Seat 4: f66a86ca ($1,483.86 in chips)
Hero: posts small blind $2
f66a86ca: posts big blind $4
*** HOLE CARDS ***
Dealt to a5ae810e 
Dealt to 9adc68da 
Dealt to 6e70874d 
Dealt to b2e948c0 
Dealt to Hero [Tc 6h]
Dealt to f66a86ca 
a5ae810e: folds
9adc68da: raises $8 to $12
6e70874d: folds
b2e948c0: raises $30 to $42
Hero: folds
f66a86ca: folds
9adc68da: calls $30
*** FLOP *** [5c Th Qs]
9adc68da: checks
b2e948c0: bets $45
9adc68da: calls $45
*** TURN *** [5c Th Qs] [Kd]
9adc68da: checks
b2e948c0: checks
*** RIVER *** [5c Th Qs Kd] [2d]
9adc68da: checks
b2e948c0: checks
b2e948c0: shows [9c 9d]
9adc68da: shows [Qc Jc]
*** SHOWDOWN ***
9adc68da collected $180 from pot
*** SUMMARY ***
Total pot $180
Board [5c Th Qs Kd 2d]
Seat 5: a5ae810e folded before Flop (didn't bet)
Seat 6: 9adc68da showed [Qc Jc] and won ($180) with Pair of Queens
Seat 7: 6e70874d folded before Flop (didn't bet)
Seat 1: b2e948c0 showed [9c 9d] and lost with Pair of Nines
Seat 3: Hero(small blind) folded before Flop
Seat 4: f66a86ca(big blind) folded before Flop



Poker Hand #ring_900717115: NLH No Limit ($2/$4) - 2025/05/27 02:01:06
Table 'MR NLH 2/4' 7-max Seat #7 is the button
Seat 5: a5ae810e ($815.84 in chips)
Seat 6: 9adc68da ($835.33 in chips)
Seat 7: 6e70874d ($451.31 in chips)
Seat 1: b2e948c0 ($249.42 in chips)
Seat 3: Hero ($356.22 in chips)
Seat 4: f66a86ca ($1,483.86 in chips)
b2e948c0: posts small blind $2
Hero: posts big blind $4
*** HOLE CARDS ***
Dealt to a5ae810e 
Dealt to 9adc68da 
Dealt to 6e70874d 
Dealt to b2e948c0 
Dealt to Hero [4c 5h]
Dealt to f66a86ca 
f66a86ca: folds
a5ae810e: folds
9adc68da: raises $8 to $12
6e70874d: folds
b2e948c0: folds
Hero: folds
Uncalled bet ($8) returned to 9adc68da
*** SHOWDOWN ***
9adc68da collected $10 from pot
*** SUMMARY ***
Total pot $10
Seat 5: a5ae810e folded before Flop (didn't bet)
Seat 6: 9adc68dawon ($10)
Seat 7: 6e70874d folded before Flop (didn't bet)
Seat 1: b2e948c0(small blind) folded before Flop
Seat 3: Hero(big blind) folded before Flop
Seat 4: f66a86ca folded before Flop (didn't bet)



Poker Hand #ring_900716369: NLH No Limit ($2/$4) - 2025/05/27 02:00:38
Table 'MR NLH 2/4' 7-max Seat #6 is the button
Seat 5: a5ae810e ($815.84 in chips)
Seat 6: 9adc68da ($835.33 in chips)
Seat 7: 6e70874d ($453.31 in chips)
Seat 1: b2e948c0 ($247.42 in chips)
Seat 3: Hero ($356.22 in chips)
Seat 4: f66a86ca ($1,483.86 in chips)
6e70874d: posts small blind $2
b2e948c0: posts big blind $4
*** HOLE CARDS ***
Dealt to a5ae810e 
Dealt to 9adc68da 
Dealt to 6e70874d 
Dealt to b2e948c0 
Dealt to Hero [9s 4d]
Dealt to f66a86ca 
Hero: folds
f66a86ca: folds
a5ae810e: folds
9adc68da: folds
6e70874d: folds
*** SHOWDOWN ***
b2e948c0 collected $6 from pot
*** SUMMARY ***
Total pot $6
Seat 5: a5ae810e folded before Flop (didn't bet)
Seat 6: 9adc68da folded before Flop (didn't bet)
Seat 7: 6e70874d(small blind) folded before Flop
Seat 1: b2e948c0(big blind)won ($6)
Seat 3: Hero folded before Flop (didn't bet)
Seat 4: f66a86ca folded before Flop (didn't bet)



Poker Hand #ring_900714226: NLH No Limit ($2/$4) - 2025/05/27 01:59:15
Table 'MR NLH 2/4' 7-max Seat #5 is the button
Seat 5: a5ae810e ($815.84 in chips)
Seat 6: 9adc68da ($845.33 in chips)
Seat 7: 6e70874d ($368 in chips)
Seat 1: b2e948c0 ($184.27 in chips)
Seat 3: Hero ($356.22 in chips)
Seat 4: f66a86ca ($1,483.86 in chips)
9adc68da: posts small blind $2
6e70874d: posts big blind $4
*** HOLE CARDS ***
Dealt to a5ae810e 
Dealt to 9adc68da 
Dealt to 6e70874d 
Dealt to b2e948c0 
Dealt to Hero [Ts Kh]
Dealt to f66a86ca 
b2e948c0: raises $6 to $10
Hero: folds
f66a86ca: folds
a5ae810e: folds
9adc68da: calls $8
6e70874d: raises $30 to $40
b2e948c0: calls $30
9adc68da: folds
*** FLOP *** [6h Ah 5h]
6e70874d: bets $20
b2e948c0: raises $65 to $85
6e70874d: folds
Uncalled bet ($65) returned to b2e948c0
*** SHOWDOWN ***
b2e948c0 collected $130 from pot
*** SUMMARY ***
Total pot $130
Board [6h Ah 5h]
Seat 5: a5ae810e folded before Flop (didn't bet)
Seat 6: 9adc68da(small blind) folded before Flop
Seat 7: 6e70874d(big blind) folded on the Flop
Seat 1: b2e948c0won ($130) with Ace High Flush
Seat 3: Hero folded before Flop (didn't bet)
Seat 4: f66a86ca folded before Flop (didn't bet)



Poker Hand #ring_900713206: NLH No Limit ($2/$4) - 2025/05/27 01:58:36
Table 'MR NLH 2/4' 7-max Seat #4 is the button
Seat 5: a5ae810e ($817.84 in chips)
Seat 6: 9adc68da ($849.33 in chips)
Seat 1: b2e948c0 ($184.27 in chips)
Seat 3: Hero ($356.22 in chips)
Seat 4: f66a86ca ($1,477.86 in chips)
a5ae810e: posts small blind $2
9adc68da: posts big blind $4
*** HOLE CARDS ***
Dealt to a5ae810e 
Dealt to 9adc68da 
Dealt to b2e948c0 
Dealt to Hero [Jh 4d]
Dealt to f66a86ca 
b2e948c0: folds
Hero: folds
f66a86ca: raises $6 to $10
a5ae810e: folds
9adc68da: folds
Uncalled bet ($6) returned to f66a86ca
*** SHOWDOWN ***
f66a86ca collected $10 from pot
*** SUMMARY ***
Total pot $10
Seat 5: a5ae810e(small blind) folded before Flop
Seat 6: 9adc68da(big blind) folded before Flop
Seat 1: b2e948c0 folded before Flop (didn't bet)
Seat 3: Hero folded before Flop (didn't bet)
Seat 4: f66a86cawon ($10)



Poker Hand #ring_900712482: NLH No Limit ($2/$4) - 2025/05/27 01:58:09
Table 'MR NLH 2/4' 7-max Seat #3 is the button
Seat 5: a5ae810e ($821.84 in chips)
Seat 6: 9adc68da ($843.33 in chips)
Seat 1: b2e948c0 ($184.27 in chips)
Seat 3: Hero ($356.22 in chips)
Seat 4: f66a86ca ($1,479.86 in chips)
f66a86ca: posts small blind $2
a5ae810e: posts big blind $4
*** HOLE CARDS ***
Dealt to a5ae810e 
Dealt to 9adc68da 
Dealt to b2e948c0 
Dealt to Hero [6c 9h]
Dealt to f66a86ca 
9adc68da: raises $10 to $14
b2e948c0: folds
Hero: folds
f66a86ca: folds
a5ae810e: folds
Uncalled bet ($10) returned to 9adc68da
*** SHOWDOWN ***
9adc68da collected $10 from pot
*** SUMMARY ***
Total pot $10
Seat 5: a5ae810e(big blind) folded before Flop
Seat 6: 9adc68dawon ($10)
Seat 1: b2e948c0 folded before Flop (didn't bet)
Seat 3: Hero folded before Flop (didn't bet)
Seat 4: f66a86ca(small blind) folded before Flop



Poker Hand #ring_900710748: NLH No Limit ($2/$4) - 2025/05/27 01:57:02
Table 'MR NLH 2/4' 7-max Seat #1 is the button
Seat 5: a5ae810e ($821.84 in chips)
Seat 6: 9adc68da ($843.33 in chips)
Seat 1: b2e948c0 ($173.26 in chips)
Seat 3: Hero ($358.22 in chips)
Seat 4: f66a86ca ($1,489.86 in chips)
Hero: posts small blind $2
f66a86ca: posts big blind $4
*** HOLE CARDS ***
Dealt to a5ae810e 
Dealt to 9adc68da 
Dealt to b2e948c0 
Dealt to Hero [7h Ad]
Dealt to f66a86ca 
a5ae810e: folds
9adc68da: folds
b2e948c0: raises $6 to $10
Hero: folds
f66a86ca: calls $6
*** FLOP *** [Jh Qh 8h]
f66a86ca: checks
b2e948c0: checks
*** TURN *** [Jh Qh 8h] [Jc]
f66a86ca: checks
b2e948c0: bets $11
f66a86ca: folds
Uncalled bet ($11) returned to b2e948c0
*** SHOWDOWN ***
b2e948c0 collected $22 from pot
*** SUMMARY ***
Total pot $22
Board [Jh Qh 8h Jc]
Seat 5: a5ae810e folded before Flop (didn't bet)
Seat 6: 9adc68da folded before Flop (didn't bet)
Seat 1: b2e948c0won ($22) with Pair of Jacks
Seat 3: Hero(small blind) folded before Flop
Seat 4: f66a86ca(big blind) folded on the Turn



Poker Hand #ring_900708955: NLH No Limit ($2/$4) - 2025/05/27 01:55:53
Table 'MR NLH 2/4' 7-max Seat #6 is the button
Seat 5: a5ae810e ($821.84 in chips)
Seat 6: 9adc68da ($843.33 in chips)
Seat 1: b2e948c0 ($154 in chips)
Seat 3: Hero ($362.22 in chips)
Seat 4: f66a86ca ($1,506.82 in chips)
b2e948c0: posts small blind $2
Hero: posts big blind $4
*** HOLE CARDS ***
Dealt to a5ae810e 
Dealt to 9adc68da 
Dealt to b2e948c0 
Dealt to Hero [4d Tc]
Dealt to f66a86ca 
f66a86ca: raises $6 to $10
a5ae810e: folds
9adc68da: folds
b2e948c0: calls $8
Hero: folds
*** FLOP *** [Ah Ks 6c]
b2e948c0: checks
f66a86ca: bets $6.96
b2e948c0: calls $6.96
*** TURN *** [Ah Ks 6c] [3s]
b2e948c0: bets $18.96
f66a86ca: folds
Uncalled bet ($18.96) returned to b2e948c0
*** SHOWDOWN ***
b2e948c0 collected $37.92 from pot
*** SUMMARY ***
Total pot $37.92
Board [Ah Ks 6c 3s]
Seat 5: a5ae810e folded before Flop (didn't bet)
Seat 6: 9adc68da folded before Flop (didn't bet)
Seat 1: b2e948c0(small blind)won ($37.92) with Ace-High
Seat 3: Hero(big blind) folded before Flop
Seat 4: f66a86ca folded on the Turn



Poker Hand #ring_900708395: NLH No Limit ($2/$4) - 2025/05/27 01:55:31
Table 'MR NLH 2/4' 7-max Seat #5 is the button
Seat 5: a5ae810e ($821.84 in chips)
Seat 6: 9adc68da ($845.33 in chips)
Seat 1: b2e948c0 ($152 in chips)
Seat 3: Hero ($362.22 in chips)
Seat 4: f66a86ca ($1,506.82 in chips)
9adc68da: posts small blind $2
b2e948c0: posts big blind $4
*** HOLE CARDS ***
Dealt to a5ae810e 
Dealt to 9adc68da 
Dealt to b2e948c0 
Dealt to Hero [Qh 6s]
Dealt to f66a86ca 
Hero: folds
f66a86ca: folds
a5ae810e: folds
9adc68da: folds
*** SHOWDOWN ***
b2e948c0 collected $6 from pot
*** SUMMARY ***
Total pot $6
Seat 5: a5ae810e folded before Flop (didn't bet)
Seat 6: 9adc68da(small blind) folded before Flop
Seat 1: b2e948c0(big blind)won ($6)
Seat 3: Hero folded before Flop (didn't bet)
Seat 4: f66a86ca folded before Flop (didn't bet)



Poker Hand #ring_900707962: NLH No Limit ($2/$4) - 2025/05/27 01:55:15
Table 'MR NLH 2/4' 7-max Seat #4 is the button
Seat 5: a5ae810e ($823.84 in chips)
Seat 6: 9adc68da ($843.33 in chips)
Seat 1: b2e948c0 ($152 in chips)
Seat 3: Hero ($362.22 in chips)
Seat 4: f66a86ca ($1,506.82 in chips)
a5ae810e: posts small blind $2
9adc68da: posts big blind $4
*** HOLE CARDS ***
Dealt to a5ae810e 
Dealt to 9adc68da 
Dealt to b2e948c0 
Dealt to Hero [2c Kh]
Dealt to f66a86ca 
b2e948c0: folds
Hero: folds
f66a86ca: folds
a5ae810e: folds
*** SHOWDOWN ***
9adc68da collected $6 from pot
*** SUMMARY ***
Total pot $6
Seat 5: a5ae810e(small blind) folded before Flop
Seat 6: 9adc68da(big blind)won ($6)
Seat 1: b2e948c0 folded before Flop (didn't bet)
Seat 3: Hero folded before Flop (didn't bet)
Seat 4: f66a86ca folded before Flop (didn't bet)



Poker Hand #ring_900705884: NLH No Limit ($2/$4) - 2025/05/27 01:53:56
Table 'MR NLH 2/4' 7-max Seat #3 is the button
Seat 5: a5ae810e ($827.84 in chips)
Seat 6: 9adc68da ($704.83 in chips)
Seat 1: b2e948c0 ($152 in chips)
Seat 3: Hero ($509.22 in chips)
Seat 4: f66a86ca ($1,508.82 in chips)
f66a86ca: posts small blind $2
a5ae810e: posts big blind $4
*** HOLE CARDS ***
Dealt to a5ae810e 
Dealt to 9adc68da 
Dealt to b2e948c0 
Dealt to Hero [Jc Kc]
Dealt to f66a86ca 
9adc68da: raises $8 to $12
b2e948c0: folds
Hero: calls $12
f66a86ca: folds
a5ae810e: folds
*** FLOP *** [5h 4s Jh]
9adc68da: bets $15
Hero: calls $15
*** TURN *** [5h 4s Jh] [8d]
9adc68da: bets $45
Hero: calls $45
*** RIVER *** [5h 4s Jh 8d] [6d]
9adc68da: bets $75
Hero: calls $75
Hero: shows [Jc Kc]
9adc68da: shows [Ac As]
*** SHOWDOWN ***
9adc68da collected $300 from pot
*** SUMMARY ***
Total pot $300
Board [5h 4s Jh 8d 6d]
Seat 5: a5ae810e(big blind) folded before Flop
Seat 6: 9adc68da showed [Ac As] and won ($300) with Pair of Aces
Seat 1: b2e948c0 folded before Flop (didn't bet)
Seat 3: Hero showed [Jc Kc] and lost with Pair of Jacks
Seat 4: f66a86ca(small blind) folded before Flop



Poker Hand #ring_900705034: NLH No Limit ($2/$4) - 2025/05/27 01:53:25
Table 'MR NLH 2/4' 7-max Seat #1 is the button
Seat 5: a5ae810e ($827.84 in chips)
Seat 6: 9adc68da ($698.83 in chips)
Seat 1: b2e948c0 ($152 in chips)
Seat 3: Hero ($511.22 in chips)
Seat 4: f66a86ca ($1,512.82 in chips)
Hero: posts small blind $2
f66a86ca: posts big blind $4
*** HOLE CARDS ***
Dealt to a5ae810e 
Dealt to 9adc68da 
Dealt to b2e948c0 
Dealt to Hero [Th Ks]
Dealt to f66a86ca 
a5ae810e: folds
9adc68da: raises $8 to $12
b2e948c0: folds
Hero: folds
f66a86ca: folds
Uncalled bet ($8) returned to 9adc68da
*** SHOWDOWN ***
9adc68da collected $10 from pot
*** SUMMARY ***
Total pot $10
Seat 5: a5ae810e folded before Flop (didn't bet)
Seat 6: 9adc68dawon ($10)
Seat 1: b2e948c0 folded before Flop (didn't bet)
Seat 3: Hero(small blind) folded before Flop
Seat 4: f66a86ca(big blind) folded before Flop



Poker Hand #ring_900703779: NLH No Limit ($2/$4) - 2025/05/27 01:52:36
Table 'MR NLH 2/4' 7-max Seat #6 is the button
Seat 5: a5ae810e ($827.84 in chips)
Seat 6: 9adc68da ($710.83 in chips)
Seat 1: b2e948c0 ($154 in chips)
Seat 3: Hero ($497.22 in chips)
Seat 4: f66a86ca ($1,512.82 in chips)
b2e948c0: posts small blind $2
Hero: posts big blind $4
*** HOLE CARDS ***
Dealt to a5ae810e 
Dealt to 9adc68da 
Dealt to b2e948c0 
Dealt to Hero [Jh Th]
Dealt to f66a86ca 
f66a86ca: folds
a5ae810e: folds
9adc68da: raises $8 to $12
b2e948c0: folds
Hero: raises $20.8 to $32.8
9adc68da: folds
Uncalled bet ($20.8) returned to Hero
*** SHOWDOWN ***
Hero collected $26 from pot
*** SUMMARY ***
Total pot $26
Seat 5: a5ae810e folded before Flop (didn't bet)
Seat 6: 9adc68da folded before Flop
Seat 1: b2e948c0(small blind) folded before Flop
Seat 3: Hero(big blind)won ($26)
Seat 4: f66a86ca folded before Flop (didn't bet)



Poker Hand #ring_900702504: NLH No Limit ($2/$4) - 2025/05/27 01:51:47
Table 'MR NLH 2/4' 7-max Seat #5 is the button
Seat 5: a5ae810e ($818.65 in chips)
Seat 6: 9adc68da ($712.83 in chips)
Seat 1: b2e948c0 ($162 in chips)
Seat 3: Hero ($497.22 in chips)
Seat 4: f66a86ca ($1,512.82 in chips)
9adc68da: posts small blind $2
b2e948c0: posts big blind $4
*** HOLE CARDS ***
Dealt to a5ae810e 
Dealt to 9adc68da 
Dealt to b2e948c0 
Dealt to Hero [Kd 6h]
Dealt to f66a86ca 
Hero: folds
f66a86ca: folds
a5ae810e: raises $4 to $8
9adc68da: folds
b2e948c0: calls $4
*** FLOP *** [9h 6d Ah]
b2e948c0: checks
a5ae810e: bets $12
b2e948c0: folds
Uncalled bet ($12) returned to a5ae810e
*** SHOWDOWN ***
a5ae810e collected $18 from pot
*** SUMMARY ***
Total pot $18
Board [9h 6d Ah]
Seat 5: a5ae810ewon ($18) with Ace-High
Seat 6: 9adc68da(small blind) folded before Flop
Seat 1: b2e948c0(big blind) folded on the Flop
Seat 3: Hero folded before Flop (didn't bet)
Seat 4: f66a86ca folded before Flop (didn't bet)



Poker Hand #ring_900700782: NLH No Limit ($2/$4) - 2025/05/27 01:50:41
Table 'MR NLH 2/4' 7-max Seat #4 is the button
Seat 5: a5ae810e ($800 in chips)
Seat 6: 9adc68da ($722.83 in chips)
Seat 1: b2e948c0 ($162 in chips)
Seat 3: Hero ($497.22 in chips)
Seat 4: f66a86ca ($1,522.82 in chips)
a5ae810e: posts small blind $2
9adc68da: posts big blind $4
*** HOLE CARDS ***
Dealt to a5ae810e 
Dealt to 9adc68da 
Dealt to b2e948c0 
Dealt to Hero [Ad 2s]
Dealt to f66a86ca 
b2e948c0: folds
Hero: folds
f66a86ca: raises $6 to $10
a5ae810e: calls $8
9adc68da: calls $6
*** FLOP *** [9s 9h 5d]
a5ae810e: checks
9adc68da: checks
f66a86ca: checks
*** TURN *** [9s 9h 5d] [2c]
a5ae810e: bets $20
9adc68da: folds
f66a86ca: folds
Uncalled bet ($20) returned to a5ae810e
*** SHOWDOWN ***
a5ae810e collected $30 from pot
*** SUMMARY ***
Total pot $30
Board [9s 9h 5d 2c]
Seat 5: a5ae810e(small blind)won ($30) with Pair of Nines
Seat 6: 9adc68da(big blind) folded on the Turn
Seat 1: b2e948c0 folded before Flop (didn't bet)
Seat 3: Hero folded before Flop (didn't bet)
Seat 4: f66a86ca folded on the Turn



Poker Hand #ring_900699643: NLH No Limit ($2/$4) - 2025/05/27 01:49:59
Table 'MR NLH 2/4' 7-max Seat #3 is the button
Seat 5: a5ae810e ($800 in chips)
Seat 6: 9adc68da ($722.83 in chips)
Seat 1: b2e948c0 ($156 in chips)
Seat 3: Hero ($497.22 in chips)
Seat 4: f66a86ca ($1,524.82 in chips)
f66a86ca: posts small blind $2
a5ae810e: posts big blind $4
*** HOLE CARDS ***
Dealt to a5ae810e 
Dealt to 9adc68da 
Dealt to b2e948c0 
Dealt to Hero [3d 9d]
Dealt to f66a86ca 
9adc68da: folds
b2e948c0: raises $6 to $10
Hero: folds
f66a86ca: folds
a5ae810e: folds
Uncalled bet ($6) returned to b2e948c0
*** SHOWDOWN ***
b2e948c0 collected $10 from pot
*** SUMMARY ***
Total pot $10
Seat 5: a5ae810e(big blind) folded before Flop
Seat 6: 9adc68da folded before Flop (didn't bet)
Seat 1: b2e948c0won ($10)
Seat 3: Hero folded before Flop (didn't bet)
Seat 4: f66a86ca(small blind) folded before Flop



Poker Hand #ring_900698627: NLH No Limit ($2/$4) - 2025/05/27 01:49:19
Table 'MR NLH 2/4' 7-max Seat #1 is the button
Seat 5: a5ae810e ($800 in chips)
Seat 6: 9adc68da ($722.83 in chips)
Seat 1: b2e948c0 ($138 in chips)
Seat 3: Hero ($499.22 in chips)
Seat 4: f66a86ca ($1,528.82 in chips)
Hero: posts small blind $2
f66a86ca: posts big blind $4
*** HOLE CARDS ***
Dealt to a5ae810e 
Dealt to 9adc68da 
Dealt to b2e948c0 
Dealt to Hero [2h Ks]
Dealt to f66a86ca 
a5ae810e: raises $8 to $12
9adc68da: folds
b2e948c0: raises $30 to $42
Hero: folds
f66a86ca: folds
a5ae810e: folds
Uncalled bet ($30) returned to b2e948c0
*** SHOWDOWN ***
b2e948c0 collected $30 from pot
*** SUMMARY ***
Total pot $30
Seat 5: a5ae810e folded before Flop
Seat 6: 9adc68da folded before Flop (didn't bet)
Seat 1: b2e948c0won ($30)
Seat 3: Hero(small blind) folded before Flop
Seat 4: f66a86ca(big blind) folded before Flop



Poker Hand #ring_900696353: NLH No Limit ($2/$4) - 2025/05/27 01:47:54
Table 'MR NLH 2/4' 7-max Seat #6 is the button
Seat 5: a5ae810e ($800 in chips)
Seat 6: 9adc68da ($688.71 in chips)
Seat 1: b2e948c0 ($140 in chips)
Seat 3: Hero ($509.22 in chips)
Seat 4: f66a86ca ($1,554.82 in chips)
b2e948c0: posts small blind $2
Hero: posts big blind $4
*** HOLE CARDS ***
Dealt to a5ae810e 
Dealt to 9adc68da 
Dealt to b2e948c0 
Dealt to Hero [Kh 8h]
Dealt to f66a86ca 
f66a86ca: raises $6 to $10
a5ae810e: folds
9adc68da: calls $10
b2e948c0: folds
Hero: calls $6
*** FLOP *** [6c Jc 3s]
Hero: checks
f66a86ca: checks
9adc68da: bets $16
Hero: folds
f66a86ca: calls $16
*** TURN *** [6c Jc 3s] [8d]
f66a86ca: checks
9adc68da: checks
*** RIVER *** [6c Jc 3s 8d] [9d]
f66a86ca: checks
9adc68da: checks
f66a86ca: shows [6s Ks]
9adc68da: shows [9s Ac]
*** SHOWDOWN ***
9adc68da collected $64 from pot
*** SUMMARY ***
Total pot $64
Board [6c Jc 3s 8d 9d]
Seat 5: a5ae810e folded before Flop (didn't bet)
Seat 6: 9adc68da showed [9s Ac] and won ($64) with Pair of Nines
Seat 1: b2e948c0(small blind) folded before Flop
Seat 3: Hero(big blind) folded on the Flop
Seat 4: f66a86ca showed [6s Ks] and lost with Pair of Sixes



Poker Hand #ring_900694015: NLH No Limit ($2/$4) - 2025/05/27 01:46:27
Table 'MR NLH 2/4' 7-max Seat #5 is the button
Seat 5: a5ae810e ($901.81 in chips)
Seat 6: 9adc68da ($567.41 in chips)
Seat 1: b2e948c0 ($148 in chips)
Seat 3: Hero ($509.22 in chips)
Seat 4: f66a86ca ($1,554.82 in chips)
9adc68da: posts small blind $2
b2e948c0: posts big blind $4
*** HOLE CARDS ***
Dealt to a5ae810e 
Dealt to 9adc68da 
Dealt to b2e948c0 
Dealt to Hero [5c As]
Dealt to f66a86ca 
Hero: folds
f66a86ca: folds
a5ae810e: raises $4 to $8
9adc68da: calls $6
b2e948c0: calls $4
*** FLOP *** [9d 3s Qd]
9adc68da: bets $12
b2e948c0: folds
a5ae810e: raises $28 to $40
9adc68da: raises $78 to $118
a5ae810e: calls $78
*** TURN *** [9d 3s Qd] [6d]
9adc68da: checks
a5ae810e: checks
*** RIVER *** [9d 3s Qd 6d] [6c]
9adc68da: bets $195
a5ae810e: folds
Uncalled bet ($195) returned to 9adc68da
*** SHOWDOWN ***
9adc68da collected $260 from pot
*** SUMMARY ***
Total pot $260
Board [9d 3s Qd 6d 6c]
Seat 5: a5ae810e folded on the River
Seat 6: 9adc68da(small blind)won ($260) with Queen High Flush
Seat 1: b2e948c0(big blind) folded on the Flop
Seat 3: Hero folded before Flop (didn't bet)
Seat 4: f66a86ca folded before Flop (didn't bet)



Poker Hand #ring_900693346: NLH No Limit ($2/$4) - 2025/05/27 01:46:02
Table 'MR NLH 2/4' 7-max Seat #4 is the button
Seat 5: a5ae810e ($897.81 in chips)
Seat 6: 9adc68da ($571.41 in chips)
Seat 1: b2e948c0 ($148 in chips)
Seat 3: Hero ($509.22 in chips)
Seat 4: f66a86ca ($1,554.82 in chips)
a5ae810e: posts small blind $2
9adc68da: posts big blind $4
*** HOLE CARDS ***
Dealt to a5ae810e 
Dealt to 9adc68da 
Dealt to b2e948c0 
Dealt to Hero [As 8d]
Dealt to f66a86ca 
b2e948c0: folds
Hero: folds
f66a86ca: folds
a5ae810e: raises $4 to $8
9adc68da: folds
Uncalled bet ($4) returned to a5ae810e
*** SHOWDOWN ***
a5ae810e collected $8 from pot
*** SUMMARY ***
Total pot $8
Seat 5: a5ae810e(small blind)won ($8)
Seat 6: 9adc68da(big blind) folded before Flop
Seat 1: b2e948c0 folded before Flop (didn't bet)
Seat 3: Hero folded before Flop (didn't bet)
Seat 4: f66a86ca folded before Flop (didn't bet)



Poker Hand #ring_900692164: NLH No Limit ($2/$4) - 2025/05/27 01:45:19
Table 'MR NLH 2/4' 7-max Seat #3 is the button
Seat 5: a5ae810e ($909.81 in chips)
Seat 6: 9adc68da ($571.41 in chips)
Seat 1: b2e948c0 ($148 in chips)
Seat 3: Hero ($496.39 in chips)
Seat 4: f66a86ca ($1,556.82 in chips)
f66a86ca: posts small blind $2
a5ae810e: posts big blind $4
*** HOLE CARDS ***
Dealt to a5ae810e 
Dealt to 9adc68da 
Dealt to b2e948c0 
Dealt to Hero [Jh Js]
Dealt to f66a86ca 
9adc68da: folds
b2e948c0: folds
Hero: raises $8 to $12
f66a86ca: folds
a5ae810e: calls $8
*** FLOP *** [7d Kc 9h]
a5ae810e: checks
Hero: bets $13
a5ae810e: folds
Uncalled bet ($13) returned to Hero
*** SHOWDOWN ***
Hero collected $26 from pot
*** SUMMARY ***
Total pot $26
Board [7d Kc 9h]
Seat 5: a5ae810e(big blind) folded on the Flop
Seat 6: 9adc68da folded before Flop (didn't bet)
Seat 1: b2e948c0 folded before Flop (didn't bet)
Seat 3: Herowon ($26) with Pair of Jacks
Seat 4: f66a86ca(small blind) folded before Flop



Poker Hand #ring_900690722: NLH No Limit ($2/$4) - 2025/05/27 01:44:26
Table 'MR NLH 2/4' 7-max Seat #1 is the button
Seat 5: a5ae810e ($909.81 in chips)
Seat 6: 9adc68da ($517.41 in chips)
Seat 1: b2e948c0 ($148 in chips)
Seat 3: Hero ($498.39 in chips)
Seat 4: f66a86ca ($1,608.82 in chips)
Hero: posts small blind $2
f66a86ca: posts big blind $4
*** HOLE CARDS ***
Dealt to a5ae810e 
Dealt to 9adc68da 
Dealt to b2e948c0 
Dealt to Hero [4c 7s]
Dealt to f66a86ca 
a5ae810e: folds
9adc68da: raises $8 to $12
b2e948c0: folds
Hero: folds
f66a86ca: raises $40 to $52
9adc68da: raises $79.5 to $131.5
f66a86ca: folds
Uncalled bet ($79.5) returned to 9adc68da
*** SHOWDOWN ***
9adc68da collected $106 from pot
*** SUMMARY ***
Total pot $106
Seat 5: a5ae810e folded before Flop (didn't bet)
Seat 6: 9adc68dawon ($106)
Seat 1: b2e948c0 folded before Flop (didn't bet)
Seat 3: Hero(small blind) folded before Flop
Seat 4: f66a86ca(big blind) folded before Flop



Poker Hand #ring_900689242: NLH No Limit ($2/$4) - 2025/05/27 01:43:32
Table 'MR NLH 2/4' 7-max Seat #6 is the button
Seat 5: a5ae810e ($921.81 in chips)
Seat 6: 9adc68da ($517.41 in chips)
Seat 1: b2e948c0 ($150 in chips)
Seat 3: Hero ($485.56 in chips)
Seat 4: f66a86ca ($1,608.82 in chips)
b2e948c0: posts small blind $2
Hero: posts big blind $4
*** HOLE CARDS ***
Dealt to a5ae810e 
Dealt to 9adc68da 
Dealt to b2e948c0 
Dealt to Hero [3s 4s]
Dealt to f66a86ca 
f66a86ca: folds
a5ae810e: raises $8 to $12
9adc68da: folds
b2e948c0: folds
Hero: calls $8
*** FLOP *** [Ts 3c 5h]
Hero: bets $13
a5ae810e: folds
Uncalled bet ($13) returned to Hero
*** SHOWDOWN ***
Hero collected $26 from pot
*** SUMMARY ***
Total pot $26
Board [Ts 3c 5h]
Seat 5: a5ae810e folded on the Flop
Seat 6: 9adc68da folded before Flop (didn't bet)
Seat 1: b2e948c0(small blind) folded before Flop
Seat 3: Hero(big blind)won ($26) with Pair of Treys
Seat 4: f66a86ca folded before Flop (didn't bet)



Poker Hand #ring_900688565: NLH No Limit ($2/$4) - 2025/05/27 01:43:07
Table 'MR NLH 2/4' 7-max Seat #5 is the button
Seat 5: a5ae810e ($921.81 in chips)
Seat 6: 9adc68da ($519.41 in chips)
Seat 1: b2e948c0 ($154 in chips)
Seat 3: Hero ($479.56 in chips)
Seat 4: f66a86ca ($1,608.82 in chips)
9adc68da: posts small blind $2
b2e948c0: posts big blind $4
*** HOLE CARDS ***
Dealt to a5ae810e 
Dealt to 9adc68da 
Dealt to b2e948c0 
Dealt to Hero [Ad Kc]
Dealt to f66a86ca 
Hero: raises $8 to $12
f66a86ca: folds
a5ae810e: folds
9adc68da: folds
b2e948c0: folds
Uncalled bet ($8) returned to Hero
*** SHOWDOWN ***
Hero collected $10 from pot
*** SUMMARY ***
Total pot $10
Seat 5: a5ae810e folded before Flop (didn't bet)
Seat 6: 9adc68da(small blind) folded before Flop
Seat 1: b2e948c0(big blind) folded before Flop
Seat 3: Herowon ($10)
Seat 4: f66a86ca folded before Flop (didn't bet)



Poker Hand #ring_900687772: NLH No Limit ($2/$4) - 2025/05/27 01:42:39
Table 'MR NLH 2/4' 7-max Seat #4 is the button
Seat 5: a5ae810e ($923.81 in chips)
Seat 6: 9adc68da ($517.41 in chips)
Seat 1: b2e948c0 ($154 in chips)
Seat 3: Hero ($479.56 in chips)
Seat 4: f66a86ca ($1,608.82 in chips)
a5ae810e: posts small blind $2
9adc68da: posts big blind $4
*** HOLE CARDS ***
Dealt to a5ae810e 
Dealt to 9adc68da 
Dealt to b2e948c0 
Dealt to Hero [7h 2s]
Dealt to f66a86ca 
b2e948c0: folds
Hero: folds
f66a86ca: folds
a5ae810e: folds
*** SHOWDOWN ***
9adc68da collected $6 from pot
*** SUMMARY ***
Total pot $6
Seat 5: a5ae810e(small blind) folded before Flop
Seat 6: 9adc68da(big blind)won ($6)
Seat 1: b2e948c0 folded before Flop (didn't bet)
Seat 3: Hero folded before Flop (didn't bet)
Seat 4: f66a86ca folded before Flop (didn't bet)



Poker Hand #ring_900685184: NLH No Limit ($2/$4) - 2025/05/27 01:41:04
Table 'MR NLH 2/4' 7-max Seat #3 is the button
Seat 5: a5ae810e ($917.5 in chips)
Seat 6: 9adc68da ($511.1 in chips)
Seat 1: b2e948c0 ($200 in chips)
Seat 3: Hero ($479.56 in chips)
Seat 4: f66a86ca ($1,610.82 in chips)
f66a86ca: posts small blind $2
a5ae810e: posts big blind $4
b2e948c0: posts big blind $4
*** HOLE CARDS ***
Dealt to a5ae810e 
Dealt to 9adc68da 
Dealt to b2e948c0 
Dealt to Hero [Js 6h]
Dealt to f66a86ca 
9adc68da: raises $14 to $18
b2e948c0: calls $14
Hero: folds
f66a86ca: folds
a5ae810e: calls $14
*** FLOP *** [Ts 5c 8s]
a5ae810e: checks
9adc68da: bets $28
b2e948c0: calls $28
a5ae810e: calls $28
*** TURN *** [Ts 5c 8s] [2d]
a5ae810e: checks
9adc68da: checks
b2e948c0: checks
*** RIVER *** [Ts 5c 8s 2d] [8d]
a5ae810e: checks
9adc68da: bets $105
b2e948c0: folds
a5ae810e: raises $207 to $312
9adc68da: calls $207
a5ae810e: shows [Kc 8c]
9adc68da: shows [Ks 8h]
*** SHOWDOWN ***
a5ae810e collected $382 from pot
9adc68da collected $382 from pot
*** SUMMARY ***
Total pot $764
Board [Ts 5c 8s 2d 8d]
Seat 5: a5ae810e(big blind) showed [Kc 8c] and won ($382) with Three Eights
Seat 6: 9adc68da showed [Ks 8h] and won ($382) with Three Eights
Seat 1: b2e948c0 folded on the River
Seat 3: Hero folded before Flop (didn't bet)
Seat 4: f66a86ca(small blind) folded before Flop



Poker Hand #ring_900684334: NLH No Limit ($2/$4) - 2025/05/27 01:40:31
Table 'MR NLH 2/4' 7-max Seat #6 is the button
Seat 5: a5ae810e ($917.5 in chips)
Seat 6: 9adc68da ($511.1 in chips)
Seat 3: Hero ($475.56 in chips)
Seat 4: f66a86ca ($1,614.82 in chips)
Hero: posts small blind $2
f66a86ca: posts big blind $4
*** HOLE CARDS ***
Dealt to a5ae810e 
Dealt to 9adc68da 
Dealt to Hero [2s 2h]
Dealt to f66a86ca 
a5ae810e: folds
9adc68da: folds
Hero: raises $8 to $12
f66a86ca: folds
Uncalled bet ($8) returned to Hero
*** SHOWDOWN ***
Hero collected $8 from pot
*** SUMMARY ***
Total pot $8
Seat 5: a5ae810e folded before Flop (didn't bet)
Seat 6: 9adc68da folded before Flop (didn't bet)
Seat 3: Hero(small blind)won ($8)
Seat 4: f66a86ca(big blind) folded before Flop



Poker Hand #ring_900682664: NLH No Limit ($2/$4) - 2025/05/27 01:39:31
Table 'MR NLH 2/4' 7-max Seat #5 is the button
Seat 5: a5ae810e ($917.5 in chips)
Seat 6: 9adc68da ($571.1 in chips)
Seat 3: Hero ($421.96 in chips)
Seat 4: f66a86ca ($1,614.82 in chips)
9adc68da: posts small blind $2
Hero: posts big blind $4
*** HOLE CARDS ***
Dealt to a5ae810e 
Dealt to 9adc68da 
Dealt to Hero [Kh 3h]
Dealt to f66a86ca 
f66a86ca: folds
a5ae810e: folds
9adc68da: raises $8 to $12
Hero: calls $8
*** FLOP *** [4d 5c Kd]
9adc68da: bets $12
Hero: calls $12
*** TURN *** [4d 5c Kd] [Ad]
9adc68da: bets $36
Hero: calls $36
*** RIVER *** [4d 5c Kd Ad] [2d]
9adc68da: checks
Hero: checks
Hero: shows [Kh 3h]
9adc68da: shows [As Kc]
*** SHOWDOWN ***
Hero collected $120 from pot
*** SUMMARY ***
Total pot $120
Board [4d 5c Kd Ad 2d]
Seat 5: a5ae810e folded before Flop (didn't bet)
Seat 6: 9adc68da(small blind) showed [As Kc] and lost with Pair of Aces and Pair of Kings
Seat 3: Hero(big blind) showed [Kh 3h] and won ($120) with Fives-High Straight
Seat 4: f66a86ca folded before Flop (didn't bet)



Poker Hand #ring_900680428: NLH No Limit ($2/$4) - 2025/05/27 01:38:11
Table 'MR NLH 2/4' 7-max Seat #4 is the button
Seat 5: a5ae810e ($800 in chips)
Seat 6: 9adc68da ($678.6 in chips)
Seat 3: Hero ($421.96 in chips)
Seat 4: f66a86ca ($1,624.82 in chips)
a5ae810e: posts small blind $2
9adc68da: posts big blind $4
*** HOLE CARDS ***
Dealt to a5ae810e 
Dealt to 9adc68da 
Dealt to Hero [8h 4h]
Dealt to f66a86ca 
Hero: folds
f66a86ca: raises $6 to $10
a5ae810e: raises $30 to $40
9adc68da: raises $67.5 to $107.5
f66a86ca: folds
a5ae810e: raises $692.5 to $800 and is all-in
9adc68da: folds
Uncalled bet ($692.5) returned to a5ae810e
*** SHOWDOWN ***
a5ae810e collected $225 from pot
*** SUMMARY ***
Total pot $225
Seat 5: a5ae810e(small blind)won ($225)
Seat 6: 9adc68da(big blind) folded before Flop
Seat 3: Hero folded before Flop (didn't bet)
Seat 4: f66a86ca folded before Flop



Poker Hand #ring_900680056: NLH No Limit ($2/$4) - 2025/05/27 01:37:58
Table 'MR NLH 2/4' 7-max Seat #3 is the button
Seat 5: a5ae810e ($798 in chips)
Seat 6: 9adc68da ($678.6 in chips)
Seat 3: Hero ($421.96 in chips)
Seat 4: f66a86ca ($1,626.82 in chips)
f66a86ca: posts small blind $2
a5ae810e: posts big blind $4
*** HOLE CARDS ***
Dealt to a5ae810e 
Dealt to 9adc68da 
Dealt to Hero [Qh 4s]
Dealt to f66a86ca 
9adc68da: folds
Hero: folds
f66a86ca: folds
*** SHOWDOWN ***
a5ae810e collected $6 from pot
*** SUMMARY ***
Total pot $6
Seat 5: a5ae810e(big blind)won ($6)
Seat 6: 9adc68da folded before Flop (didn't bet)
Seat 3: Hero folded before Flop (didn't bet)
Seat 4: f66a86ca(small blind) folded before Flop



Poker Hand #ring_900678590: NLH No Limit ($2/$4) - 2025/05/27 01:37:04
Table 'MR NLH 2/4' 7-max Seat #6 is the button
Seat 5: a5ae810e ($798 in chips)
Seat 6: 9adc68da ($699.84 in chips)
Seat 3: Hero ($399.81 in chips)
Seat 4: f66a86ca ($1,630.82 in chips)
Hero: posts small blind $2
f66a86ca: posts big blind $4
*** HOLE CARDS ***
Dealt to a5ae810e 
Dealt to 9adc68da 
Dealt to Hero [6h 6s]
Dealt to f66a86ca 
a5ae810e: folds
9adc68da: raises $8 to $12
Hero: calls $10
f66a86ca: folds
*** FLOP *** [Kd 7d Kh]
Hero: checks
9adc68da: bets $9.24
Hero: calls $9.24
*** TURN *** [Kd 7d Kh] [Js]
Hero: bets $23.24
9adc68da: folds
Uncalled bet ($23.24) returned to Hero
*** SHOWDOWN ***
Hero collected $46.48 from pot
*** SUMMARY ***
Total pot $46.48
Board [Kd 7d Kh Js]
Seat 5: a5ae810e folded before Flop (didn't bet)
Seat 6: 9adc68da folded on the Turn
Seat 3: Hero(small blind)won ($46.48) with Pair of Kings and Pair of Sixes
Seat 4: f66a86ca(big blind) folded before Flop



Poker Hand #ring_900677836: NLH No Limit ($2/$4) - 2025/05/27 01:36:36
Table 'MR NLH 2/4' 7-max Seat #5 is the button
Seat 5: a5ae810e ($798 in chips)
Seat 6: 9adc68da ($701.84 in chips)
Seat 3: Hero ($397.81 in chips)
Seat 4: f66a86ca ($1,630.82 in chips)
9adc68da: posts small blind $2
Hero: posts big blind $4
*** HOLE CARDS ***
Dealt to a5ae810e 
Dealt to 9adc68da 
Dealt to Hero [Ad Ah]
Dealt to f66a86ca 
f66a86ca: folds
a5ae810e: folds
9adc68da: folds
*** SHOWDOWN ***
Hero collected $6 from pot
*** SUMMARY ***
Total pot $6
Seat 5: a5ae810e folded before Flop (didn't bet)
Seat 6: 9adc68da(small blind) folded before Flop
Seat 3: Hero(big blind)won ($6)
Seat 4: f66a86ca folded before Flop (didn't bet)



