Poker Hand #ring_883683998: NLH No Limit ($2/$4) - 2025/05/18 02:07:18
Table 'MR NLH 2/4' 7-max Seat #1 is the button
Seat 3: ad56483 ($835.32 in chips)
Seat 6: 63cc27fb ($899.19 in chips)
Seat 7: d0325766 ($312.68 in chips)
Seat 5: 70eb0402 ($952 in chips)
Seat 2: d6953ba3 ($800 in chips)
Seat 4: Hero ($529.48 in chips)
Seat 1: a66b26bd ($425.69 in chips)
d6953ba3: posts small blind $2
ad56483: posts big blind $4
*** HOLE CARDS ***
Dealt to ad56483 
Dealt to 63cc27fb 
Dealt to d0325766 
Dealt to 70eb0402 
Dealt to d6953ba3 
Dealt to Hero [2c 2d]
Dealt to a66b26bd 
Hero: raises $8 to $12
70eb0402: folds
63cc27fb: folds
d0325766: folds
a66b26bd: folds
d6953ba3: folds
ad56483: folds
Uncalled bet ($8) returned to Hero
*** SHOWDOWN ***
Hero collected $10 from pot
*** SUMMARY ***
Total pot $10
Seat 3: ad56483(big blind) folded before Flop
Seat 6: 63cc27fb folded before Flop (didn't bet)
Seat 7: d0325766 folded before Flop (didn't bet)
Seat 5: 70eb0402 folded before Flop (didn't bet)
Seat 2: d6953ba3(small blind) folded before Flop
Seat 4: Herowon ($10)
Seat 1: a66b26bd folded before Flop (didn't bet)



Poker Hand #ring_883682423: NLH No Limit ($2/$4) - 2025/05/18 02:06:14
Table 'MR NLH 2/4' 7-max Seat #7 is the button
Seat 3: ad56483 ($788 in chips)
Seat 6: 63cc27fb ($899.19 in chips)
Seat 7: d0325766 ($312.68 in chips)
Seat 5: 70eb0402 ($952 in chips)
Seat 2: d6953ba3 ($800 in chips)
Seat 4: Hero ($529.48 in chips)
Seat 1: a66b26bd ($427.69 in chips)
a66b26bd: posts small blind $2
d6953ba3: posts big blind $4
*** HOLE CARDS ***
Dealt to ad56483 
Dealt to 63cc27fb 
Dealt to d0325766 
Dealt to 70eb0402 
Dealt to d6953ba3 
Dealt to Hero [Ac 2d]
Dealt to a66b26bd 
ad56483: raises $8 to $12
Hero: folds
70eb0402: folds
63cc27fb: folds
d0325766: folds
a66b26bd: folds
d6953ba3: calls $8
*** FLOP *** [2h Qc 5s]
d6953ba3: checks
ad56483: bets $13
d6953ba3: calls $13
*** TURN *** [2h Qc 5s] [6c]
d6953ba3: checks
ad56483: bets $26
d6953ba3: calls $26
*** RIVER *** [2h Qc 5s 6c] [3h]
d6953ba3: checks
ad56483: bets $52
d6953ba3: folds
Uncalled bet ($52) returned to ad56483
*** SHOWDOWN ***
ad56483 collected $104 from pot
*** SUMMARY ***
Total pot $104
Board [2h Qc 5s 6c 3h]
Seat 3: ad56483won ($104) with Pair of Queens
Seat 6: 63cc27fb folded before Flop (didn't bet)
Seat 7: d0325766 folded before Flop (didn't bet)
Seat 5: 70eb0402 folded before Flop (didn't bet)
Seat 2: d6953ba3(big blind) folded on the River
Seat 4: Hero folded before Flop (didn't bet)
Seat 1: a66b26bd(small blind) folded before Flop



Poker Hand #ring_883682008: NLH No Limit ($2/$4) - 2025/05/18 02:05:58
Table 'MR NLH 2/4' 7-max Seat #6 is the button
Seat 3: ad56483 ($788 in chips)
Seat 6: 63cc27fb ($899.19 in chips)
Seat 7: d0325766 ($314.68 in chips)
Seat 5: 70eb0402 ($952 in chips)
Seat 4: Hero ($529.48 in chips)
Seat 1: a66b26bd ($425.69 in chips)
d0325766: posts small blind $2
a66b26bd: posts big blind $4
*** HOLE CARDS ***
Dealt to ad56483 
Dealt to 63cc27fb 
Dealt to d0325766 
Dealt to 70eb0402 
Dealt to Hero [Kh 9c]
Dealt to a66b26bd 
ad56483: folds
Hero: folds
70eb0402: folds
63cc27fb: folds
d0325766: folds
*** SHOWDOWN ***
a66b26bd collected $6 from pot
*** SUMMARY ***
Total pot $6
Seat 3: ad56483 folded before Flop (didn't bet)
Seat 6: 63cc27fb folded before Flop (didn't bet)
Seat 7: d0325766(small blind) folded before Flop
Seat 5: 70eb0402 folded before Flop (didn't bet)
Seat 4: Hero folded before Flop (didn't bet)
Seat 1: a66b26bd(big blind)won ($6)



Poker Hand #ring_883681274: NLH No Limit ($2/$4) - 2025/05/18 02:05:27
Table 'MR NLH 2/4' 7-max Seat #5 is the button
Seat 3: ad56483 ($788 in chips)
Seat 6: 63cc27fb ($901.19 in chips)
Seat 7: d0325766 ($312.68 in chips)
Seat 5: 70eb0402 ($952 in chips)
Seat 4: Hero ($529.48 in chips)
Seat 1: a66b26bd ($425.69 in chips)
63cc27fb: posts small blind $2
d0325766: posts big blind $4
*** HOLE CARDS ***
Dealt to ad56483 
Dealt to 63cc27fb 
Dealt to d0325766 
Dealt to 70eb0402 
Dealt to Hero [7d Qs]
Dealt to a66b26bd 
a66b26bd: folds
ad56483: folds
Hero: folds
70eb0402: folds
63cc27fb: folds
*** SHOWDOWN ***
d0325766 collected $6 from pot
*** SUMMARY ***
Total pot $6
Seat 3: ad56483 folded before Flop (didn't bet)
Seat 6: 63cc27fb(small blind) folded before Flop
Seat 7: d0325766(big blind)won ($6)
Seat 5: 70eb0402 folded before Flop (didn't bet)
Seat 4: Hero folded before Flop (didn't bet)
Seat 1: a66b26bd folded before Flop (didn't bet)



Poker Hand #ring_883680465: NLH No Limit ($2/$4) - 2025/05/18 02:04:54
Table 'MR NLH 2/4' 7-max Seat #4 is the button
Seat 3: ad56483 ($788 in chips)
Seat 6: 63cc27fb ($899.19 in chips)
Seat 7: d0325766 ($312.68 in chips)
Seat 5: 70eb0402 ($954 in chips)
Seat 4: Hero ($529.48 in chips)
Seat 1: a66b26bd ($425.69 in chips)
70eb0402: posts small blind $2
63cc27fb: posts big blind $4
*** HOLE CARDS ***
Dealt to ad56483 
Dealt to 63cc27fb 
Dealt to d0325766 
Dealt to 70eb0402 
Dealt to Hero [9s 5s]
Dealt to a66b26bd 
d0325766: folds
a66b26bd: folds
ad56483: folds
Hero: folds
70eb0402: folds
*** SHOWDOWN ***
63cc27fb collected $6 from pot
*** SUMMARY ***
Total pot $6
Seat 3: ad56483 folded before Flop (didn't bet)
Seat 6: 63cc27fb(big blind)won ($6)
Seat 7: d0325766 folded before Flop (didn't bet)
Seat 5: 70eb0402(small blind) folded before Flop
Seat 4: Hero folded before Flop (didn't bet)
Seat 1: a66b26bd folded before Flop (didn't bet)



Poker Hand #ring_883679994: NLH No Limit ($2/$4) - 2025/05/18 02:04:35
Table 'MR NLH 2/4' 7-max Seat #3 is the button
Seat 3: ad56483 ($788 in chips)
Seat 6: 63cc27fb ($899.19 in chips)
Seat 7: d0325766 ($312.68 in chips)
Seat 5: 70eb0402 ($952 in chips)
Seat 4: Hero ($531.48 in chips)
Seat 1: a66b26bd ($425.69 in chips)
Hero: posts small blind $2
70eb0402: posts big blind $4
*** HOLE CARDS ***
Dealt to ad56483 
Dealt to 63cc27fb 
Dealt to d0325766 
Dealt to 70eb0402 
Dealt to Hero [4h 6s]
Dealt to a66b26bd 
63cc27fb: folds
d0325766: folds
a66b26bd: folds
ad56483: folds
Hero: folds
*** SHOWDOWN ***
70eb0402 collected $6 from pot
*** SUMMARY ***
Total pot $6
Seat 3: ad56483 folded before Flop (didn't bet)
Seat 6: 63cc27fb folded before Flop (didn't bet)
Seat 7: d0325766 folded before Flop (didn't bet)
Seat 5: 70eb0402(big blind)won ($6)
Seat 4: Hero(small blind) folded before Flop
Seat 1: a66b26bd folded before Flop (didn't bet)



Poker Hand #ring_883679137: NLH No Limit ($2/$4) - 2025/05/18 02:04:00
Table 'MR NLH 2/4' 7-max Seat #1 is the button
Seat 3: ad56483 ($790 in chips)
Seat 6: 63cc27fb ($893.19 in chips)
Seat 7: d0325766 ($312.68 in chips)
Seat 5: 70eb0402 ($952 in chips)
Seat 4: Hero ($535.48 in chips)
Seat 1: a66b26bd ($425.69 in chips)
ad56483: posts small blind $2
Hero: posts big blind $4
*** HOLE CARDS ***
Dealt to ad56483 
Dealt to 63cc27fb 
Dealt to d0325766 
Dealt to 70eb0402 
Dealt to Hero [7s Qd]
Dealt to a66b26bd 
70eb0402: folds
63cc27fb: raises $8 to $12
d0325766: folds
a66b26bd: folds
ad56483: folds
Hero: folds
Uncalled bet ($8) returned to 63cc27fb
*** SHOWDOWN ***
63cc27fb collected $10 from pot
*** SUMMARY ***
Total pot $10
Seat 3: ad56483(small blind) folded before Flop
Seat 6: 63cc27fbwon ($10)
Seat 7: d0325766 folded before Flop (didn't bet)
Seat 5: 70eb0402 folded before Flop (didn't bet)
Seat 4: Hero(big blind) folded before Flop
Seat 1: a66b26bd folded before Flop (didn't bet)



Poker Hand #ring_883678228: NLH No Limit ($2/$4) - 2025/05/18 02:03:23
Table 'MR NLH 2/4' 7-max Seat #7 is the button
Seat 3: ad56483 ($794 in chips)
Seat 6: 63cc27fb ($893.19 in chips)
Seat 7: d0325766 ($312.68 in chips)
Seat 5: 70eb0402 ($952 in chips)
Seat 4: Hero ($529.48 in chips)
Seat 1: a66b26bd ($427.69 in chips)
a66b26bd: posts small blind $2
ad56483: posts big blind $4
*** HOLE CARDS ***
Dealt to ad56483 
Dealt to 63cc27fb 
Dealt to d0325766 
Dealt to 70eb0402 
Dealt to Hero [8h Jh]
Dealt to a66b26bd 
Hero: raises $8 to $12
70eb0402: folds
63cc27fb: folds
d0325766: folds
a66b26bd: folds
ad56483: folds
Uncalled bet ($8) returned to Hero
*** SHOWDOWN ***
Hero collected $10 from pot
*** SUMMARY ***
Total pot $10
Seat 3: ad56483(big blind) folded before Flop
Seat 6: 63cc27fb folded before Flop (didn't bet)
Seat 7: d0325766 folded before Flop (didn't bet)
Seat 5: 70eb0402 folded before Flop (didn't bet)
Seat 4: Herowon ($10)
Seat 1: a66b26bd(small blind) folded before Flop



Poker Hand #ring_883677605: NLH No Limit ($2/$4) - 2025/05/18 02:02:58
Table 'MR NLH 2/4' 7-max Seat #6 is the button
Seat 3: ad56483 ($794 in chips)
Seat 6: 63cc27fb ($893.19 in chips)
Seat 7: d0325766 ($314.68 in chips)
Seat 5: 70eb0402 ($952 in chips)
Seat 4: Hero ($523.48 in chips)
Seat 1: a66b26bd ($431.69 in chips)
d0325766: posts small blind $2
a66b26bd: posts big blind $4
*** HOLE CARDS ***
Dealt to ad56483 
Dealt to 63cc27fb 
Dealt to d0325766 
Dealt to 70eb0402 
Dealt to Hero [As Ad]
Dealt to a66b26bd 
ad56483: folds
Hero: raises $8 to $12
70eb0402: folds
63cc27fb: folds
d0325766: folds
a66b26bd: folds
Uncalled bet ($8) returned to Hero
*** SHOWDOWN ***
Hero collected $10 from pot
*** SUMMARY ***
Total pot $10
Seat 3: ad56483 folded before Flop (didn't bet)
Seat 6: 63cc27fb folded before Flop (didn't bet)
Seat 7: d0325766(small blind) folded before Flop
Seat 5: 70eb0402 folded before Flop (didn't bet)
Seat 4: Herowon ($10)
Seat 1: a66b26bd(big blind) folded before Flop



Poker Hand #ring_883676834: NLH No Limit ($2/$4) - 2025/05/18 02:02:26
Table 'MR NLH 2/4' 7-max Seat #5 is the button
Seat 3: ad56483 ($794 in chips)
Seat 6: 63cc27fb ($895.19 in chips)
Seat 7: d0325766 ($318.68 in chips)
Seat 5: 70eb0402 ($952 in chips)
Seat 4: Hero ($535.48 in chips)
Seat 1: a66b26bd ($415.04 in chips)
63cc27fb: posts small blind $2
d0325766: posts big blind $4
*** HOLE CARDS ***
Dealt to ad56483 
Dealt to 63cc27fb 
Dealt to d0325766 
Dealt to 70eb0402 
Dealt to Hero [4h 5h]
Dealt to a66b26bd 
a66b26bd: raises $8 to $12
ad56483: folds
Hero: calls $12
70eb0402: folds
63cc27fb: folds
d0325766: folds
*** FLOP *** [Qc Qh Ad]
a66b26bd: bets $15
Hero: folds
Uncalled bet ($15) returned to a66b26bd
*** SHOWDOWN ***
a66b26bd collected $30 from pot
*** SUMMARY ***
Total pot $30
Board [Qc Qh Ad]
Seat 3: ad56483 folded before Flop (didn't bet)
Seat 6: 63cc27fb(small blind) folded before Flop
Seat 7: d0325766(big blind) folded before Flop
Seat 5: 70eb0402 folded before Flop (didn't bet)
Seat 4: Hero folded on the Flop
Seat 1: a66b26bdwon ($30) with Pair of Queens



Poker Hand #ring_883676210: NLH No Limit ($2/$4) - 2025/05/18 02:02:01
Table 'MR NLH 2/4' 7-max Seat #4 is the button
Seat 3: ad56483 ($794 in chips)
Seat 6: 63cc27fb ($893.19 in chips)
Seat 7: d0325766 ($318.68 in chips)
Seat 5: 70eb0402 ($954 in chips)
Seat 4: Hero ($535.48 in chips)
Seat 1: a66b26bd ($415.04 in chips)
70eb0402: posts small blind $2
63cc27fb: posts big blind $4
*** HOLE CARDS ***
Dealt to ad56483 
Dealt to 63cc27fb 
Dealt to d0325766 
Dealt to 70eb0402 
Dealt to Hero [6h Jh]
Dealt to a66b26bd 
d0325766: folds
a66b26bd: folds
ad56483: folds
Hero: folds
70eb0402: folds
*** SHOWDOWN ***
63cc27fb collected $6 from pot
*** SUMMARY ***
Total pot $6
Seat 3: ad56483 folded before Flop (didn't bet)
Seat 6: 63cc27fb(big blind)won ($6)
Seat 7: d0325766 folded before Flop (didn't bet)
Seat 5: 70eb0402(small blind) folded before Flop
Seat 4: Hero folded before Flop (didn't bet)
Seat 1: a66b26bd folded before Flop (didn't bet)



Poker Hand #ring_883674791: NLH No Limit ($2/$4) - 2025/05/18 02:01:04
Table 'MR NLH 2/4' 7-max Seat #3 is the button
Seat 3: ad56483 ($794 in chips)
Seat 6: 63cc27fb ($893.19 in chips)
Seat 7: d0325766 ($318.68 in chips)
Seat 5: 70eb0402 ($952 in chips)
Seat 4: Hero ($537.48 in chips)
Seat 1: a66b26bd ($415.04 in chips)
Hero: posts small blind $2
70eb0402: posts big blind $4
*** HOLE CARDS ***
Dealt to ad56483 
Dealt to 63cc27fb 
Dealt to d0325766 
Dealt to 70eb0402 
Dealt to Hero [Qc 2h]
Dealt to a66b26bd 
63cc27fb: folds
d0325766: folds
a66b26bd: folds
ad56483: folds
Hero: folds
*** SHOWDOWN ***
70eb0402 collected $6 from pot
*** SUMMARY ***
Total pot $6
Seat 3: ad56483 folded before Flop (didn't bet)
Seat 6: 63cc27fb folded before Flop (didn't bet)
Seat 7: d0325766 folded before Flop (didn't bet)
Seat 5: 70eb0402(big blind)won ($6)
Seat 4: Hero(small blind) folded before Flop
Seat 1: a66b26bd folded before Flop (didn't bet)



Poker Hand #ring_883673475: NLH No Limit ($2/$4) - 2025/05/18 02:00:11
Table 'MR NLH 2/4' 7-max Seat #1 is the button
Seat 3: ad56483 ($796 in chips)
Seat 6: 63cc27fb ($822.21 in chips)
Seat 7: d0325766 ($318.68 in chips)
Seat 5: 70eb0402 ($952 in chips)
Seat 4: Hero ($614.48 in chips)
Seat 1: a66b26bd ($415.04 in chips)
ad56483: posts small blind $2
Hero: posts big blind $4
*** HOLE CARDS ***
Dealt to ad56483 
Dealt to 63cc27fb 
Dealt to d0325766 
Dealt to 70eb0402 
Dealt to Hero [5c 7c]
Dealt to a66b26bd 
70eb0402: folds
63cc27fb: raises $8 to $12
d0325766: folds
a66b26bd: folds
ad56483: folds
Hero: calls $8
*** FLOP *** [Qc Qs 5h]
Hero: checks
63cc27fb: checks
*** TURN *** [Qc Qs 5h] [9c]
Hero: checks
63cc27fb: bets $26
Hero: calls $26
*** RIVER *** [Qc Qs 5h 9c] [9s]
Hero: bets $39
63cc27fb: calls $39
Hero: shows [5c 7c]
63cc27fb: shows [Ac Kc]
*** SHOWDOWN ***
63cc27fb collected $156 from pot
*** SUMMARY ***
Total pot $156
Board [Qc Qs 5h 9c 9s]
Seat 3: ad56483(small blind) folded before Flop
Seat 6: 63cc27fb showed [Ac Kc] and won ($156) with Pair of Queens and Pair of Nines
Seat 7: d0325766 folded before Flop (didn't bet)
Seat 5: 70eb0402 folded before Flop (didn't bet)
Seat 4: Hero(big blind) showed [5c 7c] and lost with Pair of Queens and Pair of Nines
Seat 1: a66b26bd folded before Flop (didn't bet)



Poker Hand #ring_883672596: NLH No Limit ($2/$4) - 2025/05/18 01:59:37
Table 'MR NLH 2/4' 7-max Seat #7 is the button
Seat 3: ad56483 ($800 in chips)
Seat 6: 63cc27fb ($822.21 in chips)
Seat 7: d0325766 ($318.68 in chips)
Seat 5: 70eb0402 ($946 in chips)
Seat 4: Hero ($614.48 in chips)
Seat 1: a66b26bd ($417.04 in chips)
a66b26bd: posts small blind $2
ad56483: posts big blind $4
*** HOLE CARDS ***
Dealt to ad56483 
Dealt to 63cc27fb 
Dealt to d0325766 
Dealt to 70eb0402 
Dealt to Hero [Ad 7h]
Dealt to a66b26bd 
Hero: folds
70eb0402: raises $6 to $10
63cc27fb: folds
d0325766: folds
a66b26bd: folds
ad56483: folds
Uncalled bet ($6) returned to 70eb0402
*** SHOWDOWN ***
70eb0402 collected $10 from pot
*** SUMMARY ***
Total pot $10
Seat 3: ad56483(big blind) folded before Flop
Seat 6: 63cc27fb folded before Flop (didn't bet)
Seat 7: d0325766 folded before Flop (didn't bet)
Seat 5: 70eb0402won ($10)
Seat 4: Hero folded before Flop (didn't bet)
Seat 1: a66b26bd(small blind) folded before Flop



Poker Hand #ring_883671538: NLH No Limit ($2/$4) - 2025/05/18 01:58:54
Table 'MR NLH 2/4' 7-max Seat #6 is the button
Seat 6: 63cc27fb ($822.21 in chips)
Seat 7: d0325766 ($320.68 in chips)
Seat 2: f6dddcd4 ($511.89 in chips)
Seat 5: 70eb0402 ($940 in chips)
Seat 4: Hero ($614.48 in chips)
Seat 1: a66b26bd ($421.04 in chips)
d0325766: posts small blind $2
a66b26bd: posts big blind $4
*** HOLE CARDS ***
Dealt to 63cc27fb 
Dealt to d0325766 
Dealt to f6dddcd4 
Dealt to 70eb0402 
Dealt to Hero [8s 2h]
Dealt to a66b26bd 
f6dddcd4: folds
Hero: folds
70eb0402: raises $6 to $10
63cc27fb: folds
d0325766: folds
a66b26bd: folds
Uncalled bet ($6) returned to 70eb0402
*** SHOWDOWN ***
70eb0402 collected $10 from pot
*** SUMMARY ***
Total pot $10
Seat 6: 63cc27fb folded before Flop (didn't bet)
Seat 7: d0325766(small blind) folded before Flop
Seat 2: f6dddcd4 folded before Flop (didn't bet)
Seat 5: 70eb0402won ($10)
Seat 4: Hero folded before Flop (didn't bet)
Seat 1: a66b26bd(big blind) folded before Flop



Poker Hand #ring_883670823: NLH No Limit ($2/$4) - 2025/05/18 01:58:26
Table 'MR NLH 2/4' 7-max Seat #5 is the button
Seat 6: 63cc27fb ($803.56 in chips)
Seat 7: d0325766 ($330.68 in chips)
Seat 2: f6dddcd4 ($511.89 in chips)
Seat 5: 70eb0402 ($950 in chips)
Seat 4: Hero ($614.48 in chips)
Seat 1: a66b26bd ($421.04 in chips)
63cc27fb: posts small blind $2
d0325766: posts big blind $4
*** HOLE CARDS ***
Dealt to 63cc27fb 
Dealt to d0325766 
Dealt to f6dddcd4 
Dealt to 70eb0402 
Dealt to Hero [4c 2h]
Dealt to a66b26bd 
a66b26bd: folds
f6dddcd4: folds
Hero: folds
70eb0402: raises $6 to $10
63cc27fb: calls $8
d0325766: calls $6
*** FLOP *** [5d 8d 6h]
63cc27fb: bets $15
d0325766: folds
70eb0402: folds
Uncalled bet ($15) returned to 63cc27fb
*** SHOWDOWN ***
63cc27fb collected $30 from pot
*** SUMMARY ***
Total pot $30
Board [5d 8d 6h]
Seat 6: 63cc27fb(small blind)won ($30) with Pair of Eights
Seat 7: d0325766(big blind) folded on the Flop
Seat 2: f6dddcd4 folded before Flop (didn't bet)
Seat 5: 70eb0402 folded on the Flop
Seat 4: Hero folded before Flop (didn't bet)
Seat 1: a66b26bd folded before Flop (didn't bet)



Poker Hand #ring_883669404: NLH No Limit ($2/$4) - 2025/05/18 01:57:32
Table 'MR NLH 2/4' 7-max Seat #4 is the button
Seat 6: 63cc27fb ($807.56 in chips)
Seat 7: d0325766 ($346.68 in chips)
Seat 2: f6dddcd4 ($511.89 in chips)
Seat 5: 70eb0402 ($952 in chips)
Seat 4: Hero ($594.19 in chips)
Seat 1: a66b26bd ($421.04 in chips)
70eb0402: posts small blind $2
63cc27fb: posts big blind $4
*** HOLE CARDS ***
Dealt to 63cc27fb 
Dealt to d0325766 
Dealt to f6dddcd4 
Dealt to 70eb0402 
Dealt to Hero [Td Kd]
Dealt to a66b26bd 
d0325766: calls $4
a66b26bd: folds
f6dddcd4: folds
Hero: raises $12 to $16
70eb0402: folds
63cc27fb: folds
d0325766: calls $12
*** FLOP *** [2d 3s Qh]
d0325766: checks
Hero: checks
*** TURN *** [2d 3s Qh] [4h]
d0325766: checks
Hero: bets $19
d0325766: folds
Uncalled bet ($19) returned to Hero
*** SHOWDOWN ***
Hero collected $38 from pot
*** SUMMARY ***
Total pot $38
Board [2d 3s Qh 4h]
Seat 6: 63cc27fb(big blind) folded before Flop
Seat 7: d0325766 folded on the Turn
Seat 2: f6dddcd4 folded before Flop (didn't bet)
Seat 5: 70eb0402(small blind) folded before Flop
Seat 4: Herowon ($38) with King-High
Seat 1: a66b26bd folded before Flop (didn't bet)



Poker Hand #ring_883668562: NLH No Limit ($2/$4) - 2025/05/18 01:56:59
Table 'MR NLH 2/4' 7-max Seat #3 is the button
Seat 6: 63cc27fb ($801.56 in chips)
Seat 3: 7e7bbfca ($742.84 in chips)
Seat 7: d0325766 ($346.68 in chips)
Seat 2: f6dddcd4 ($511.89 in chips)
Seat 5: 70eb0402 ($956 in chips)
Seat 4: Hero ($596.19 in chips)
Seat 1: a66b26bd ($421.04 in chips)
Hero: posts small blind $2
70eb0402: posts big blind $4
*** HOLE CARDS ***
Dealt to 63cc27fb 
Dealt to 7e7bbfca 
Dealt to d0325766 
Dealt to f6dddcd4 
Dealt to 70eb0402 
Dealt to Hero [Qh 4h]
Dealt to a66b26bd 
63cc27fb: raises $8 to $12
d0325766: folds
a66b26bd: folds
f6dddcd4: folds
7e7bbfca: folds
Hero: folds
70eb0402: folds
Uncalled bet ($8) returned to 63cc27fb
*** SHOWDOWN ***
63cc27fb collected $10 from pot
*** SUMMARY ***
Total pot $10
Seat 6: 63cc27fbwon ($10)
Seat 3: 7e7bbfca folded before Flop (didn't bet)
Seat 7: d0325766 folded before Flop (didn't bet)
Seat 2: f6dddcd4 folded before Flop (didn't bet)
Seat 5: 70eb0402(big blind) folded before Flop
Seat 4: Hero(small blind) folded before Flop
Seat 1: a66b26bd folded before Flop (didn't bet)



Poker Hand #ring_883666949: NLH No Limit ($2/$4) - 2025/05/18 01:55:56
Table 'MR NLH 2/4' 7-max Seat #2 is the button
Seat 6: 63cc27fb ($801.56 in chips)
Seat 3: 7e7bbfca ($744.84 in chips)
Seat 7: d0325766 ($346.68 in chips)
Seat 2: f6dddcd4 ($511.89 in chips)
Seat 5: 70eb0402 ($956 in chips)
Seat 4: Hero ($583.36 in chips)
Seat 1: a66b26bd ($433.04 in chips)
7e7bbfca: posts small blind $2
Hero: posts big blind $4
*** HOLE CARDS ***
Dealt to 63cc27fb 
Dealt to 7e7bbfca 
Dealt to d0325766 
Dealt to f6dddcd4 
Dealt to 70eb0402 
Dealt to Hero [9c Ah]
Dealt to a66b26bd 
70eb0402: folds
63cc27fb: folds
d0325766: folds
a66b26bd: raises $8 to $12
f6dddcd4: folds
7e7bbfca: folds
Hero: calls $8
*** FLOP *** [Jh Ts Kd]
Hero: checks
a66b26bd: checks
*** TURN *** [Jh Ts Kd] [3s]
Hero: checks
a66b26bd: checks
*** RIVER *** [Jh Ts Kd 3s] [8d]
Hero: checks
a66b26bd: checks
a66b26bd: shows [Ad 7d]
Hero: shows [9c Ah]
*** SHOWDOWN ***
Hero collected $26 from pot
*** SUMMARY ***
Total pot $26
Board [Jh Ts Kd 3s 8d]
Seat 6: 63cc27fb folded before Flop (didn't bet)
Seat 3: 7e7bbfca(small blind) folded before Flop
Seat 7: d0325766 folded before Flop (didn't bet)
Seat 2: f6dddcd4 folded before Flop (didn't bet)
Seat 5: 70eb0402 folded before Flop (didn't bet)
Seat 4: Hero(big blind) showed [9c Ah] and won ($26) with Ace-High
Seat 1: a66b26bd showed [Ad 7d] and lost with Ace-High



Poker Hand #ring_883666119: NLH No Limit ($2/$4) - 2025/05/18 01:55:23
Table 'MR NLH 2/4' 7-max Seat #1 is the button
Seat 6: 63cc27fb ($801.56 in chips)
Seat 3: 7e7bbfca ($748.84 in chips)
Seat 7: d0325766 ($346.68 in chips)
Seat 2: f6dddcd4 ($513.89 in chips)
Seat 5: 70eb0402 ($950 in chips)
Seat 4: Hero ($583.36 in chips)
Seat 1: a66b26bd ($433.04 in chips)
f6dddcd4: posts small blind $2
7e7bbfca: posts big blind $4
*** HOLE CARDS ***
Dealt to 63cc27fb 
Dealt to 7e7bbfca 
Dealt to d0325766 
Dealt to f6dddcd4 
Dealt to 70eb0402 
Dealt to Hero [Qc 4h]
Dealt to a66b26bd 
Hero: folds
70eb0402: raises $8 to $12
63cc27fb: folds
d0325766: folds
a66b26bd: folds
f6dddcd4: folds
7e7bbfca: folds
Uncalled bet ($8) returned to 70eb0402
*** SHOWDOWN ***
70eb0402 collected $10 from pot
*** SUMMARY ***
Total pot $10
Seat 6: 63cc27fb folded before Flop (didn't bet)
Seat 3: 7e7bbfca(big blind) folded before Flop
Seat 7: d0325766 folded before Flop (didn't bet)
Seat 2: f6dddcd4(small blind) folded before Flop
Seat 5: 70eb0402won ($10)
Seat 4: Hero folded before Flop (didn't bet)
Seat 1: a66b26bd folded before Flop (didn't bet)



Poker Hand #ring_883664550: NLH No Limit ($2/$4) - 2025/05/18 01:54:24
Table 'MR NLH 2/4' 7-max Seat #7 is the button
Seat 6: 63cc27fb ($825.44 in chips)
Seat 3: 7e7bbfca ($748.84 in chips)
Seat 7: d0325766 ($346.68 in chips)
Seat 2: f6dddcd4 ($481.69 in chips)
Seat 5: 70eb0402 ($950 in chips)
Seat 4: Hero ($583.36 in chips)
Seat 1: a66b26bd ($445.04 in chips)
a66b26bd: posts small blind $2
f6dddcd4: posts big blind $4
*** HOLE CARDS ***
Dealt to 63cc27fb 
Dealt to 7e7bbfca 
Dealt to d0325766 
Dealt to f6dddcd4 
Dealt to 70eb0402 
Dealt to Hero [Kd 3s]
Dealt to a66b26bd 
7e7bbfca: folds
Hero: folds
70eb0402: folds
63cc27fb: raises $8 to $12
d0325766: folds
a66b26bd: calls $10
f6dddcd4: calls $8
*** FLOP *** [Jh Th Td]
a66b26bd: checks
f6dddcd4: checks
63cc27fb: checks
*** TURN *** [Jh Th Td] [Ac]
a66b26bd: checks
f6dddcd4: checks
63cc27fb: checks
*** RIVER *** [Jh Th Td Ac] [8d]
a66b26bd: checks
f6dddcd4: bets $11.88
63cc27fb: calls $11.88
a66b26bd: folds
f6dddcd4: shows [Jc Kh]
63cc27fb: shows [9s 9c]
*** SHOWDOWN ***
f6dddcd4 collected $59.76 from pot
*** SUMMARY ***
Total pot $59.76
Board [Jh Th Td Ac 8d]
Seat 6: 63cc27fb showed [9s 9c] and lost with Pair of Tens and Pair of Nines
Seat 3: 7e7bbfca folded before Flop (didn't bet)
Seat 7: d0325766 folded before Flop (didn't bet)
Seat 2: f6dddcd4(big blind) showed [Jc Kh] and won ($59.76) with Pair of Jacks and Pair of Tens
Seat 5: 70eb0402 folded before Flop (didn't bet)
Seat 4: Hero folded before Flop (didn't bet)
Seat 1: a66b26bd(small blind) folded on the River



Poker Hand #ring_883663295: NLH No Limit ($2/$4) - 2025/05/18 01:53:35
Table 'MR NLH 2/4' 7-max Seat #6 is the button
Seat 6: 63cc27fb ($825.44 in chips)
Seat 3: 7e7bbfca ($748.84 in chips)
Seat 7: d0325766 ($348.68 in chips)
Seat 2: f6dddcd4 ($481.69 in chips)
Seat 5: 70eb0402 ($926.77 in chips)
Seat 4: Hero ($583.36 in chips)
Seat 1: a66b26bd ($469.56 in chips)
d0325766: posts small blind $2
a66b26bd: posts big blind $4
*** HOLE CARDS ***
Dealt to 63cc27fb 
Dealt to 7e7bbfca 
Dealt to d0325766 
Dealt to f6dddcd4 
Dealt to 70eb0402 
Dealt to Hero [Kh Ts]
Dealt to a66b26bd 
f6dddcd4: folds
7e7bbfca: folds
Hero: folds
70eb0402: raises $6 to $10
63cc27fb: folds
d0325766: folds
a66b26bd: calls $6
*** FLOP *** [Ah 2s 4s]
a66b26bd: checks
70eb0402: bets $14.52
a66b26bd: calls $14.52
*** TURN *** [Ah 2s 4s] [Qd]
a66b26bd: checks
70eb0402: bets $40.84
a66b26bd: folds
Uncalled bet ($40.84) returned to 70eb0402
*** SHOWDOWN ***
70eb0402 collected $51.04 from pot
*** SUMMARY ***
Total pot $51.04
Board [Ah 2s 4s Qd]
Seat 6: 63cc27fb folded before Flop (didn't bet)
Seat 3: 7e7bbfca folded before Flop (didn't bet)
Seat 7: d0325766(small blind) folded before Flop
Seat 2: f6dddcd4 folded before Flop (didn't bet)
Seat 5: 70eb0402won ($51.04) with Ace-High
Seat 4: Hero folded before Flop (didn't bet)
Seat 1: a66b26bd(big blind) folded on the Turn



Poker Hand #ring_883662156: NLH No Limit ($2/$4) - 2025/05/18 01:52:51
Table 'MR NLH 2/4' 7-max Seat #5 is the button
Seat 6: 63cc27fb ($810.7 in chips)
Seat 3: 7e7bbfca ($760.84 in chips)
Seat 7: d0325766 ($352.68 in chips)
Seat 2: f6dddcd4 ($481.69 in chips)
Seat 5: 70eb0402 ($926.77 in chips)
Seat 4: Hero ($583.36 in chips)
Seat 1: a66b26bd ($469.56 in chips)
63cc27fb: posts small blind $2
d0325766: posts big blind $4
*** HOLE CARDS ***
Dealt to 63cc27fb 
Dealt to 7e7bbfca 
Dealt to d0325766 
Dealt to f6dddcd4 
Dealt to 70eb0402 
Dealt to Hero [Ks 5s]
Dealt to a66b26bd 
a66b26bd: folds
f6dddcd4: folds
7e7bbfca: raises $8 to $12
Hero: folds
70eb0402: folds
63cc27fb: calls $10
d0325766: folds
*** FLOP *** [5h 3s 7c]
63cc27fb: checks
7e7bbfca: checks
*** TURN *** [5h 3s 7c] [Kd]
63cc27fb: bets $14
7e7bbfca: folds
Uncalled bet ($14) returned to 63cc27fb
*** SHOWDOWN ***
63cc27fb collected $28 from pot
*** SUMMARY ***
Total pot $28
Board [5h 3s 7c Kd]
Seat 6: 63cc27fb(small blind)won ($28) with Ace-High
Seat 3: 7e7bbfca folded on the Turn
Seat 7: d0325766(big blind) folded before Flop
Seat 2: f6dddcd4 folded before Flop (didn't bet)
Seat 5: 70eb0402 folded before Flop (didn't bet)
Seat 4: Hero folded before Flop (didn't bet)
Seat 1: a66b26bd folded before Flop (didn't bet)



Poker Hand #ring_883660971: NLH No Limit ($2/$4) - 2025/05/18 01:52:05
Table 'MR NLH 2/4' 7-max Seat #4 is the button
Seat 6: 63cc27fb ($797.87 in chips)
Seat 3: 7e7bbfca ($760.84 in chips)
Seat 7: d0325766 ($352.68 in chips)
Seat 2: f6dddcd4 ($481.69 in chips)
Seat 5: 70eb0402 ($928.77 in chips)
Seat 4: Hero ($595.36 in chips)
Seat 1: a66b26bd ($469.56 in chips)
70eb0402: posts small blind $2
63cc27fb: posts big blind $4
*** HOLE CARDS ***
Dealt to 63cc27fb 
Dealt to 7e7bbfca 
Dealt to d0325766 
Dealt to f6dddcd4 
Dealt to 70eb0402 
Dealt to Hero [4d 4s]
Dealt to a66b26bd 
d0325766: folds
a66b26bd: folds
f6dddcd4: folds
7e7bbfca: folds
Hero: raises $8 to $12
70eb0402: folds
63cc27fb: calls $8
*** FLOP *** [3h Qc 6h]
63cc27fb: checks
Hero: checks
*** TURN *** [3h Qc 6h] [Js]
63cc27fb: checks
Hero: checks
*** RIVER *** [3h Qc 6h Js] [Tc]
63cc27fb: checks
Hero: checks
Hero: shows [4d 4s]
63cc27fb: shows [Td Ad]
*** SHOWDOWN ***
63cc27fb collected $26 from pot
*** SUMMARY ***
Total pot $26
Board [3h Qc 6h Js Tc]
Seat 6: 63cc27fb(big blind) showed [Td Ad] and won ($26) with Pair of Tens
Seat 3: 7e7bbfca folded before Flop (didn't bet)
Seat 7: d0325766 folded before Flop (didn't bet)
Seat 2: f6dddcd4 folded before Flop (didn't bet)
Seat 5: 70eb0402(small blind) folded before Flop
Seat 4: Hero showed [4d 4s] and lost with Pair of Fours
Seat 1: a66b26bd folded before Flop (didn't bet)



Poker Hand #ring_883659714: NLH No Limit ($2/$4) - 2025/05/18 01:51:16
Table 'MR NLH 2/4' 7-max Seat #3 is the button
Seat 6: 63cc27fb ($797.87 in chips)
Seat 3: 7e7bbfca ($760.84 in chips)
Seat 7: d0325766 ($352.68 in chips)
Seat 2: f6dddcd4 ($481.69 in chips)
Seat 5: 70eb0402 ($918.77 in chips)
Seat 4: Hero ($605.36 in chips)
Seat 1: a66b26bd ($469.56 in chips)
Hero: posts small blind $2
70eb0402: posts big blind $4
*** HOLE CARDS ***
Dealt to 63cc27fb 
Dealt to 7e7bbfca 
Dealt to d0325766 
Dealt to f6dddcd4 
Dealt to 70eb0402 
Dealt to Hero [Jd Th]
Dealt to a66b26bd 
63cc27fb: folds
d0325766: folds
a66b26bd: folds
f6dddcd4: folds
7e7bbfca: folds
Hero: raises $6 to $10
70eb0402: raises $20 to $30
Hero: folds
Uncalled bet ($20) returned to 70eb0402
*** SHOWDOWN ***
70eb0402 collected $20 from pot
*** SUMMARY ***
Total pot $20
Seat 6: 63cc27fb folded before Flop (didn't bet)
Seat 3: 7e7bbfca folded before Flop (didn't bet)
Seat 7: d0325766 folded before Flop (didn't bet)
Seat 2: f6dddcd4 folded before Flop (didn't bet)
Seat 5: 70eb0402(big blind)won ($20)
Seat 4: Hero(small blind) folded before Flop
Seat 1: a66b26bd folded before Flop (didn't bet)



Poker Hand #ring_883659044: NLH No Limit ($2/$4) - 2025/05/18 01:50:50
Table 'MR NLH 2/4' 7-max Seat #2 is the button
Seat 6: 63cc27fb ($797.87 in chips)
Seat 3: 7e7bbfca ($762.84 in chips)
Seat 7: d0325766 ($352.68 in chips)
Seat 2: f6dddcd4 ($481.69 in chips)
Seat 5: 70eb0402 ($918.77 in chips)
Seat 4: Hero ($603.36 in chips)
Seat 1: a66b26bd ($469.56 in chips)
7e7bbfca: posts small blind $2
Hero: posts big blind $4
*** HOLE CARDS ***
Dealt to 63cc27fb 
Dealt to 7e7bbfca 
Dealt to d0325766 
Dealt to f6dddcd4 
Dealt to 70eb0402 
Dealt to Hero [3d Tc]
Dealt to a66b26bd 
70eb0402: folds
63cc27fb: folds
d0325766: folds
a66b26bd: folds
f6dddcd4: folds
7e7bbfca: folds
*** SHOWDOWN ***
Hero collected $6 from pot
*** SUMMARY ***
Total pot $6
Seat 6: 63cc27fb folded before Flop (didn't bet)
Seat 3: 7e7bbfca(small blind) folded before Flop
Seat 7: d0325766 folded before Flop (didn't bet)
Seat 2: f6dddcd4 folded before Flop (didn't bet)
Seat 5: 70eb0402 folded before Flop (didn't bet)
Seat 4: Hero(big blind)won ($6)
Seat 1: a66b26bd folded before Flop (didn't bet)



Poker Hand #ring_883657959: NLH No Limit ($2/$4) - 2025/05/18 01:50:07
Table 'MR NLH 2/4' 7-max Seat #1 is the button
Seat 6: 63cc27fb ($797.87 in chips)
Seat 3: 7e7bbfca ($792 in chips)
Seat 7: d0325766 ($352.68 in chips)
Seat 2: f6dddcd4 ($483.69 in chips)
Seat 5: 70eb0402 ($891.32 in chips)
Seat 4: Hero ($603.36 in chips)
Seat 1: a66b26bd ($469.56 in chips)
f6dddcd4: posts small blind $2
7e7bbfca: posts big blind $4
*** HOLE CARDS ***
Dealt to 63cc27fb 
Dealt to 7e7bbfca 
Dealt to d0325766 
Dealt to f6dddcd4 
Dealt to 70eb0402 
Dealt to Hero [2s 5d]
Dealt to a66b26bd 
Hero: folds
70eb0402: raises $8 to $12
63cc27fb: folds
d0325766: folds
a66b26bd: folds
f6dddcd4: folds
7e7bbfca: calls $8
*** FLOP *** [Kh 8s Jh]
7e7bbfca: checks
70eb0402: bets $17.16
7e7bbfca: calls $17.16
*** TURN *** [Kh 8s Jh] [3s]
7e7bbfca: checks
70eb0402: bets $48.26
7e7bbfca: folds
Uncalled bet ($48.26) returned to 70eb0402
*** SHOWDOWN ***
70eb0402 collected $60.32 from pot
*** SUMMARY ***
Total pot $60.32
Board [Kh 8s Jh 3s]
Seat 6: 63cc27fb folded before Flop (didn't bet)
Seat 3: 7e7bbfca(big blind) folded on the Turn
Seat 7: d0325766 folded before Flop (didn't bet)
Seat 2: f6dddcd4(small blind) folded before Flop
Seat 5: 70eb0402won ($60.32) with Pair of Kings
Seat 4: Hero folded before Flop (didn't bet)
Seat 1: a66b26bd folded before Flop (didn't bet)



Poker Hand #ring_883656622: NLH No Limit ($2/$4) - 2025/05/18 01:49:16
Table 'MR NLH 2/4' 7-max Seat #7 is the button
Seat 6: 63cc27fb ($797.87 in chips)
Seat 3: 7e7bbfca ($792 in chips)
Seat 7: d0325766 ($352.68 in chips)
Seat 2: f6dddcd4 ($487.69 in chips)
Seat 5: 70eb0402 ($891.32 in chips)
Seat 4: Hero ($576.88 in chips)
Seat 1: a66b26bd ($495.56 in chips)
a66b26bd: posts small blind $2
f6dddcd4: posts big blind $4
*** HOLE CARDS ***
Dealt to 63cc27fb 
Dealt to 7e7bbfca 
Dealt to d0325766 
Dealt to f6dddcd4 
Dealt to 70eb0402 
Dealt to Hero [9s 9h]
Dealt to a66b26bd 
7e7bbfca: folds
Hero: raises $8 to $12
70eb0402: folds
63cc27fb: folds
d0325766: folds
a66b26bd: calls $10
f6dddcd4: folds
*** FLOP *** [Jh Ts 6s]
a66b26bd: checks
Hero: checks
*** TURN *** [Jh Ts 6s] [5s]
a66b26bd: bets $14
Hero: calls $14
*** RIVER *** [Jh Ts 6s 5s] [4s]
a66b26bd: checks
Hero: checks
a66b26bd: shows [3h 5h]
Hero: shows [9s 9h]
*** SHOWDOWN ***
Hero collected $56 from pot
*** SUMMARY ***
Total pot $56
Board [Jh Ts 6s 5s 4s]
Seat 6: 63cc27fb folded before Flop (didn't bet)
Seat 3: 7e7bbfca folded before Flop (didn't bet)
Seat 7: d0325766 folded before Flop (didn't bet)
Seat 2: f6dddcd4(big blind) folded before Flop
Seat 5: 70eb0402 folded before Flop (didn't bet)
Seat 4: Hero showed [9s 9h] and won ($56) with Ten High Flush
Seat 1: a66b26bd(small blind) showed [3h 5h] and lost with Pair of Fives



Poker Hand #ring_883655370: NLH No Limit ($2/$4) - 2025/05/18 01:48:26
Table 'MR NLH 2/4' 7-max Seat #6 is the button
Seat 6: 63cc27fb ($809.87 in chips)
Seat 3: 7e7bbfca ($792 in chips)
Seat 7: d0325766 ($354.68 in chips)
Seat 2: f6dddcd4 ($499.69 in chips)
Seat 5: 70eb0402 ($891.32 in chips)
Seat 4: Hero ($576.88 in chips)
Seat 1: a66b26bd ($471.27 in chips)
d0325766: posts small blind $2
a66b26bd: posts big blind $4
*** HOLE CARDS ***
Dealt to 63cc27fb 
Dealt to 7e7bbfca 
Dealt to d0325766 
Dealt to f6dddcd4 
Dealt to 70eb0402 
Dealt to Hero [6c As]
Dealt to a66b26bd 
f6dddcd4: calls $4
7e7bbfca: folds
Hero: folds
70eb0402: folds
63cc27fb: raises $8 to $12
d0325766: folds
a66b26bd: calls $8
f6dddcd4: calls $8
*** FLOP *** [4h 3s 9h]
a66b26bd: checks
f6dddcd4: checks
63cc27fb: checks
*** TURN *** [4h 3s 9h] [5d]
a66b26bd: bets $19
f6dddcd4: folds
63cc27fb: folds
Uncalled bet ($19) returned to a66b26bd
*** SHOWDOWN ***
a66b26bd collected $38 from pot
*** SUMMARY ***
Total pot $38
Board [4h 3s 9h 5d]
Seat 6: 63cc27fb folded on the Turn
Seat 3: 7e7bbfca folded before Flop (didn't bet)
Seat 7: d0325766(small blind) folded before Flop
Seat 2: f6dddcd4 folded on the Turn
Seat 5: 70eb0402 folded before Flop (didn't bet)
Seat 4: Hero folded before Flop (didn't bet)
Seat 1: a66b26bd(big blind)won ($38) with Three Nines



Poker Hand #ring_883654773: NLH No Limit ($2/$4) - 2025/05/18 01:48:04
Table 'MR NLH 2/4' 7-max Seat #5 is the button
Seat 6: 63cc27fb ($811.87 in chips)
Seat 3: 7e7bbfca ($792 in chips)
Seat 7: d0325766 ($358.68 in chips)
Seat 2: f6dddcd4 ($499.69 in chips)
Seat 5: 70eb0402 ($885.32 in chips)
Seat 4: Hero ($576.88 in chips)
Seat 1: a66b26bd ($471.27 in chips)
63cc27fb: posts small blind $2
d0325766: posts big blind $4
*** HOLE CARDS ***
Dealt to 63cc27fb 
Dealt to 7e7bbfca 
Dealt to d0325766 
Dealt to f6dddcd4 
Dealt to 70eb0402 
Dealt to Hero [Qd 5c]
Dealt to a66b26bd 
a66b26bd: folds
f6dddcd4: folds
7e7bbfca: folds
Hero: folds
70eb0402: raises $8 to $12
63cc27fb: folds
d0325766: folds
Uncalled bet ($8) returned to 70eb0402
*** SHOWDOWN ***
70eb0402 collected $10 from pot
*** SUMMARY ***
Total pot $10
Seat 6: 63cc27fb(small blind) folded before Flop
Seat 3: 7e7bbfca folded before Flop (didn't bet)
Seat 7: d0325766(big blind) folded before Flop
Seat 2: f6dddcd4 folded before Flop (didn't bet)
Seat 5: 70eb0402won ($10)
Seat 4: Hero folded before Flop (didn't bet)
Seat 1: a66b26bd folded before Flop (didn't bet)



Poker Hand #ring_883653307: NLH No Limit ($2/$4) - 2025/05/18 01:47:07
Table 'MR NLH 2/4' 7-max Seat #4 is the button
Seat 6: 63cc27fb ($815.87 in chips)
Seat 3: 7e7bbfca ($804 in chips)
Seat 7: d0325766 ($358.68 in chips)
Seat 2: f6dddcd4 ($499.69 in chips)
Seat 5: 70eb0402 ($953.32 in chips)
Seat 4: Hero ($435.78 in chips)
Seat 1: a66b26bd ($539.27 in chips)
70eb0402: posts small blind $2
63cc27fb: posts big blind $4
*** HOLE CARDS ***
Dealt to 63cc27fb 
Dealt to 7e7bbfca 
Dealt to d0325766 
Dealt to f6dddcd4 
Dealt to 70eb0402 
Dealt to Hero [8s 8d]
Dealt to a66b26bd 
d0325766: folds
a66b26bd: raises $8 to $12
f6dddcd4: folds
7e7bbfca: calls $12
Hero: calls $12
70eb0402: raises $56 to $68
63cc27fb: folds
a66b26bd: calls $56
7e7bbfca: folds
Hero: calls $56
*** FLOP *** [6d 5c 9h]
70eb0402: checks
a66b26bd: checks
Hero: bets $176
70eb0402: folds
a66b26bd: folds
Uncalled bet ($176) returned to Hero
*** SHOWDOWN ***
Hero collected $220 from pot
*** SUMMARY ***
Total pot $220
Board [6d 5c 9h]
Seat 6: 63cc27fb(big blind) folded before Flop
Seat 3: 7e7bbfca folded before Flop
Seat 7: d0325766 folded before Flop (didn't bet)
Seat 2: f6dddcd4 folded before Flop (didn't bet)
Seat 5: 70eb0402(small blind) folded on the Flop
Seat 4: Herowon ($220) with Pair of Eights
Seat 1: a66b26bd folded on the Flop



Poker Hand #ring_883651821: NLH No Limit ($2/$4) - 2025/05/18 01:46:10
Table 'MR NLH 2/4' 7-max Seat #3 is the button
Seat 6: 63cc27fb ($815.87 in chips)
Seat 3: 7e7bbfca ($820 in chips)
Seat 7: d0325766 ($374.68 in chips)
Seat 2: f6dddcd4 ($499.69 in chips)
Seat 5: 70eb0402 ($800 in chips)
Seat 4: Hero ($571.78 in chips)
Seat 1: a66b26bd ($539.27 in chips)
Hero: posts small blind $2
70eb0402: posts big blind $4
*** HOLE CARDS ***
Dealt to 63cc27fb 
Dealt to 7e7bbfca 
Dealt to d0325766 
Dealt to f6dddcd4 
Dealt to 70eb0402 
Dealt to Hero [As Jc]
Dealt to a66b26bd 
63cc27fb: folds
d0325766: calls $4
a66b26bd: folds
f6dddcd4: folds
7e7bbfca: raises $12 to $16
Hero: calls $14
70eb0402: calls $12
d0325766: calls $12
*** FLOP *** [Qs 5c 8c]
Hero: checks
70eb0402: checks
d0325766: checks
7e7bbfca: checks
*** TURN *** [Qs 5c 8c] [Qh]
Hero: bets $32
70eb0402: calls $32
d0325766: folds
7e7bbfca: folds
*** RIVER *** [Qs 5c 8c Qh] [2s]
Hero: bets $88
70eb0402: calls $88
Hero: shows [As Jc]
70eb0402: shows [9h 9c]
*** SHOWDOWN ***
70eb0402 collected $304 from pot
*** SUMMARY ***
Total pot $304
Board [Qs 5c 8c Qh 2s]
Seat 6: 63cc27fb folded before Flop (didn't bet)
Seat 3: 7e7bbfca folded on the Turn
Seat 7: d0325766 folded on the Turn
Seat 2: f6dddcd4 folded before Flop (didn't bet)
Seat 5: 70eb0402(big blind) showed [9h 9c] and won ($304) with Pair of Queens and Pair of Nines
Seat 4: Hero(small blind) showed [As Jc] and lost with Pair of Queens
Seat 1: a66b26bd folded before Flop (didn't bet)



Poker Hand #ring_883650904: NLH No Limit ($2/$4) - 2025/05/18 01:45:35
Table 'MR NLH 2/4' 7-max Seat #2 is the button
Seat 6: 63cc27fb ($772.92 in chips)
Seat 3: 7e7bbfca ($822 in chips)
Seat 7: d0325766 ($374.68 in chips)
Seat 2: f6dddcd4 ($499.69 in chips)
Seat 5: 70eb0402 ($800 in chips)
Seat 4: Hero ($575.78 in chips)
Seat 1: a66b26bd ($581.27 in chips)
7e7bbfca: posts small blind $2
Hero: posts big blind $4
*** HOLE CARDS ***
Dealt to 63cc27fb 
Dealt to 7e7bbfca 
Dealt to d0325766 
Dealt to f6dddcd4 
Dealt to 70eb0402 
Dealt to Hero [4c 9d]
Dealt to a66b26bd 
70eb0402: folds
63cc27fb: raises $8 to $12
d0325766: folds
a66b26bd: calls $12
f6dddcd4: folds
7e7bbfca: folds
Hero: folds
*** FLOP *** [5s 7d 9h]
63cc27fb: bets $30
a66b26bd: calls $30
*** TURN *** [5s 7d 9h] [4s]
63cc27fb: bets $90
a66b26bd: folds
Uncalled bet ($90) returned to 63cc27fb
*** SHOWDOWN ***
63cc27fb collected $90 from pot
*** SUMMARY ***
Total pot $90
Board [5s 7d 9h 4s]
Seat 6: 63cc27fbwon ($90) with Pair of Tens
Seat 3: 7e7bbfca(small blind) folded before Flop
Seat 7: d0325766 folded before Flop (didn't bet)
Seat 2: f6dddcd4 folded before Flop (didn't bet)
Seat 5: 70eb0402 folded before Flop (didn't bet)
Seat 4: Hero(big blind) folded before Flop
Seat 1: a66b26bd folded on the Turn



Poker Hand #ring_883649300: NLH No Limit ($2/$4) - 2025/05/18 01:44:35
Table 'MR NLH 2/4' 7-max Seat #1 is the button
Seat 6: 63cc27fb ($868.92 in chips)
Seat 3: 7e7bbfca ($826 in chips)
Seat 7: d0325766 ($374.68 in chips)
Seat 2: f6dddcd4 ($501.69 in chips)
Seat 5: 70eb0402 ($800 in chips)
Seat 4: Hero ($472.23 in chips)
Seat 1: a66b26bd ($593.27 in chips)
f6dddcd4: posts small blind $2
7e7bbfca: posts big blind $4
*** HOLE CARDS ***
Dealt to 63cc27fb 
Dealt to 7e7bbfca 
Dealt to d0325766 
Dealt to f6dddcd4 
Dealt to 70eb0402 
Dealt to Hero [Ac Qs]
Dealt to a66b26bd 
Hero: raises $8 to $12
70eb0402: folds
63cc27fb: calls $12
d0325766: folds
a66b26bd: calls $12
f6dddcd4: folds
7e7bbfca: folds
*** FLOP *** [Tc Ad 6c]
Hero: checks
63cc27fb: bets $31.5
a66b26bd: folds
Hero: calls $31.5
*** TURN *** [Tc Ad 6c] [9d]
Hero: checks
63cc27fb: checks
*** RIVER *** [Tc Ad 6c 9d] [Js]
Hero: bets $52.5
63cc27fb: calls $52.5
Hero: shows [Ac Qs]
63cc27fb: shows [Qd Td]
*** SHOWDOWN ***
Hero collected $210 from pot
*** SUMMARY ***
Total pot $210
Board [Tc Ad 6c 9d Js]
Seat 6: 63cc27fb showed [Qd Td] and lost with Pair of Tens
Seat 3: 7e7bbfca(big blind) folded before Flop
Seat 7: d0325766 folded before Flop (didn't bet)
Seat 2: f6dddcd4(small blind) folded before Flop
Seat 5: 70eb0402 folded before Flop (didn't bet)
Seat 4: Hero showed [Ac Qs] and won ($210) with Pair of Aces
Seat 1: a66b26bd folded on the Flop



Poker Hand #ring_883646923: NLH No Limit ($2/$4) - 2025/05/18 01:43:06
Table 'MR NLH 2/4' 7-max Seat #7 is the button
Seat 6: 63cc27fb ($765.37 in chips)
Seat 3: 7e7bbfca ($826 in chips)
Seat 7: d0325766 ($374.68 in chips)
Seat 2: f6dddcd4 ($505.69 in chips)
Seat 5: 70eb0402 ($798 in chips)
Seat 4: Hero ($568.23 in chips)
Seat 1: a66b26bd ($595.27 in chips)
a66b26bd: posts small blind $2
f6dddcd4: posts big blind $4
*** HOLE CARDS ***
Dealt to 63cc27fb 
Dealt to 7e7bbfca 
Dealt to d0325766 
Dealt to f6dddcd4 
Dealt to 70eb0402 
Dealt to Hero [Ah Kc]
Dealt to a66b26bd 
7e7bbfca: folds
Hero: raises $8 to $12
70eb0402: calls $12
63cc27fb: raises $21 to $33
d0325766: folds
a66b26bd: folds
f6dddcd4: folds
Hero: raises $63 to $96
70eb0402: folds
63cc27fb: calls $63
*** FLOP *** [6d 4d 7d]
Hero: checks
63cc27fb: checks
*** TURN *** [6d 4d 7d] [8s]
Hero: checks
63cc27fb: bets $210
Hero: folds
Uncalled bet ($210) returned to 63cc27fb
*** SHOWDOWN ***
63cc27fb collected $210 from pot
*** SUMMARY ***
Total pot $210
Board [6d 4d 7d 8s]
Seat 6: 63cc27fbwon ($210) with Pair of Eights and Pair of Sevens
Seat 3: 7e7bbfca folded before Flop (didn't bet)
Seat 7: d0325766 folded before Flop (didn't bet)
Seat 2: f6dddcd4(big blind) folded before Flop
Seat 5: 70eb0402 folded before Flop
Seat 4: Hero folded on the Turn
Seat 1: a66b26bd(small blind) folded before Flop



Poker Hand #ring_883646404: NLH No Limit ($2/$4) - 2025/05/18 01:42:45
Table 'MR NLH 2/4' 7-max Seat #6 is the button
Seat 6: 63cc27fb ($765.37 in chips)
Seat 3: 7e7bbfca ($820 in chips)
Seat 7: d0325766 ($376.68 in chips)
Seat 2: f6dddcd4 ($505.69 in chips)
Seat 5: 70eb0402 ($798 in chips)
Seat 4: Hero ($568.23 in chips)
Seat 1: a66b26bd ($599.27 in chips)
d0325766: posts small blind $2
a66b26bd: posts big blind $4
*** HOLE CARDS ***
Dealt to 63cc27fb 
Dealt to 7e7bbfca 
Dealt to d0325766 
Dealt to f6dddcd4 
Dealt to 70eb0402 
Dealt to Hero [Th Js]
Dealt to a66b26bd 
f6dddcd4: folds
7e7bbfca: raises $8 to $12
Hero: folds
70eb0402: folds
63cc27fb: folds
d0325766: folds
a66b26bd: folds
Uncalled bet ($8) returned to 7e7bbfca
*** SHOWDOWN ***
7e7bbfca collected $10 from pot
*** SUMMARY ***
Total pot $10
Seat 6: 63cc27fb folded before Flop (didn't bet)
Seat 3: 7e7bbfcawon ($10)
Seat 7: d0325766(small blind) folded before Flop
Seat 2: f6dddcd4 folded before Flop (didn't bet)
Seat 5: 70eb0402 folded before Flop (didn't bet)
Seat 4: Hero folded before Flop (didn't bet)
Seat 1: a66b26bd(big blind) folded before Flop



Poker Hand #ring_883645678: NLH No Limit ($2/$4) - 2025/05/18 01:42:18
Table 'MR NLH 2/4' 7-max Seat #5 is the button
Seat 6: 63cc27fb ($767.37 in chips)
Seat 3: 7e7bbfca ($820 in chips)
Seat 7: d0325766 ($380.68 in chips)
Seat 2: f6dddcd4 ($505.69 in chips)
Seat 5: 70eb0402 ($798 in chips)
Seat 4: Hero ($562.23 in chips)
Seat 1: a66b26bd ($599.27 in chips)
63cc27fb: posts small blind $2
d0325766: posts big blind $4
*** HOLE CARDS ***
Dealt to 63cc27fb 
Dealt to 7e7bbfca 
Dealt to d0325766 
Dealt to f6dddcd4 
Dealt to 70eb0402 
Dealt to Hero [Ac Jd]
Dealt to a66b26bd 
a66b26bd: folds
f6dddcd4: folds
7e7bbfca: folds
Hero: raises $8 to $12
70eb0402: folds
63cc27fb: folds
d0325766: folds
Uncalled bet ($8) returned to Hero
*** SHOWDOWN ***
Hero collected $10 from pot
*** SUMMARY ***
Total pot $10
Seat 6: 63cc27fb(small blind) folded before Flop
Seat 3: 7e7bbfca folded before Flop (didn't bet)
Seat 7: d0325766(big blind) folded before Flop
Seat 2: f6dddcd4 folded before Flop (didn't bet)
Seat 5: 70eb0402 folded before Flop (didn't bet)
Seat 4: Herowon ($10)
Seat 1: a66b26bd folded before Flop (didn't bet)



Poker Hand #ring_883644293: NLH No Limit ($2/$4) - 2025/05/18 01:41:25
Table 'MR NLH 2/4' 7-max Seat #4 is the button
Seat 6: 63cc27fb ($747.35 in chips)
Seat 3: 7e7bbfca ($820 in chips)
Seat 7: d0325766 ($380.68 in chips)
Seat 2: f6dddcd4 ($505.69 in chips)
Seat 5: 70eb0402 ($800 in chips)
Seat 4: Hero ($583.23 in chips)
Seat 1: a66b26bd ($599.27 in chips)
70eb0402: posts small blind $2
63cc27fb: posts big blind $4
*** HOLE CARDS ***
Dealt to 63cc27fb 
Dealt to 7e7bbfca 
Dealt to d0325766 
Dealt to f6dddcd4 
Dealt to 70eb0402 
Dealt to Hero [6c Jc]
Dealt to a66b26bd 
d0325766: folds
a66b26bd: folds
f6dddcd4: folds
7e7bbfca: folds
Hero: raises $6 to $10
70eb0402: folds
63cc27fb: calls $6
*** FLOP *** [3c Qs 2d]
63cc27fb: checks
Hero: bets $11
63cc27fb: raises $22 to $33
Hero: folds
Uncalled bet ($22) returned to 63cc27fb
*** SHOWDOWN ***
63cc27fb collected $44 from pot
*** SUMMARY ***
Total pot $44
Board [3c Qs 2d]
Seat 6: 63cc27fb(big blind)won ($44) with Pair of Nines
Seat 3: 7e7bbfca folded before Flop (didn't bet)
Seat 7: d0325766 folded before Flop (didn't bet)
Seat 2: f6dddcd4 folded before Flop (didn't bet)
Seat 5: 70eb0402(small blind) folded before Flop
Seat 4: Hero folded on the Flop
Seat 1: a66b26bd folded before Flop (didn't bet)



Poker Hand #ring_883643331: NLH No Limit ($2/$4) - 2025/05/18 01:40:50
Table 'MR NLH 2/4' 7-max Seat #3 is the button
Seat 6: 63cc27fb ($734.52 in chips)
Seat 3: 7e7bbfca ($820 in chips)
Seat 7: d0325766 ($380.68 in chips)
Seat 2: f6dddcd4 ($505.69 in chips)
Seat 5: 70eb0402 ($800 in chips)
Seat 4: Hero ($585.23 in chips)
Seat 1: a66b26bd ($599.27 in chips)
Hero: posts small blind $2
70eb0402: posts big blind $4
*** HOLE CARDS ***
Dealt to 63cc27fb 
Dealt to 7e7bbfca 
Dealt to d0325766 
Dealt to f6dddcd4 
Dealt to 70eb0402 
Dealt to Hero [Jd Qs]
Dealt to a66b26bd 
63cc27fb: raises $8 to $12
d0325766: folds
a66b26bd: folds
f6dddcd4: folds
7e7bbfca: folds
Hero: folds
70eb0402: calls $8
*** FLOP *** [Kd 9s 9c]
70eb0402: checks
63cc27fb: bets $13
70eb0402: folds
Uncalled bet ($13) returned to 63cc27fb
*** SHOWDOWN ***
63cc27fb collected $26 from pot
*** SUMMARY ***
Total pot $26
Board [Kd 9s 9c]
Seat 6: 63cc27fbwon ($26) with Pair of Nines
Seat 3: 7e7bbfca folded before Flop (didn't bet)
Seat 7: d0325766 folded before Flop (didn't bet)
Seat 2: f6dddcd4 folded before Flop (didn't bet)
Seat 5: 70eb0402(big blind) folded on the Flop
Seat 4: Hero(small blind) folded before Flop
Seat 1: a66b26bd folded before Flop (didn't bet)



Poker Hand #ring_883642725: NLH No Limit ($2/$4) - 2025/05/18 01:40:26
Table 'MR NLH 2/4' 7-max Seat #2 is the button
Seat 6: 63cc27fb ($734.52 in chips)
Seat 3: 7e7bbfca ($822 in chips)
Seat 7: d0325766 ($380.68 in chips)
Seat 2: f6dddcd4 ($505.69 in chips)
Seat 5: 70eb0402 ($800 in chips)
Seat 4: Hero ($589.23 in chips)
Seat 1: a66b26bd ($593.27 in chips)
7e7bbfca: posts small blind $2
Hero: posts big blind $4
*** HOLE CARDS ***
Dealt to 63cc27fb 
Dealt to 7e7bbfca 
Dealt to d0325766 
Dealt to f6dddcd4 
Dealt to 70eb0402 
Dealt to Hero [4d 2c]
Dealt to a66b26bd 
70eb0402: folds
63cc27fb: folds
d0325766: folds
a66b26bd: raises $6 to $10
f6dddcd4: folds
7e7bbfca: folds
Hero: folds
Uncalled bet ($6) returned to a66b26bd
*** SHOWDOWN ***
a66b26bd collected $10 from pot
*** SUMMARY ***
Total pot $10
Seat 6: 63cc27fb folded before Flop (didn't bet)
Seat 3: 7e7bbfca(small blind) folded before Flop
Seat 7: d0325766 folded before Flop (didn't bet)
Seat 2: f6dddcd4 folded before Flop (didn't bet)
Seat 5: 70eb0402 folded before Flop (didn't bet)
Seat 4: Hero(big blind) folded before Flop
Seat 1: a66b26bdwon ($10)



Poker Hand #ring_883641797: NLH No Limit ($2/$4) - 2025/05/18 01:39:51
Table 'MR NLH 2/4' 7-max Seat #1 is the button
Seat 6: 63cc27fb ($734.52 in chips)
Seat 3: 7e7bbfca ($798 in chips)
Seat 7: d0325766 ($380.68 in chips)
Seat 2: f6dddcd4 ($517.69 in chips)
Seat 5: 70eb0402 ($798 in chips)
Seat 4: Hero ($589.23 in chips)
Seat 1: a66b26bd ($593.27 in chips)
f6dddcd4: posts small blind $2
7e7bbfca: posts big blind $4
*** HOLE CARDS ***
Dealt to 63cc27fb 
Dealt to 7e7bbfca 
Dealt to d0325766 
Dealt to f6dddcd4 
Dealt to 70eb0402 
Dealt to Hero [6d Ah]
Dealt to a66b26bd 
Hero: folds
70eb0402: raises $8 to $12
63cc27fb: folds
d0325766: folds
a66b26bd: folds
f6dddcd4: calls $10
7e7bbfca: raises $48 to $60
70eb0402: folds
f6dddcd4: folds
Uncalled bet ($48) returned to 7e7bbfca
*** SHOWDOWN ***
7e7bbfca collected $36 from pot
*** SUMMARY ***
Total pot $36
Seat 6: 63cc27fb folded before Flop (didn't bet)
Seat 3: 7e7bbfca(big blind)won ($36)
Seat 7: d0325766 folded before Flop (didn't bet)
Seat 2: f6dddcd4(small blind) folded before Flop
Seat 5: 70eb0402 folded before Flop
Seat 4: Hero folded before Flop (didn't bet)
Seat 1: a66b26bd folded before Flop (didn't bet)



Poker Hand #ring_883640970: NLH No Limit ($2/$4) - 2025/05/18 01:39:20
Table 'MR NLH 2/4' 7-max Seat #7 is the button
Seat 6: 63cc27fb ($734.52 in chips)
Seat 3: 7e7bbfca ($798 in chips)
Seat 7: d0325766 ($380.68 in chips)
Seat 2: f6dddcd4 ($521.69 in chips)
Seat 5: 70eb0402 ($798 in chips)
Seat 4: Hero ($583.23 in chips)
Seat 1: a66b26bd ($595.27 in chips)
a66b26bd: posts small blind $2
f6dddcd4: posts big blind $4
*** HOLE CARDS ***
Dealt to 63cc27fb 
Dealt to 7e7bbfca 
Dealt to d0325766 
Dealt to f6dddcd4 
Dealt to 70eb0402 
Dealt to Hero [Js Qs]
Dealt to a66b26bd 
7e7bbfca: folds
Hero: raises $8 to $12
70eb0402: folds
63cc27fb: folds
d0325766: folds
a66b26bd: folds
f6dddcd4: folds
Uncalled bet ($8) returned to Hero
*** SHOWDOWN ***
Hero collected $10 from pot
*** SUMMARY ***
Total pot $10
Seat 6: 63cc27fb folded before Flop (didn't bet)
Seat 3: 7e7bbfca folded before Flop (didn't bet)
Seat 7: d0325766 folded before Flop (didn't bet)
Seat 2: f6dddcd4(big blind) folded before Flop
Seat 5: 70eb0402 folded before Flop (didn't bet)
Seat 4: Herowon ($10)
Seat 1: a66b26bd(small blind) folded before Flop



Poker Hand #ring_883640004: NLH No Limit ($2/$4) - 2025/05/18 01:38:44
Table 'MR NLH 2/4' 7-max Seat #6 is the button
Seat 6: 63cc27fb ($734.52 in chips)
Seat 3: 7e7bbfca ($798 in chips)
Seat 7: d0325766 ($382.68 in chips)
Seat 2: f6dddcd4 ($516.14 in chips)
Seat 5: 70eb0402 ($798 in chips)
Seat 4: Hero ($583.23 in chips)
Seat 1: a66b26bd ($599.27 in chips)
d0325766: posts small blind $2
a66b26bd: posts big blind $4
*** HOLE CARDS ***
Dealt to 63cc27fb 
Dealt to 7e7bbfca 
Dealt to d0325766 
Dealt to f6dddcd4 
Dealt to 70eb0402 
Dealt to Hero [9c 7d]
Dealt to a66b26bd 
f6dddcd4: calls $4
7e7bbfca: folds
Hero: folds
70eb0402: folds
63cc27fb: folds
d0325766: folds
a66b26bd: checks
*** FLOP *** [4s 4c Kd]
a66b26bd: checks
f6dddcd4: bets $10
a66b26bd: folds
Uncalled bet ($10) returned to f6dddcd4
*** SHOWDOWN ***
f6dddcd4 collected $10 from pot
*** SUMMARY ***
Total pot $10
Board [4s 4c Kd]
Seat 6: 63cc27fb folded before Flop (didn't bet)
Seat 3: 7e7bbfca folded before Flop (didn't bet)
Seat 7: d0325766(small blind) folded before Flop
Seat 2: f6dddcd4won ($10) with Pair of Fours
Seat 5: 70eb0402 folded before Flop (didn't bet)
Seat 4: Hero folded before Flop (didn't bet)
Seat 1: a66b26bd(big blind) folded on the Flop



Poker Hand #ring_883639346: NLH No Limit ($2/$4) - 2025/05/18 01:38:20
Table 'MR NLH 2/4' 7-max Seat #5 is the button
Seat 6: 63cc27fb ($736.52 in chips)
Seat 3: 7e7bbfca ($792 in chips)
Seat 7: d0325766 ($386.68 in chips)
Seat 2: f6dddcd4 ($516.14 in chips)
Seat 5: 70eb0402 ($798 in chips)
Seat 4: Hero ($583.23 in chips)
Seat 1: a66b26bd ($599.27 in chips)
63cc27fb: posts small blind $2
d0325766: posts big blind $4
*** HOLE CARDS ***
Dealt to 63cc27fb 
Dealt to 7e7bbfca 
Dealt to d0325766 
Dealt to f6dddcd4 
Dealt to 70eb0402 
Dealt to Hero [2h Th]
Dealt to a66b26bd 
a66b26bd: folds
f6dddcd4: folds
7e7bbfca: raises $8 to $12
Hero: folds
70eb0402: folds
63cc27fb: folds
d0325766: folds
Uncalled bet ($8) returned to 7e7bbfca
*** SHOWDOWN ***
7e7bbfca collected $10 from pot
*** SUMMARY ***
Total pot $10
Seat 6: 63cc27fb(small blind) folded before Flop
Seat 3: 7e7bbfcawon ($10)
Seat 7: d0325766(big blind) folded before Flop
Seat 2: f6dddcd4 folded before Flop (didn't bet)
Seat 5: 70eb0402 folded before Flop (didn't bet)
Seat 4: Hero folded before Flop (didn't bet)
Seat 1: a66b26bd folded before Flop (didn't bet)



Poker Hand #ring_883638571: NLH No Limit ($2/$4) - 2025/05/18 01:37:52
Table 'MR NLH 2/4' 7-max Seat #4 is the button
Seat 6: 63cc27fb ($734.52 in chips)
Seat 3: 7e7bbfca ($792 in chips)
Seat 7: d0325766 ($386.68 in chips)
Seat 2: f6dddcd4 ($516.14 in chips)
Seat 5: 70eb0402 ($800 in chips)
Seat 4: Hero ($583.23 in chips)
Seat 1: a66b26bd ($599.27 in chips)
70eb0402: posts small blind $2
63cc27fb: posts big blind $4
*** HOLE CARDS ***
Dealt to 63cc27fb 
Dealt to 7e7bbfca 
Dealt to d0325766 
Dealt to f6dddcd4 
Dealt to 70eb0402 
Dealt to Hero [6c Ts]
Dealt to a66b26bd 
d0325766: folds
a66b26bd: folds
f6dddcd4: folds
7e7bbfca: folds
Hero: folds
70eb0402: folds
*** SHOWDOWN ***
63cc27fb collected $6 from pot
*** SUMMARY ***
Total pot $6
Seat 6: 63cc27fb(big blind)won ($6)
Seat 3: 7e7bbfca folded before Flop (didn't bet)
Seat 7: d0325766 folded before Flop (didn't bet)
Seat 2: f6dddcd4 folded before Flop (didn't bet)
Seat 5: 70eb0402(small blind) folded before Flop
Seat 4: Hero folded before Flop (didn't bet)
Seat 1: a66b26bd folded before Flop (didn't bet)



Poker Hand #ring_883637354: NLH No Limit ($2/$4) - 2025/05/18 01:37:05
Table 'MR NLH 2/4' 7-max Seat #3 is the button
Seat 6: 63cc27fb ($734.52 in chips)
Seat 3: 7e7bbfca ($792 in chips)
Seat 7: d0325766 ($386.68 in chips)
Seat 2: f6dddcd4 ($508.68 in chips)
Seat 5: 70eb0402 ($800 in chips)
Seat 4: Hero ($587.23 in chips)
Seat 1: a66b26bd ($599.27 in chips)
Hero: posts small blind $2
70eb0402: posts big blind $4
*** HOLE CARDS ***
Dealt to 63cc27fb 
Dealt to 7e7bbfca 
Dealt to d0325766 
Dealt to f6dddcd4 
Dealt to 70eb0402 
Dealt to Hero [7c 3c]
Dealt to a66b26bd 
63cc27fb: folds
d0325766: folds
a66b26bd: folds
f6dddcd4: calls $4
7e7bbfca: folds
Hero: calls $2
70eb0402: checks
*** FLOP *** [4h Qd Ks]
Hero: checks
70eb0402: checks
f6dddcd4: checks
*** TURN *** [4h Qd Ks] [Kc]
Hero: checks
70eb0402: checks
f6dddcd4: checks
*** RIVER *** [4h Qd Ks Kc] [Ad]
Hero: checks
70eb0402: checks
f6dddcd4: bets $12
Hero: folds
70eb0402: folds
Uncalled bet ($12) returned to f6dddcd4
*** SHOWDOWN ***
f6dddcd4 collected $12 from pot
*** SUMMARY ***
Total pot $12
Board [4h Qd Ks Kc Ad]
Seat 6: 63cc27fb folded before Flop (didn't bet)
Seat 3: 7e7bbfca folded before Flop (didn't bet)
Seat 7: d0325766 folded before Flop (didn't bet)
Seat 2: f6dddcd4won ($12) with Pair of Kings
Seat 5: 70eb0402(big blind) folded on the River
Seat 4: Hero(small blind) folded on the River
Seat 1: a66b26bd folded before Flop (didn't bet)



Poker Hand #ring_883636397: NLH No Limit ($2/$4) - 2025/05/18 01:36:31
Table 'MR NLH 2/4' 7-max Seat #2 is the button
Seat 6: 63cc27fb ($734.52 in chips)
Seat 3: 7e7bbfca ($796 in chips)
Seat 7: d0325766 ($386.68 in chips)
Seat 2: f6dddcd4 ($508.68 in chips)
Seat 5: 70eb0402 ($800 in chips)
Seat 4: Hero ($583.59 in chips)
Seat 1: a66b26bd ($315.27 in chips)
7e7bbfca: posts small blind $2
Hero: posts big blind $4
*** HOLE CARDS ***
Dealt to 63cc27fb 
Dealt to 7e7bbfca 
Dealt to d0325766 
Dealt to f6dddcd4 
Dealt to 70eb0402 
Dealt to Hero [2s 9s]
Dealt to a66b26bd 
70eb0402: folds
63cc27fb: folds
d0325766: folds
a66b26bd: folds
f6dddcd4: folds
7e7bbfca: calls $2
Hero: checks
*** FLOP *** [8c 9h Td]
7e7bbfca: checks
Hero: checks
*** TURN *** [8c 9h Td] [2c]
7e7bbfca: checks
Hero: bets $4
7e7bbfca: folds
Uncalled bet ($4) returned to Hero
*** SHOWDOWN ***
Hero collected $8 from pot
*** SUMMARY ***
Total pot $8
Board [8c 9h Td 2c]
Seat 6: 63cc27fb folded before Flop (didn't bet)
Seat 3: 7e7bbfca(small blind) folded on the Turn
Seat 7: d0325766 folded before Flop (didn't bet)
Seat 2: f6dddcd4 folded before Flop (didn't bet)
Seat 5: 70eb0402 folded before Flop (didn't bet)
Seat 4: Hero(big blind)won ($8) with Pair of Nines and Pair of Twos
Seat 1: a66b26bd folded before Flop (didn't bet)



Poker Hand #ring_883634261: NLH No Limit ($2/$4) - 2025/05/18 01:35:12
Table 'MR NLH 2/4' 7-max Seat #1 is the button
Seat 6: 63cc27fb ($734.52 in chips)
Seat 3: 7e7bbfca ($800 in chips)
Seat 7: d0325766 ($386.68 in chips)
Seat 2: f6dddcd4 ($510.68 in chips)
Seat 5: 70eb0402 ($798 in chips)
Seat 4: Hero ($456.66 in chips)
Seat 1: a66b26bd ($315.27 in chips)
f6dddcd4: posts small blind $2
7e7bbfca: posts big blind $4
*** HOLE CARDS ***
Dealt to 63cc27fb 
Dealt to 7e7bbfca 
Dealt to d0325766 
Dealt to f6dddcd4 
Dealt to 70eb0402 
Dealt to Hero [7d 7s]
Dealt to a66b26bd 
Hero: raises $4 to $8
70eb0402: raises $22 to $30
63cc27fb: folds
d0325766: folds
a66b26bd: folds
f6dddcd4: folds
7e7bbfca: folds
Hero: calls $22
*** FLOP *** [8c 6c 4h]
Hero: checks
70eb0402: checks
*** TURN *** [8c 6c 4h] [8d]
Hero: checks
70eb0402: bets $52.8
Hero: calls $52.8
*** RIVER *** [8c 6c 4h 8d] [9c]
Hero: bets $51.48
70eb0402: calls $51.48
Hero: shows [7d 7s]
70eb0402: shows [Qd Ah]
*** SHOWDOWN ***
Hero collected $274.56 from pot
*** SUMMARY ***
Total pot $274.56
Board [8c 6c 4h 8d 9c]
Seat 6: 63cc27fb folded before Flop (didn't bet)
Seat 3: 7e7bbfca(big blind) folded before Flop
Seat 7: d0325766 folded before Flop (didn't bet)
Seat 2: f6dddcd4(small blind) folded before Flop
Seat 5: 70eb0402 showed [Qd Ah] and lost with Pair of Eights
Seat 4: Hero showed [7d 7s] and won ($274.56) with Pair of Eights and Pair of Sevens
Seat 1: a66b26bd folded before Flop (didn't bet)



Poker Hand #ring_883633315: NLH No Limit ($2/$4) - 2025/05/18 01:34:37
Table 'MR NLH 2/4' 7-max Seat #7 is the button
Seat 6: 63cc27fb ($734.52 in chips)
Seat 3: 7e7bbfca ($800 in chips)
Seat 7: d0325766 ($386.68 in chips)
Seat 2: f6dddcd4 ($514.68 in chips)
Seat 5: 70eb0402 ($798 in chips)
Seat 4: Hero ($456.66 in chips)
Seat 1: a66b26bd ($311.27 in chips)
a66b26bd: posts small blind $2
f6dddcd4: posts big blind $4
*** HOLE CARDS ***
Dealt to 63cc27fb 
Dealt to 7e7bbfca 
Dealt to d0325766 
Dealt to f6dddcd4 
Dealt to 70eb0402 
Dealt to Hero [9c 7d]
Dealt to a66b26bd 
7e7bbfca: folds
Hero: folds
70eb0402: folds
63cc27fb: folds
d0325766: folds
a66b26bd: raises $8 to $12
f6dddcd4: folds
Uncalled bet ($8) returned to a66b26bd
*** SHOWDOWN ***
a66b26bd collected $8 from pot
*** SUMMARY ***
Total pot $8
Seat 6: 63cc27fb folded before Flop (didn't bet)
Seat 3: 7e7bbfca folded before Flop (didn't bet)
Seat 7: d0325766 folded before Flop (didn't bet)
Seat 2: f6dddcd4(big blind) folded before Flop
Seat 5: 70eb0402 folded before Flop (didn't bet)
Seat 4: Hero folded before Flop (didn't bet)
Seat 1: a66b26bd(small blind)won ($8)



Poker Hand #ring_883632232: NLH No Limit ($2/$4) - 2025/05/18 01:33:56
Table 'MR NLH 2/4' 7-max Seat #6 is the button
Seat 6: 63cc27fb ($734.52 in chips)
Seat 3: 7e7bbfca ($800 in chips)
Seat 7: d0325766 ($388.68 in chips)
Seat 2: f6dddcd4 ($499.85 in chips)
Seat 5: 70eb0402 ($808 in chips)
Seat 4: Hero ($456.66 in chips)
Seat 1: a66b26bd ($315.27 in chips)
d0325766: posts small blind $2
a66b26bd: posts big blind $4
*** HOLE CARDS ***
Dealt to 63cc27fb 
Dealt to 7e7bbfca 
Dealt to d0325766 
Dealt to f6dddcd4 
Dealt to 70eb0402 
Dealt to Hero [2s 8d]
Dealt to a66b26bd 
f6dddcd4: calls $4
7e7bbfca: folds
Hero: folds
70eb0402: raises $6 to $10
63cc27fb: folds
d0325766: folds
a66b26bd: folds
f6dddcd4: calls $6
*** FLOP *** [2d 7c 9c]
f6dddcd4: checks
70eb0402: checks
*** TURN *** [2d 7c 9c] [Ks]
f6dddcd4: bets $26
70eb0402: folds
Uncalled bet ($26) returned to f6dddcd4
*** SHOWDOWN ***
f6dddcd4 collected $26 from pot
*** SUMMARY ***
Total pot $26
Board [2d 7c 9c Ks]
Seat 6: 63cc27fb folded before Flop (didn't bet)
Seat 3: 7e7bbfca folded before Flop (didn't bet)
Seat 7: d0325766(small blind) folded before Flop
Seat 2: f6dddcd4won ($26) with King-High
Seat 5: 70eb0402 folded on the Turn
Seat 4: Hero folded before Flop (didn't bet)
Seat 1: a66b26bd(big blind) folded before Flop



Poker Hand #ring_883631311: NLH No Limit ($2/$4) - 2025/05/18 01:33:22
Table 'MR NLH 2/4' 7-max Seat #5 is the button
Seat 6: 63cc27fb ($736.52 in chips)
Seat 3: 7e7bbfca ($800 in chips)
Seat 7: d0325766 ($392.68 in chips)
Seat 2: f6dddcd4 ($503.85 in chips)
Seat 5: 70eb0402 ($798 in chips)
Seat 4: Hero ($456.66 in chips)
Seat 1: a66b26bd ($315.27 in chips)
63cc27fb: posts small blind $2
d0325766: posts big blind $4
*** HOLE CARDS ***
Dealt to 63cc27fb 
Dealt to 7e7bbfca 
Dealt to d0325766 
Dealt to f6dddcd4 
Dealt to 70eb0402 
Dealt to Hero [4s Ah]
Dealt to a66b26bd 
a66b26bd: folds
f6dddcd4: calls $4
7e7bbfca: folds
Hero: folds
70eb0402: raises $16 to $20
63cc27fb: folds
d0325766: folds
f6dddcd4: folds
Uncalled bet ($16) returned to 70eb0402
*** SHOWDOWN ***
70eb0402 collected $14 from pot
*** SUMMARY ***
Total pot $14
Seat 6: 63cc27fb(small blind) folded before Flop
Seat 3: 7e7bbfca folded before Flop (didn't bet)
Seat 7: d0325766(big blind) folded before Flop
Seat 2: f6dddcd4 folded before Flop
Seat 5: 70eb0402won ($14)
Seat 4: Hero folded before Flop (didn't bet)
Seat 1: a66b26bd folded before Flop (didn't bet)



Poker Hand #ring_883630744: NLH No Limit ($2/$4) - 2025/05/18 01:33:00
Table 'MR NLH 2/4' 7-max Seat #4 is the button
Seat 6: 63cc27fb ($740.52 in chips)
Seat 3: 7e7bbfca ($800 in chips)
Seat 7: d0325766 ($392.68 in chips)
Seat 2: f6dddcd4 ($503.85 in chips)
Seat 5: 70eb0402 ($800 in chips)
Seat 4: Hero ($450.66 in chips)
Seat 1: a66b26bd ($315.27 in chips)
70eb0402: posts small blind $2
63cc27fb: posts big blind $4
*** HOLE CARDS ***
Dealt to 63cc27fb 
Dealt to 7e7bbfca 
Dealt to d0325766 
Dealt to f6dddcd4 
Dealt to 70eb0402 
Dealt to Hero [Ac 7s]
Dealt to a66b26bd 
d0325766: folds
a66b26bd: folds
f6dddcd4: folds
7e7bbfca: folds
Hero: raises $8 to $12
70eb0402: folds
63cc27fb: folds
Uncalled bet ($8) returned to Hero
*** SHOWDOWN ***
Hero collected $10 from pot
*** SUMMARY ***
Total pot $10
Seat 6: 63cc27fb(big blind) folded before Flop
Seat 3: 7e7bbfca folded before Flop (didn't bet)
Seat 7: d0325766 folded before Flop (didn't bet)
Seat 2: f6dddcd4 folded before Flop (didn't bet)
Seat 5: 70eb0402(small blind) folded before Flop
Seat 4: Herowon ($10)
Seat 1: a66b26bd folded before Flop (didn't bet)



Poker Hand #ring_883630226: NLH No Limit ($2/$4) - 2025/05/18 01:32:41
Table 'MR NLH 2/4' 7-max Seat #3 is the button
Seat 6: 63cc27fb ($740.52 in chips)
Seat 3: 7e7bbfca ($800 in chips)
Seat 7: d0325766 ($392.68 in chips)
Seat 2: f6dddcd4 ($503.85 in chips)
Seat 5: 70eb0402 ($800 in chips)
Seat 4: Hero ($452.66 in chips)
Seat 1: a66b26bd ($309.27 in chips)
Hero: posts small blind $2
70eb0402: posts big blind $4
*** HOLE CARDS ***
Dealt to 63cc27fb 
Dealt to 7e7bbfca 
Dealt to d0325766 
Dealt to f6dddcd4 
Dealt to 70eb0402 
Dealt to Hero [Td 6s]
Dealt to a66b26bd 
63cc27fb: folds
d0325766: folds
a66b26bd: raises $8 to $12
f6dddcd4: folds
7e7bbfca: folds
Hero: folds
70eb0402: folds
Uncalled bet ($8) returned to a66b26bd
*** SHOWDOWN ***
a66b26bd collected $10 from pot
*** SUMMARY ***
Total pot $10
Seat 6: 63cc27fb folded before Flop (didn't bet)
Seat 3: 7e7bbfca folded before Flop (didn't bet)
Seat 7: d0325766 folded before Flop (didn't bet)
Seat 2: f6dddcd4 folded before Flop (didn't bet)
Seat 5: 70eb0402(big blind) folded before Flop
Seat 4: Hero(small blind) folded before Flop
Seat 1: a66b26bdwon ($10)



Poker Hand #ring_883629430: NLH No Limit ($2/$4) - 2025/05/18 01:32:10
Table 'MR NLH 2/4' 7-max Seat #2 is the button
Seat 6: 63cc27fb ($740.52 in chips)
Seat 3: 7e7bbfca ($495.63 in chips)
Seat 7: d0325766 ($392.68 in chips)
Seat 2: f6dddcd4 ($503.85 in chips)
Seat 4: Hero ($449.02 in chips)
Seat 1: a66b26bd ($309.27 in chips)
7e7bbfca: posts small blind $2
Hero: posts big blind $4
*** HOLE CARDS ***
Dealt to 63cc27fb 
Dealt to 7e7bbfca 
Dealt to d0325766 
Dealt to f6dddcd4 
Dealt to Hero [8c 3h]
Dealt to a66b26bd 
63cc27fb: folds
d0325766: folds
a66b26bd: folds
f6dddcd4: folds
7e7bbfca: calls $2
Hero: checks
*** FLOP *** [Ad Qd 2d]
7e7bbfca: checks
Hero: bets $4
7e7bbfca: folds
Uncalled bet ($4) returned to Hero
*** SHOWDOWN ***
Hero collected $8 from pot
*** SUMMARY ***
Total pot $8
Board [Ad Qd 2d]
Seat 6: 63cc27fb folded before Flop (didn't bet)
Seat 3: 7e7bbfca(small blind) folded on the Flop
Seat 7: d0325766 folded before Flop (didn't bet)
Seat 2: f6dddcd4 folded before Flop (didn't bet)
Seat 4: Hero(big blind)won ($8) with Ace-High
Seat 1: a66b26bd folded before Flop (didn't bet)



Poker Hand #ring_883627701: NLH No Limit ($2/$4) - 2025/05/18 01:31:04
Table 'MR NLH 2/4' 7-max Seat #1 is the button
Seat 6: 63cc27fb ($387.23 in chips)
Seat 3: 7e7bbfca ($882.86 in chips)
Seat 7: d0325766 ($392.68 in chips)
Seat 2: f6dddcd4 ($505.85 in chips)
Seat 4: Hero ($449.02 in chips)
Seat 1: a66b26bd ($309.27 in chips)
f6dddcd4: posts small blind $2
7e7bbfca: posts big blind $4
*** HOLE CARDS ***
Dealt to 63cc27fb 
Dealt to 7e7bbfca 
Dealt to d0325766 
Dealt to f6dddcd4 
Dealt to Hero [Qc 6c]
Dealt to a66b26bd 
Hero: folds
63cc27fb: raises $8 to $12
d0325766: folds
a66b26bd: folds
f6dddcd4: folds
7e7bbfca: calls $8
*** FLOP *** [5h 3c 8d]
7e7bbfca: checks
63cc27fb: bets $13
7e7bbfca: raises $27 to $40
63cc27fb: calls $27
*** TURN *** [5h 3c 8d] [9h]
7e7bbfca: checks
63cc27fb: bets $106
7e7bbfca: raises $318 to $424
63cc27fb: calls $229.23 and is all-in
Uncalled bet ($88.77) returned to 7e7bbfca
7e7bbfca: shows [8s 9d]
63cc27fb: shows [Qs Qh]
*** RIVER *** [5h 3c 8d 9h] [3d]
*** SHOWDOWN ***
63cc27fb collected $776.46 from pot
*** SUMMARY ***
Total pot $776.46
Board [5h 3c 8d 9h 3d]
Seat 6: 63cc27fb showed [Qs Qh] and won ($776.46) with Pair of Queens and Pair of Treys
Seat 3: 7e7bbfca(big blind) showed [8s 9d] and lost with Pair of Nines and Pair of Eights
Seat 7: d0325766 folded before Flop (didn't bet)
Seat 2: f6dddcd4(small blind) folded before Flop
Seat 4: Hero folded before Flop (didn't bet)
Seat 1: a66b26bd folded before Flop (didn't bet)



Poker Hand #ring_883626977: NLH No Limit ($2/$4) - 2025/05/18 01:30:36
Table 'MR NLH 2/4' 7-max Seat #7 is the button
Seat 5: f2d845f4 ($698.56 in chips)
Seat 6: 63cc27fb ($387.23 in chips)
Seat 3: 7e7bbfca ($882.86 in chips)
Seat 7: d0325766 ($392.68 in chips)
Seat 2: f6dddcd4 ($503.85 in chips)
Seat 4: Hero ($449.02 in chips)
Seat 1: a66b26bd ($311.27 in chips)
a66b26bd: posts small blind $2
f6dddcd4: posts big blind $4
*** HOLE CARDS ***
Dealt to f2d845f4 
Dealt to 63cc27fb 
Dealt to 7e7bbfca 
Dealt to d0325766 
Dealt to f6dddcd4 
Dealt to Hero [3c 9h]
Dealt to a66b26bd 
7e7bbfca: folds
Hero: folds
f2d845f4: folds
63cc27fb: folds
d0325766: folds
a66b26bd: folds
*** SHOWDOWN ***
f6dddcd4 collected $6 from pot
*** SUMMARY ***
Total pot $6
Seat 5: f2d845f4 folded before Flop (didn't bet)
Seat 6: 63cc27fb folded before Flop (didn't bet)
Seat 3: 7e7bbfca folded before Flop (didn't bet)
Seat 7: d0325766 folded before Flop (didn't bet)
Seat 2: f6dddcd4(big blind)won ($6)
Seat 4: Hero folded before Flop (didn't bet)
Seat 1: a66b26bd(small blind) folded before Flop



Poker Hand #ring_883625135: NLH No Limit ($2/$4) - 2025/05/18 01:29:27
Table 'MR NLH 2/4' 7-max Seat #6 is the button
Seat 5: f2d845f4 ($101.44 in chips)
Seat 6: 63cc27fb ($387.23 in chips)
Seat 3: 7e7bbfca ($882.86 in chips)
Seat 7: d0325766 ($394.68 in chips)
Seat 2: f6dddcd4 ($406.8 in chips)
Seat 4: Hero ($449.02 in chips)
Seat 1: a66b26bd ($315.27 in chips)
d0325766: posts small blind $2
a66b26bd: posts big blind $4
*** HOLE CARDS ***
Dealt to f2d845f4 
Dealt to 63cc27fb 
Dealt to 7e7bbfca 
Dealt to d0325766 
Dealt to f6dddcd4 
Dealt to Hero [3d 8d]
Dealt to a66b26bd 
f6dddcd4: calls $4
7e7bbfca: folds
Hero: folds
f2d845f4: raises $8 to $12
63cc27fb: folds
d0325766: folds
a66b26bd: folds
f6dddcd4: calls $8
*** FLOP *** [4h 5h 6d]
f6dddcd4: checks
f2d845f4: checks
*** TURN *** [4h 5h 6d] [Ad]
f6dddcd4: checks
f2d845f4: bets $15
f6dddcd4: raises $60 to $75
f2d845f4: raises $14.44 to $89.44 and is all-in
f6dddcd4: calls $14.44
f6dddcd4: shows [6h 6s]
f2d845f4: shows [5s 5d]
*** RIVER *** [4h 5h 6d Ad] [Ks]
*** SHOWDOWN ***
f6dddcd4 collected $208.88 from pot
*** SUMMARY ***
Total pot $208.88
Board [4h 5h 6d Ad Ks]
Seat 5: f2d845f4 showed [5s 5d] and lost with Three Fives
Seat 6: 63cc27fb folded before Flop (didn't bet)
Seat 3: 7e7bbfca folded before Flop (didn't bet)
Seat 7: d0325766(small blind) folded before Flop
Seat 2: f6dddcd4 showed [6h 6s] and won ($208.88) with Three Sixes
Seat 4: Hero folded before Flop (didn't bet)
Seat 1: a66b26bd(big blind) folded before Flop



Poker Hand #ring_883623187: NLH No Limit ($2/$4) - 2025/05/18 01:28:13
Table 'MR NLH 2/4' 7-max Seat #5 is the button
Seat 5: f2d845f4 ($186.34 in chips)
Seat 6: 63cc27fb ($472.13 in chips)
Seat 3: 7e7bbfca ($721.7 in chips)
Seat 7: d0325766 ($398.68 in chips)
Seat 2: f6dddcd4 ($406.8 in chips)
Seat 4: Hero ($449.02 in chips)
Seat 1: a66b26bd ($315.27 in chips)
63cc27fb: posts small blind $2
d0325766: posts big blind $4
*** HOLE CARDS ***
Dealt to f2d845f4 
Dealt to 63cc27fb 
Dealt to 7e7bbfca 
Dealt to d0325766 
Dealt to f6dddcd4 
Dealt to Hero [Ks 2c]
Dealt to a66b26bd 
a66b26bd: folds
f6dddcd4: folds
7e7bbfca: raises $8 to $12
Hero: folds
f2d845f4: calls $12
63cc27fb: calls $10
d0325766: folds
*** FLOP *** [7d Qd 7s]
63cc27fb: checks
7e7bbfca: bets $13.2
f2d845f4: calls $13.2
63cc27fb: calls $13.2
*** TURN *** [7d Qd 7s] [As]
63cc27fb: checks
7e7bbfca: checks
f2d845f4: bets $59.7
63cc27fb: calls $59.7
7e7bbfca: calls $59.7
*** RIVER *** [7d Qd 7s As] [8h]
63cc27fb: checks
7e7bbfca: checks
f2d845f4: checks
7e7bbfca: shows [Ah Qc]
f2d845f4: shows [3d 3s]
63cc27fb: shows [Ts Ad]
*** SHOWDOWN ***
7e7bbfca collected $258.7 from pot
*** SUMMARY ***
Total pot $258.7
Board [7d Qd 7s As 8h]
Seat 5: f2d845f4 showed [3d 3s] and lost with Pair of Sevens and Pair of Treys
Seat 6: 63cc27fb(small blind) showed [Ts Ad] and lost with Pair of Aces and Pair of Sevens
Seat 3: 7e7bbfca showed [Ah Qc] and won ($258.7) with Pair of Aces and Pair of Queens
Seat 7: d0325766(big blind) folded before Flop
Seat 2: f6dddcd4 folded before Flop (didn't bet)
Seat 4: Hero folded before Flop (didn't bet)
Seat 1: a66b26bd folded before Flop (didn't bet)



Poker Hand #ring_883621864: NLH No Limit ($2/$4) - 2025/05/18 01:27:23
Table 'MR NLH 2/4' 7-max Seat #4 is the button
Seat 5: f2d845f4 ($190.34 in chips)
Seat 6: 63cc27fb ($468.49 in chips)
Seat 3: 7e7bbfca ($721.7 in chips)
Seat 7: d0325766 ($398.68 in chips)
Seat 2: f6dddcd4 ($406.8 in chips)
Seat 4: Hero ($449.02 in chips)
Seat 1: a66b26bd ($315.27 in chips)
f2d845f4: posts small blind $2
63cc27fb: posts big blind $4
*** HOLE CARDS ***
Dealt to f2d845f4 
Dealt to 63cc27fb 
Dealt to 7e7bbfca 
Dealt to d0325766 
Dealt to f6dddcd4 
Dealt to Hero [2c 4h]
Dealt to a66b26bd 
d0325766: folds
a66b26bd: folds
f6dddcd4: folds
7e7bbfca: folds
Hero: folds
f2d845f4: calls $2
63cc27fb: checks
*** FLOP *** [Kd 8s Ah]
f2d845f4: checks
63cc27fb: checks
*** TURN *** [Kd 8s Ah] [Qc]
f2d845f4: checks
63cc27fb: bets $8
f2d845f4: folds
Uncalled bet ($8) returned to 63cc27fb
*** SHOWDOWN ***
63cc27fb collected $8 from pot
*** SUMMARY ***
Total pot $8
Board [Kd 8s Ah Qc]
Seat 5: f2d845f4(small blind) folded on the Turn
Seat 6: 63cc27fb(big blind)won ($8) with Pair of Kings
Seat 3: 7e7bbfca folded before Flop (didn't bet)
Seat 7: d0325766 folded before Flop (didn't bet)
Seat 2: f6dddcd4 folded before Flop (didn't bet)
Seat 4: Hero folded before Flop (didn't bet)
Seat 1: a66b26bd folded before Flop (didn't bet)



Poker Hand #ring_883620430: NLH No Limit ($2/$4) - 2025/05/18 01:26:29
Table 'MR NLH 2/4' 7-max Seat #3 is the button
Seat 5: f2d845f4 ($254.34 in chips)
Seat 6: 63cc27fb ($468.49 in chips)
Seat 3: 7e7bbfca ($721.7 in chips)
Seat 7: d0325766 ($339.53 in chips)
Seat 2: f6dddcd4 ($406.8 in chips)
Seat 4: Hero ($451.02 in chips)
Seat 1: a66b26bd ($315.27 in chips)
Hero: posts small blind $2
f2d845f4: posts big blind $4
*** HOLE CARDS ***
Dealt to f2d845f4 
Dealt to 63cc27fb 
Dealt to 7e7bbfca 
Dealt to d0325766 
Dealt to f6dddcd4 
Dealt to Hero [3d 5s]
Dealt to a66b26bd 
63cc27fb: folds
d0325766: raises $8 to $12
a66b26bd: folds
f6dddcd4: folds
7e7bbfca: folds
Hero: folds
f2d845f4: calls $8
*** FLOP *** [3s 4s Tc]
f2d845f4: bets $19.5
d0325766: calls $19.5
*** TURN *** [3s 4s Tc] [Jc]
f2d845f4: checks
d0325766: bets $32.5
f2d845f4: calls $32.5
*** RIVER *** [3s 4s Tc Jc] [7h]
f2d845f4: checks
d0325766: checks
f2d845f4: shows [Kc Td]
d0325766: shows [Ac Th]
*** SHOWDOWN ***
d0325766 collected $130 from pot
*** SUMMARY ***
Total pot $130
Board [3s 4s Tc Jc 7h]
Seat 5: f2d845f4(big blind) showed [Kc Td] and lost with Pair of Tens
Seat 6: 63cc27fb folded before Flop (didn't bet)
Seat 3: 7e7bbfca folded before Flop (didn't bet)
Seat 7: d0325766 showed [Ac Th] and won ($130) with Pair of Tens
Seat 2: f6dddcd4 folded before Flop (didn't bet)
Seat 4: Hero(small blind) folded before Flop
Seat 1: a66b26bd folded before Flop (didn't bet)



Poker Hand #ring_883619145: NLH No Limit ($2/$4) - 2025/05/18 01:25:40
Table 'MR NLH 2/4' 7-max Seat #2 is the button
Seat 5: f2d845f4 ($238.32 in chips)
Seat 6: 63cc27fb ($468.49 in chips)
Seat 3: 7e7bbfca ($723.7 in chips)
Seat 7: d0325766 ($339.53 in chips)
Seat 2: f6dddcd4 ($406.8 in chips)
Seat 4: Hero ($466.52 in chips)
Seat 1: a66b26bd ($315.27 in chips)
7e7bbfca: posts small blind $2
Hero: posts big blind $4
*** HOLE CARDS ***
Dealt to f2d845f4 
Dealt to 63cc27fb 
Dealt to 7e7bbfca 
Dealt to d0325766 
Dealt to f6dddcd4 
Dealt to Hero [Td Ks]
Dealt to a66b26bd 
f2d845f4: calls $4
63cc27fb: folds
d0325766: folds
a66b26bd: folds
f6dddcd4: folds
7e7bbfca: folds
Hero: checks
*** FLOP *** [Ac 2h Qc]
Hero: checks
f2d845f4: checks
*** TURN *** [Ac 2h Qc] [8c]
Hero: bets $11.5
f2d845f4: calls $11.5
*** RIVER *** [Ac 2h Qc 8c] [2c]
Hero: checks
f2d845f4: bets $16.5
Hero: folds
Uncalled bet ($16.5) returned to f2d845f4
*** SHOWDOWN ***
f2d845f4 collected $33 from pot
*** SUMMARY ***
Total pot $33
Board [Ac 2h Qc 8c 2c]
Seat 5: f2d845f4won ($33) with Ace High Flush
Seat 6: 63cc27fb folded before Flop (didn't bet)
Seat 3: 7e7bbfca(small blind) folded before Flop
Seat 7: d0325766 folded before Flop (didn't bet)
Seat 2: f6dddcd4 folded before Flop (didn't bet)
Seat 4: Hero(big blind) folded on the River
Seat 1: a66b26bd folded before Flop (didn't bet)



Poker Hand #ring_883618325: NLH No Limit ($2/$4) - 2025/05/18 01:25:12
Table 'MR NLH 2/4' 7-max Seat #1 is the button
Seat 5: f2d845f4 ($220.32 in chips)
Seat 6: 63cc27fb ($468.49 in chips)
Seat 3: 7e7bbfca ($727.7 in chips)
Seat 7: d0325766 ($339.53 in chips)
Seat 2: f6dddcd4 ($408.8 in chips)
Seat 4: Hero ($478.52 in chips)
Seat 1: a66b26bd ($315.27 in chips)
f6dddcd4: posts small blind $2
7e7bbfca: posts big blind $4
*** HOLE CARDS ***
Dealt to f2d845f4 
Dealt to 63cc27fb 
Dealt to 7e7bbfca 
Dealt to d0325766 
Dealt to f6dddcd4 
Dealt to Hero [3h 3d]
Dealt to a66b26bd 
Hero: raises $8 to $12
f2d845f4: raises $30 to $42
63cc27fb: folds
d0325766: folds
a66b26bd: folds
f6dddcd4: folds
7e7bbfca: folds
Hero: folds
Uncalled bet ($30) returned to f2d845f4
*** SHOWDOWN ***
f2d845f4 collected $30 from pot
*** SUMMARY ***
Total pot $30
Seat 5: f2d845f4won ($30)
Seat 6: 63cc27fb folded before Flop (didn't bet)
Seat 3: 7e7bbfca(big blind) folded before Flop
Seat 7: d0325766 folded before Flop (didn't bet)
Seat 2: f6dddcd4(small blind) folded before Flop
Seat 4: Hero folded before Flop
Seat 1: a66b26bd folded before Flop (didn't bet)



Poker Hand #ring_883615572: NLH No Limit ($2/$4) - 2025/05/18 01:23:28
Table 'MR NLH 2/4' 7-max Seat #7 is the button
Seat 5: f2d845f4 ($232.32 in chips)
Seat 6: 63cc27fb ($468.49 in chips)
Seat 3: 7e7bbfca ($727.7 in chips)
Seat 7: d0325766 ($372.53 in chips)
Seat 2: f6dddcd4 ($412.8 in chips)
Seat 4: Hero ($432.3 in chips)
Seat 1: a66b26bd ($317.27 in chips)
a66b26bd: posts small blind $2
f6dddcd4: posts big blind $4
*** HOLE CARDS ***
Dealt to f2d845f4 
Dealt to 63cc27fb 
Dealt to 7e7bbfca 
Dealt to d0325766 
Dealt to f6dddcd4 
Dealt to Hero [2s 2h]
Dealt to a66b26bd 
7e7bbfca: folds
Hero: raises $8 to $12
f2d845f4: calls $12
63cc27fb: folds
d0325766: calls $12
a66b26bd: folds
f6dddcd4: folds
*** FLOP *** [7s 7c 8h]
Hero: checks
f2d845f4: checks
d0325766: bets $21
Hero: calls $21
f2d845f4: folds
*** TURN *** [7s 7c 8h] [As]
Hero: bets $42
d0325766: folds
Uncalled bet ($42) returned to Hero
*** SHOWDOWN ***
Hero collected $84 from pot
*** SUMMARY ***
Total pot $84
Board [7s 7c 8h As]
Seat 5: f2d845f4 folded on the Flop
Seat 6: 63cc27fb folded before Flop (didn't bet)
Seat 3: 7e7bbfca folded before Flop (didn't bet)
Seat 7: d0325766 folded on the Turn
Seat 2: f6dddcd4(big blind) folded before Flop
Seat 4: Herowon ($84) with Pair of Sevens and Pair of Twos
Seat 1: a66b26bd(small blind) folded before Flop



Poker Hand #ring_883614624: NLH No Limit ($2/$4) - 2025/05/18 01:22:52
Table 'MR NLH 2/4' 7-max Seat #6 is the button
Seat 5: f2d845f4 ($232.32 in chips)
Seat 6: 63cc27fb ($468.49 in chips)
Seat 3: 7e7bbfca ($727.7 in chips)
Seat 7: d0325766 ($374.53 in chips)
Seat 2: f6dddcd4 ($412.8 in chips)
Seat 4: Hero ($432.3 in chips)
Seat 1: a66b26bd ($315.27 in chips)
d0325766: posts small blind $2
a66b26bd: posts big blind $4
*** HOLE CARDS ***
Dealt to f2d845f4 
Dealt to 63cc27fb 
Dealt to 7e7bbfca 
Dealt to d0325766 
Dealt to f6dddcd4 
Dealt to Hero [3d Tc]
Dealt to a66b26bd 
f6dddcd4: folds
7e7bbfca: folds
Hero: folds
f2d845f4: folds
63cc27fb: folds
d0325766: folds
*** SHOWDOWN ***
a66b26bd collected $6 from pot
*** SUMMARY ***
Total pot $6
Seat 5: f2d845f4 folded before Flop (didn't bet)
Seat 6: 63cc27fb folded before Flop (didn't bet)
Seat 3: 7e7bbfca folded before Flop (didn't bet)
Seat 7: d0325766(small blind) folded before Flop
Seat 2: f6dddcd4 folded before Flop (didn't bet)
Seat 4: Hero folded before Flop (didn't bet)
Seat 1: a66b26bd(big blind)won ($6)



Poker Hand #ring_883613387: NLH No Limit ($2/$4) - 2025/05/18 01:22:07
Table 'MR NLH 2/4' 7-max Seat #5 is the button
Seat 5: f2d845f4 ($232.32 in chips)
Seat 6: 63cc27fb ($470.49 in chips)
Seat 3: 7e7bbfca ($739.7 in chips)
Seat 7: d0325766 ($226.53 in chips)
Seat 2: f6dddcd4 ($412.8 in chips)
Seat 4: Hero ($432.3 in chips)
Seat 1: a66b26bd ($298.62 in chips)
63cc27fb: posts small blind $2
d0325766: posts big blind $4
*** HOLE CARDS ***
Dealt to f2d845f4 
Dealt to 63cc27fb 
Dealt to 7e7bbfca 
Dealt to d0325766 
Dealt to f6dddcd4 
Dealt to Hero [9d 4d]
Dealt to a66b26bd 
a66b26bd: raises $8 to $12
f6dddcd4: folds
7e7bbfca: calls $12
Hero: folds
f2d845f4: folds
63cc27fb: folds
d0325766: folds
*** FLOP *** [Th Jd 9h]
a66b26bd: bets $15
7e7bbfca: folds
Uncalled bet ($15) returned to a66b26bd
*** SHOWDOWN ***
a66b26bd collected $30 from pot
*** SUMMARY ***
Total pot $30
Board [Th Jd 9h]
Seat 5: f2d845f4 folded before Flop (didn't bet)
Seat 6: 63cc27fb(small blind) folded before Flop
Seat 3: 7e7bbfca folded on the Flop
Seat 7: d0325766(big blind) folded before Flop
Seat 2: f6dddcd4 folded before Flop (didn't bet)
Seat 4: Hero folded before Flop (didn't bet)
Seat 1: a66b26bdwon ($30) with Pair of Jacks



Poker Hand #ring_883611792: NLH No Limit ($2/$4) - 2025/05/18 01:21:08
Table 'MR NLH 2/4' 7-max Seat #4 is the button
Seat 5: f2d845f4 ($253.56 in chips)
Seat 6: 63cc27fb ($474.49 in chips)
Seat 3: 7e7bbfca ($739.7 in chips)
Seat 7: d0325766 ($226.53 in chips)
Seat 2: f6dddcd4 ($412.8 in chips)
Seat 4: Hero ($432.3 in chips)
Seat 1: a66b26bd ($276.47 in chips)
f2d845f4: posts small blind $2
63cc27fb: posts big blind $4
*** HOLE CARDS ***
Dealt to f2d845f4 
Dealt to 63cc27fb 
Dealt to 7e7bbfca 
Dealt to d0325766 
Dealt to f6dddcd4 
Dealt to Hero [2d 4c]
Dealt to a66b26bd 
d0325766: folds
a66b26bd: raises $8 to $12
f6dddcd4: folds
7e7bbfca: folds
Hero: folds
f2d845f4: calls $10
63cc27fb: folds
*** FLOP *** [Td 9h Qc]
f2d845f4: checks
a66b26bd: checks
*** TURN *** [Td 9h Qc] [2s]
f2d845f4: bets $9.24
a66b26bd: calls $9.24
*** RIVER *** [Td 9h Qc 2s] [Js]
f2d845f4: checks
a66b26bd: bets $23.24
f2d845f4: folds
Uncalled bet ($23.24) returned to a66b26bd
*** SHOWDOWN ***
a66b26bd collected $46.48 from pot
*** SUMMARY ***
Total pot $46.48
Board [Td 9h Qc 2s Js]
Seat 5: f2d845f4(small blind) folded on the River
Seat 6: 63cc27fb(big blind) folded before Flop
Seat 3: 7e7bbfca folded before Flop (didn't bet)
Seat 7: d0325766 folded before Flop (didn't bet)
Seat 2: f6dddcd4 folded before Flop (didn't bet)
Seat 4: Hero folded before Flop (didn't bet)
Seat 1: a66b26bdwon ($46.48) with Queens-High Straight



Poker Hand #ring_883610394: NLH No Limit ($2/$4) - 2025/05/18 01:20:16
Table 'MR NLH 2/4' 7-max Seat #3 is the button
Seat 5: f2d845f4 ($266.56 in chips)
Seat 6: 63cc27fb ($474.49 in chips)
Seat 3: 7e7bbfca ($739.7 in chips)
Seat 7: d0325766 ($226.53 in chips)
Seat 2: f6dddcd4 ($397.15 in chips)
Seat 4: Hero ($436.3 in chips)
Seat 1: a66b26bd ($276.47 in chips)
Hero: posts small blind $2
f2d845f4: posts big blind $4
*** HOLE CARDS ***
Dealt to f2d845f4 
Dealt to 63cc27fb 
Dealt to 7e7bbfca 
Dealt to d0325766 
Dealt to f6dddcd4 
Dealt to Hero [5h 9c]
Dealt to a66b26bd 
63cc27fb: folds
d0325766: folds
a66b26bd: folds
f6dddcd4: calls $4
7e7bbfca: folds
Hero: calls $2
f2d845f4: checks
*** FLOP *** [Ts 9d Js]
Hero: checks
f2d845f4: bets $9
f6dddcd4: calls $9
Hero: folds
*** TURN *** [Ts 9d Js] [5d]
f2d845f4: checks
f6dddcd4: bets $30
f2d845f4: folds
Uncalled bet ($30) returned to f6dddcd4
*** SHOWDOWN ***
f6dddcd4 collected $30 from pot
*** SUMMARY ***
Total pot $30
Board [Ts 9d Js 5d]
Seat 5: f2d845f4(big blind) folded on the Turn
Seat 6: 63cc27fb folded before Flop (didn't bet)
Seat 3: 7e7bbfca folded before Flop (didn't bet)
Seat 7: d0325766 folded before Flop (didn't bet)
Seat 2: f6dddcd4won ($30) with Pair of Jacks and Pair of Nines
Seat 4: Hero(small blind) folded on the Flop
Seat 1: a66b26bd folded before Flop (didn't bet)



Poker Hand #ring_883609145: NLH No Limit ($2/$4) - 2025/05/18 01:19:30
Table 'MR NLH 2/4' 7-max Seat #2 is the button
Seat 5: f2d845f4 ($266.56 in chips)
Seat 6: 63cc27fb ($474.49 in chips)
Seat 3: 7e7bbfca ($740.59 in chips)
Seat 7: d0325766 ($226.53 in chips)
Seat 2: f6dddcd4 ($397.15 in chips)
Seat 4: Hero ($437.2 in chips)
Seat 1: a66b26bd ($276.47 in chips)
7e7bbfca: posts small blind $2
Hero: posts big blind $4
*** HOLE CARDS ***
Dealt to f2d845f4 
Dealt to 63cc27fb 
Dealt to 7e7bbfca 
Dealt to d0325766 
Dealt to f6dddcd4 
Dealt to Hero [9d Kh]
Dealt to a66b26bd 
f2d845f4: folds
63cc27fb: folds
d0325766: folds
a66b26bd: folds
f6dddcd4: folds
7e7bbfca: raises $8 to $12
Hero: calls $8
*** FLOP *** [Js 9h Ah]
7e7bbfca: bets $7.92
Hero: calls $7.92
*** TURN *** [Js 9h Ah] [Jh]
7e7bbfca: checks
Hero: checks
*** RIVER *** [Js 9h Ah Jh] [3s]
7e7bbfca: checks
Hero: checks
7e7bbfca: shows [9c Td]
Hero: shows [9d Kh]
*** SHOWDOWN ***
7e7bbfca collected $19.92 from pot
Hero collected $19.92 from pot
*** SUMMARY ***
Total pot $39.84
Board [Js 9h Ah Jh 3s]
Seat 5: f2d845f4 folded before Flop (didn't bet)
Seat 6: 63cc27fb folded before Flop (didn't bet)
Seat 3: 7e7bbfca(small blind) showed [9c Td] and won ($19.92) with Pair of Jacks and Pair of Nines
Seat 7: d0325766 folded before Flop (didn't bet)
Seat 2: f6dddcd4 folded before Flop (didn't bet)
Seat 4: Hero(big blind) showed [9d Kh] and won ($19.92) with Pair of Jacks and Pair of Nines
Seat 1: a66b26bd folded before Flop (didn't bet)



Poker Hand #ring_883608385: NLH No Limit ($2/$4) - 2025/05/18 01:19:02
Table 'MR NLH 2/4' 7-max Seat #1 is the button
Seat 5: f2d845f4 ($266.56 in chips)
Seat 6: 63cc27fb ($474.49 in chips)
Seat 3: 7e7bbfca ($744.59 in chips)
Seat 7: d0325766 ($226.53 in chips)
Seat 2: f6dddcd4 ($399.15 in chips)
Seat 4: Hero ($431.2 in chips)
Seat 1: a66b26bd ($276.47 in chips)
f6dddcd4: posts small blind $2
7e7bbfca: posts big blind $4
*** HOLE CARDS ***
Dealt to f2d845f4 
Dealt to 63cc27fb 
Dealt to 7e7bbfca 
Dealt to d0325766 
Dealt to f6dddcd4 
Dealt to Hero [8s 8d]
Dealt to a66b26bd 
Hero: raises $8 to $12
f2d845f4: folds
63cc27fb: folds
d0325766: folds
a66b26bd: folds
f6dddcd4: folds
7e7bbfca: folds
Uncalled bet ($8) returned to Hero
*** SHOWDOWN ***
Hero collected $10 from pot
*** SUMMARY ***
Total pot $10
Seat 5: f2d845f4 folded before Flop (didn't bet)
Seat 6: 63cc27fb folded before Flop (didn't bet)
Seat 3: 7e7bbfca(big blind) folded before Flop
Seat 7: d0325766 folded before Flop (didn't bet)
Seat 2: f6dddcd4(small blind) folded before Flop
Seat 4: Herowon ($10)
Seat 1: a66b26bd folded before Flop (didn't bet)



Poker Hand #ring_883607503: NLH No Limit ($2/$4) - 2025/05/18 01:18:28
Table 'MR NLH 2/4' 7-max Seat #7 is the button
Seat 5: f2d845f4 ($266.56 in chips)
Seat 6: 63cc27fb ($474.49 in chips)
Seat 3: 7e7bbfca ($744.59 in chips)
Seat 7: d0325766 ($226.53 in chips)
Seat 2: f6dddcd4 ($397.15 in chips)
Seat 4: Hero ($431.2 in chips)
Seat 1: a66b26bd ($278.47 in chips)
a66b26bd: posts small blind $2
f6dddcd4: posts big blind $4
*** HOLE CARDS ***
Dealt to f2d845f4 
Dealt to 63cc27fb 
Dealt to 7e7bbfca 
Dealt to d0325766 
Dealt to f6dddcd4 
Dealt to Hero [4d 7d]
Dealt to a66b26bd 
7e7bbfca: folds
Hero: folds
f2d845f4: folds
63cc27fb: folds
d0325766: folds
a66b26bd: folds
*** SHOWDOWN ***
f6dddcd4 collected $6 from pot
*** SUMMARY ***
Total pot $6
Seat 5: f2d845f4 folded before Flop (didn't bet)
Seat 6: 63cc27fb folded before Flop (didn't bet)
Seat 3: 7e7bbfca folded before Flop (didn't bet)
Seat 7: d0325766 folded before Flop (didn't bet)
Seat 2: f6dddcd4(big blind)won ($6)
Seat 4: Hero folded before Flop (didn't bet)
Seat 1: a66b26bd(small blind) folded before Flop



Poker Hand #ring_883606708: NLH No Limit ($2/$4) - 2025/05/18 01:17:59
Table 'MR NLH 2/4' 7-max Seat #6 is the button
Seat 5: f2d845f4 ($266.56 in chips)
Seat 6: 63cc27fb ($468.49 in chips)
Seat 3: 7e7bbfca ($744.59 in chips)
Seat 7: d0325766 ($228.53 in chips)
Seat 2: f6dddcd4 ($397.15 in chips)
Seat 4: Hero ($431.2 in chips)
Seat 1: a66b26bd ($282.47 in chips)
d0325766: posts small blind $2
a66b26bd: posts big blind $4
*** HOLE CARDS ***
Dealt to f2d845f4 
Dealt to 63cc27fb 
Dealt to 7e7bbfca 
Dealt to d0325766 
Dealt to f6dddcd4 
Dealt to Hero [9h 6s]
Dealt to a66b26bd 
f6dddcd4: folds
7e7bbfca: folds
Hero: folds
f2d845f4: folds
63cc27fb: raises $8 to $12
d0325766: folds
a66b26bd: folds
Uncalled bet ($8) returned to 63cc27fb
*** SHOWDOWN ***
63cc27fb collected $10 from pot
*** SUMMARY ***
Total pot $10
Seat 5: f2d845f4 folded before Flop (didn't bet)
Seat 6: 63cc27fbwon ($10)
Seat 3: 7e7bbfca folded before Flop (didn't bet)
Seat 7: d0325766(small blind) folded before Flop
Seat 2: f6dddcd4 folded before Flop (didn't bet)
Seat 4: Hero folded before Flop (didn't bet)
Seat 1: a66b26bd(big blind) folded before Flop



Poker Hand #ring_883605222: NLH No Limit ($2/$4) - 2025/05/18 01:17:04
Table 'MR NLH 2/4' 7-max Seat #5 is the button
Seat 5: f2d845f4 ($266.56 in chips)
Seat 6: 63cc27fb ($470.49 in chips)
Seat 3: 7e7bbfca ($744.59 in chips)
Seat 7: d0325766 ($181.21 in chips)
Seat 2: f6dddcd4 ($397.15 in chips)
Seat 4: Hero ($431.2 in chips)
Seat 1: a66b26bd ($333.47 in chips)
63cc27fb: posts small blind $2
d0325766: posts big blind $4
*** HOLE CARDS ***
Dealt to f2d845f4 
Dealt to 63cc27fb 
Dealt to 7e7bbfca 
Dealt to d0325766 
Dealt to f6dddcd4 
Dealt to Hero [Kc 4h]
Dealt to a66b26bd 
a66b26bd: raises $8 to $12
f6dddcd4: folds
7e7bbfca: folds
Hero: folds
f2d845f4: folds
63cc27fb: folds
d0325766: calls $8
*** FLOP *** [Jd 8d Qd]
d0325766: checks
a66b26bd: bets $13
d0325766: calls $13
*** TURN *** [Jd 8d Qd] [6h]
d0325766: checks
a66b26bd: bets $26
d0325766: raises $130.21 to $156.21 and is all-in
a66b26bd: folds
Uncalled bet ($130.21) returned to d0325766
*** SHOWDOWN ***
d0325766 collected $104 from pot
*** SUMMARY ***
Total pot $104
Board [Jd 8d Qd 6h]
Seat 5: f2d845f4 folded before Flop (didn't bet)
Seat 6: 63cc27fb(small blind) folded before Flop
Seat 3: 7e7bbfca folded before Flop (didn't bet)
Seat 7: d0325766(big blind)won ($104) with Pair of Queens
Seat 2: f6dddcd4 folded before Flop (didn't bet)
Seat 4: Hero folded before Flop (didn't bet)
Seat 1: a66b26bd folded on the Turn



Poker Hand #ring_883603256: NLH No Limit ($2/$4) - 2025/05/18 01:15:52
Table 'MR NLH 2/4' 7-max Seat #4 is the button
Seat 5: f2d845f4 ($268.56 in chips)
Seat 6: 63cc27fb ($482.49 in chips)
Seat 3: 7e7bbfca ($738.44 in chips)
Seat 7: d0325766 ($181.21 in chips)
Seat 2: f6dddcd4 ($397.15 in chips)
Seat 4: Hero ($425.06 in chips)
Seat 1: a66b26bd ($333.47 in chips)
f2d845f4: posts small blind $2
63cc27fb: posts big blind $4
*** HOLE CARDS ***
Dealt to f2d845f4 
Dealt to 63cc27fb 
Dealt to 7e7bbfca 
Dealt to d0325766 
Dealt to f6dddcd4 
Dealt to Hero [Qc Kd]
Dealt to a66b26bd 
d0325766: folds
a66b26bd: folds
f6dddcd4: folds
7e7bbfca: raises $8 to $12
Hero: calls $12
f2d845f4: folds
63cc27fb: calls $8
*** FLOP *** [4d 3d 6h]
63cc27fb: checks
7e7bbfca: checks
Hero: checks
*** TURN *** [4d 3d 6h] [5d]
63cc27fb: checks
7e7bbfca: checks
Hero: checks
*** RIVER *** [4d 3d 6h 5d] [Kh]
63cc27fb: checks
7e7bbfca: checks
Hero: checks
7e7bbfca: shows [Kc Qh]
Hero: shows [Qc Kd]
63cc27fb: shows [8h Jh]
*** SHOWDOWN ***
7e7bbfca collected $19 from pot
Hero collected $19 from pot
*** SUMMARY ***
Total pot $38
Board [4d 3d 6h 5d Kh]
Seat 5: f2d845f4(small blind) folded before Flop
Seat 6: 63cc27fb(big blind) showed [8h Jh] and lost with King-High
Seat 3: 7e7bbfca showed [Kc Qh] and won ($19) with Pair of Kings
Seat 7: d0325766 folded before Flop (didn't bet)
Seat 2: f6dddcd4 folded before Flop (didn't bet)
Seat 4: Hero showed [Qc Kd] and won ($19) with Pair of Kings
Seat 1: a66b26bd folded before Flop (didn't bet)



Poker Hand #ring_883602106: NLH No Limit ($2/$4) - 2025/05/18 01:15:10
Table 'MR NLH 2/4' 7-max Seat #3 is the button
Seat 5: f2d845f4 ($272.56 in chips)
Seat 6: 63cc27fb ($482.49 in chips)
Seat 3: 7e7bbfca ($766.98 in chips)
Seat 7: d0325766 ($181.21 in chips)
Seat 2: f6dddcd4 ($366.44 in chips)
Seat 4: Hero ($427.06 in chips)
Seat 1: a66b26bd ($333.47 in chips)
Hero: posts small blind $2
f2d845f4: posts big blind $4
*** HOLE CARDS ***
Dealt to f2d845f4 
Dealt to 63cc27fb 
Dealt to 7e7bbfca 
Dealt to d0325766 
Dealt to f6dddcd4 
Dealt to Hero [5c 8d]
Dealt to a66b26bd 
63cc27fb: folds
d0325766: folds
a66b26bd: folds
f6dddcd4: calls $4
7e7bbfca: raises $12 to $16
Hero: folds
f2d845f4: folds
f6dddcd4: calls $12
*** FLOP *** [Tc 3c Js]
f6dddcd4: checks
7e7bbfca: bets $12.54
f6dddcd4: raises $63.08 to $75.62
7e7bbfca: folds
Uncalled bet ($63.08) returned to f6dddcd4
*** SHOWDOWN ***
f6dddcd4 collected $63.08 from pot
*** SUMMARY ***
Total pot $63.08
Board [Tc 3c Js]
Seat 5: f2d845f4(big blind) folded before Flop
Seat 6: 63cc27fb folded before Flop (didn't bet)
Seat 3: 7e7bbfca folded on the Flop
Seat 7: d0325766 folded before Flop (didn't bet)
Seat 2: f6dddcd4won ($63.08) with Pair of Jacks
Seat 4: Hero(small blind) folded before Flop
Seat 1: a66b26bd folded before Flop (didn't bet)



Poker Hand #ring_883600939: NLH No Limit ($2/$4) - 2025/05/18 01:14:26
Table 'MR NLH 2/4' 7-max Seat #2 is the button
Seat 5: f2d845f4 ($272.56 in chips)
Seat 6: 63cc27fb ($482.49 in chips)
Seat 3: 7e7bbfca ($768.98 in chips)
Seat 7: d0325766 ($185.21 in chips)
Seat 2: f6dddcd4 ($366.44 in chips)
Seat 4: Hero ($421.51 in chips)
Seat 1: a66b26bd ($333.47 in chips)
7e7bbfca: posts small blind $2
Hero: posts big blind $4
*** HOLE CARDS ***
Dealt to f2d845f4 
Dealt to 63cc27fb 
Dealt to 7e7bbfca 
Dealt to d0325766 
Dealt to f6dddcd4 
Dealt to Hero [Qd 6c]
Dealt to a66b26bd 
f2d845f4: folds
63cc27fb: folds
d0325766: calls $4
a66b26bd: folds
f6dddcd4: folds
7e7bbfca: folds
Hero: checks
*** FLOP *** [2h 3c 3s]
Hero: checks
d0325766: checks
*** TURN *** [2h 3c 3s] [8s]
Hero: checks
d0325766: checks
*** RIVER *** [2h 3c 3s 8s] [4s]
Hero: bets $4
d0325766: folds
Uncalled bet ($4) returned to Hero
*** SHOWDOWN ***
Hero collected $10 from pot
*** SUMMARY ***
Total pot $10
Board [2h 3c 3s 8s 4s]
Seat 5: f2d845f4 folded before Flop (didn't bet)
Seat 6: 63cc27fb folded before Flop (didn't bet)
Seat 3: 7e7bbfca(small blind) folded before Flop
Seat 7: d0325766 folded on the River
Seat 2: f6dddcd4 folded before Flop (didn't bet)
Seat 4: Hero(big blind)won ($10) with Pair of Treys
Seat 1: a66b26bd folded before Flop (didn't bet)



Poker Hand #ring_883598815: NLH No Limit ($2/$4) - 2025/05/18 01:13:07
Table 'MR NLH 2/4' 7-max Seat #1 is the button
Seat 5: f2d845f4 ($347.56 in chips)
Seat 6: 63cc27fb ($482.49 in chips)
Seat 3: 7e7bbfca ($772.98 in chips)
Seat 7: d0325766 ($185.21 in chips)
Seat 2: f6dddcd4 ($283.91 in chips)
Seat 4: Hero ($421.51 in chips)
Seat 1: a66b26bd ($345.47 in chips)
f6dddcd4: posts small blind $2
7e7bbfca: posts big blind $4
*** HOLE CARDS ***
Dealt to f2d845f4 
Dealt to 63cc27fb 
Dealt to 7e7bbfca 
Dealt to d0325766 
Dealt to f6dddcd4 
Dealt to Hero [2s 3c]
Dealt to a66b26bd 
Hero: folds
f2d845f4: raises $8 to $12
63cc27fb: folds
d0325766: folds
a66b26bd: calls $12
f6dddcd4: raises $63 to $75
7e7bbfca: folds
f2d845f4: calls $63
a66b26bd: folds
*** FLOP *** [6s 6c 4c]
f6dddcd4: bets $166
f2d845f4: folds
Uncalled bet ($166) returned to f6dddcd4
*** SHOWDOWN ***
f6dddcd4 collected $166 from pot
*** SUMMARY ***
Total pot $166
Board [6s 6c 4c]
Seat 5: f2d845f4 folded on the Flop
Seat 6: 63cc27fb folded before Flop (didn't bet)
Seat 3: 7e7bbfca(big blind) folded before Flop
Seat 7: d0325766 folded before Flop (didn't bet)
Seat 2: f6dddcd4(small blind)won ($166) with Pair of Kings and Pair of Sixes
Seat 4: Hero folded before Flop (didn't bet)
Seat 1: a66b26bd folded before Flop



Poker Hand #ring_883598234: NLH No Limit ($2/$4) - 2025/05/18 01:12:46
Table 'MR NLH 2/4' 7-max Seat #7 is the button
Seat 5: f2d845f4 ($347.56 in chips)
Seat 6: 63cc27fb ($482.49 in chips)
Seat 3: 7e7bbfca ($766.98 in chips)
Seat 7: d0325766 ($185.21 in chips)
Seat 2: f6dddcd4 ($287.91 in chips)
Seat 4: Hero ($421.51 in chips)
Seat 1: a66b26bd ($347.47 in chips)
a66b26bd: posts small blind $2
f6dddcd4: posts big blind $4
*** HOLE CARDS ***
Dealt to f2d845f4 
Dealt to 63cc27fb 
Dealt to 7e7bbfca 
Dealt to d0325766 
Dealt to f6dddcd4 
Dealt to Hero [Js 7s]
Dealt to a66b26bd 
7e7bbfca: raises $8 to $12
Hero: folds
f2d845f4: folds
63cc27fb: folds
d0325766: folds
a66b26bd: folds
f6dddcd4: folds
Uncalled bet ($8) returned to 7e7bbfca
*** SHOWDOWN ***
7e7bbfca collected $10 from pot
*** SUMMARY ***
Total pot $10
Seat 5: f2d845f4 folded before Flop (didn't bet)
Seat 6: 63cc27fb folded before Flop (didn't bet)
Seat 3: 7e7bbfcawon ($10)
Seat 7: d0325766 folded before Flop (didn't bet)
Seat 2: f6dddcd4(big blind) folded before Flop
Seat 4: Hero folded before Flop (didn't bet)
Seat 1: a66b26bd(small blind) folded before Flop



Poker Hand #ring_883597087: NLH No Limit ($2/$4) - 2025/05/18 01:12:04
Table 'MR NLH 2/4' 7-max Seat #6 is the button
Seat 5: f2d845f4 ($347.56 in chips)
Seat 6: 63cc27fb ($482.49 in chips)
Seat 3: 7e7bbfca ($766.98 in chips)
Seat 7: d0325766 ($187.21 in chips)
Seat 2: f6dddcd4 ($282.36 in chips)
Seat 4: Hero ($421.51 in chips)
Seat 1: a66b26bd ($351.47 in chips)
d0325766: posts small blind $2
a66b26bd: posts big blind $4
*** HOLE CARDS ***
Dealt to f2d845f4 
Dealt to 63cc27fb 
Dealt to 7e7bbfca 
Dealt to d0325766 
Dealt to f6dddcd4 
Dealt to Hero [8c Js]
Dealt to a66b26bd 
f6dddcd4: calls $4
7e7bbfca: folds
Hero: folds
f2d845f4: folds
63cc27fb: folds
d0325766: folds
a66b26bd: checks
*** FLOP *** [8d 5s 7s]
a66b26bd: checks
f6dddcd4: bets $10
a66b26bd: folds
Uncalled bet ($10) returned to f6dddcd4
*** SHOWDOWN ***
f6dddcd4 collected $10 from pot
*** SUMMARY ***
Total pot $10
Board [8d 5s 7s]
Seat 5: f2d845f4 folded before Flop (didn't bet)
Seat 6: 63cc27fb folded before Flop (didn't bet)
Seat 3: 7e7bbfca folded before Flop (didn't bet)
Seat 7: d0325766(small blind) folded before Flop
Seat 2: f6dddcd4won ($10) with Ten-High
Seat 4: Hero folded before Flop (didn't bet)
Seat 1: a66b26bd(big blind) folded on the Flop



Poker Hand #ring_883595730: NLH No Limit ($2/$4) - 2025/05/18 01:11:13
Table 'MR NLH 2/4' 7-max Seat #5 is the button
Seat 5: f2d845f4 ($311.43 in chips)
Seat 6: 63cc27fb ($484.49 in chips)
Seat 3: 7e7bbfca ($766.98 in chips)
Seat 7: d0325766 ($191.21 in chips)
Seat 2: f6dddcd4 ($282.36 in chips)
Seat 4: Hero ($421.51 in chips)
Seat 1: a66b26bd ($385.97 in chips)
63cc27fb: posts small blind $2
d0325766: posts big blind $4
*** HOLE CARDS ***
Dealt to f2d845f4 
Dealt to 63cc27fb 
Dealt to 7e7bbfca 
Dealt to d0325766 
Dealt to f6dddcd4 
Dealt to Hero [5h 3h]
Dealt to a66b26bd 
a66b26bd: raises $8 to $12
f6dddcd4: folds
7e7bbfca: folds
Hero: folds
f2d845f4: raises $22.5 to $34.5
63cc27fb: folds
d0325766: folds
a66b26bd: calls $22.5
*** FLOP *** [As Jh 8s]
a66b26bd: checks
f2d845f4: checks
*** TURN *** [As Jh 8s] [6c]
a66b26bd: checks
f2d845f4: checks
*** RIVER *** [As Jh 8s 6c] [Js]
a66b26bd: checks
f2d845f4: checks
a66b26bd: shows [Qd Ks]
f2d845f4: shows [7c Jc]
*** SHOWDOWN ***
f2d845f4 collected $75 from pot
*** SUMMARY ***
Total pot $75
Board [As Jh 8s 6c Js]
Seat 5: f2d845f4 showed [7c Jc] and won ($75) with Three Jacks
Seat 6: 63cc27fb(small blind) folded before Flop
Seat 3: 7e7bbfca folded before Flop (didn't bet)
Seat 7: d0325766(big blind) folded before Flop
Seat 2: f6dddcd4 folded before Flop (didn't bet)
Seat 4: Hero folded before Flop (didn't bet)
Seat 1: a66b26bd showed [Qd Ks] and lost with Pair of Jacks



Poker Hand #ring_883594037: NLH No Limit ($2/$4) - 2025/05/18 01:10:13
Table 'MR NLH 2/4' 7-max Seat #4 is the button
Seat 5: f2d845f4 ($313.43 in chips)
Seat 6: 63cc27fb ($496.49 in chips)
Seat 3: 7e7bbfca ($778.98 in chips)
Seat 7: d0325766 ($191.21 in chips)
Seat 2: f6dddcd4 ($282.36 in chips)
Seat 4: Hero ($397.22 in chips)
Seat 1: a66b26bd ($385.97 in chips)
f2d845f4: posts small blind $2
63cc27fb: posts big blind $4
*** HOLE CARDS ***
Dealt to f2d845f4 
Dealt to 63cc27fb 
Dealt to 7e7bbfca 
Dealt to d0325766 
Dealt to f6dddcd4 
Dealt to Hero [Kc Qd]
Dealt to a66b26bd 
d0325766: folds
a66b26bd: folds
f6dddcd4: folds
7e7bbfca: raises $8 to $12
Hero: calls $12
f2d845f4: folds
63cc27fb: calls $8
*** FLOP *** [5h Qs 8s]
63cc27fb: checks
7e7bbfca: checks
Hero: bets $18.8
63cc27fb: folds
7e7bbfca: folds
Uncalled bet ($18.8) returned to Hero
*** SHOWDOWN ***
Hero collected $38 from pot
*** SUMMARY ***
Total pot $38
Board [5h Qs 8s]
Seat 5: f2d845f4(small blind) folded before Flop
Seat 6: 63cc27fb(big blind) folded on the Flop
Seat 3: 7e7bbfca folded on the Flop
Seat 7: d0325766 folded before Flop (didn't bet)
Seat 2: f6dddcd4 folded before Flop (didn't bet)
Seat 4: Herowon ($38) with Pair of Queens
Seat 1: a66b26bd folded before Flop (didn't bet)



Poker Hand #ring_883593251: NLH No Limit ($2/$4) - 2025/05/18 01:09:43
Table 'MR NLH 2/4' 7-max Seat #3 is the button
Seat 5: f2d845f4 ($317.43 in chips)
Seat 6: 63cc27fb ($479.84 in chips)
Seat 3: 7e7bbfca ($778.98 in chips)
Seat 7: d0325766 ($203.21 in chips)
Seat 2: f6dddcd4 ($282.36 in chips)
Seat 4: Hero ($399.22 in chips)
Seat 1: a66b26bd ($385.97 in chips)
Hero: posts small blind $2
f2d845f4: posts big blind $4
*** HOLE CARDS ***
Dealt to f2d845f4 
Dealt to 63cc27fb 
Dealt to 7e7bbfca 
Dealt to d0325766 
Dealt to f6dddcd4 
Dealt to Hero [Jc 3h]
Dealt to a66b26bd 
63cc27fb: raises $8 to $12
d0325766: calls $12
a66b26bd: folds
f6dddcd4: folds
7e7bbfca: folds
Hero: folds
f2d845f4: folds
*** FLOP *** [8h 7c Td]
63cc27fb: bets $22.5
d0325766: folds
Uncalled bet ($22.5) returned to 63cc27fb
*** SHOWDOWN ***
63cc27fb collected $30 from pot
*** SUMMARY ***
Total pot $30
Board [8h 7c Td]
Seat 5: f2d845f4(big blind) folded before Flop
Seat 6: 63cc27fbwon ($30) with Three Tens
Seat 3: 7e7bbfca folded before Flop (didn't bet)
Seat 7: d0325766 folded on the Flop
Seat 2: f6dddcd4 folded before Flop (didn't bet)
Seat 4: Hero(small blind) folded before Flop
Seat 1: a66b26bd folded before Flop (didn't bet)



Poker Hand #ring_883592584: NLH No Limit ($2/$4) - 2025/05/18 01:09:18
Table 'MR NLH 2/4' 7-max Seat #2 is the button
Seat 5: f2d845f4 ($317.43 in chips)
Seat 6: 63cc27fb ($479.84 in chips)
Seat 3: 7e7bbfca ($780.98 in chips)
Seat 7: d0325766 ($203.21 in chips)
Seat 2: f6dddcd4 ($282.36 in chips)
Seat 4: Hero ($397.22 in chips)
Seat 1: a66b26bd ($385.97 in chips)
7e7bbfca: posts small blind $2
Hero: posts big blind $4
*** HOLE CARDS ***
Dealt to f2d845f4 
Dealt to 63cc27fb 
Dealt to 7e7bbfca 
Dealt to d0325766 
Dealt to f6dddcd4 
Dealt to Hero [Kc Kd]
Dealt to a66b26bd 
f2d845f4: folds
63cc27fb: folds
d0325766: folds
a66b26bd: folds
f6dddcd4: folds
7e7bbfca: folds
*** SHOWDOWN ***
Hero collected $6 from pot
*** SUMMARY ***
Total pot $6
Seat 5: f2d845f4 folded before Flop (didn't bet)
Seat 6: 63cc27fb folded before Flop (didn't bet)
Seat 3: 7e7bbfca(small blind) folded before Flop
Seat 7: d0325766 folded before Flop (didn't bet)
Seat 2: f6dddcd4 folded before Flop (didn't bet)
Seat 4: Hero(big blind)won ($6)
Seat 1: a66b26bd folded before Flop (didn't bet)



Poker Hand #ring_883591933: NLH No Limit ($2/$4) - 2025/05/18 01:08:54
Table 'MR NLH 2/4' 7-max Seat #1 is the button
Seat 5: f2d845f4 ($317.43 in chips)
Seat 6: 63cc27fb ($479.84 in chips)
Seat 3: 7e7bbfca ($784.98 in chips)
Seat 7: d0325766 ($203.21 in chips)
Seat 2: f6dddcd4 ($284.36 in chips)
Seat 4: Hero ($397.22 in chips)
Seat 1: a66b26bd ($379.97 in chips)
f6dddcd4: posts small blind $2
7e7bbfca: posts big blind $4
*** HOLE CARDS ***
Dealt to f2d845f4 
Dealt to 63cc27fb 
Dealt to 7e7bbfca 
Dealt to d0325766 
Dealt to f6dddcd4 
Dealt to Hero [9d Qc]
Dealt to a66b26bd 
Hero: folds
f2d845f4: folds
63cc27fb: folds
d0325766: folds
a66b26bd: raises $8 to $12
f6dddcd4: folds
7e7bbfca: folds
Uncalled bet ($8) returned to a66b26bd
*** SHOWDOWN ***
a66b26bd collected $10 from pot
*** SUMMARY ***
Total pot $10
Seat 5: f2d845f4 folded before Flop (didn't bet)
Seat 6: 63cc27fb folded before Flop (didn't bet)
Seat 3: 7e7bbfca(big blind) folded before Flop
Seat 7: d0325766 folded before Flop (didn't bet)
Seat 2: f6dddcd4(small blind) folded before Flop
Seat 4: Hero folded before Flop (didn't bet)
Seat 1: a66b26bdwon ($10)



Poker Hand #ring_883590505: NLH No Limit ($2/$4) - 2025/05/18 01:08:04
Table 'MR NLH 2/4' 7-max Seat #7 is the button
Seat 5: f2d845f4 ($317.43 in chips)
Seat 6: 63cc27fb ($511.34 in chips)
Seat 3: 7e7bbfca ($784.98 in chips)
Seat 7: d0325766 ($203.21 in chips)
Seat 2: f6dddcd4 ($254.78 in chips)
Seat 4: Hero ($397.22 in chips)
Seat 1: a66b26bd ($381.97 in chips)
a66b26bd: posts small blind $2
f6dddcd4: posts big blind $4
*** HOLE CARDS ***
Dealt to f2d845f4 
Dealt to 63cc27fb 
Dealt to 7e7bbfca 
Dealt to d0325766 
Dealt to f6dddcd4 
Dealt to Hero [5s 2s]
Dealt to a66b26bd 
7e7bbfca: folds
Hero: folds
f2d845f4: folds
63cc27fb: raises $8 to $12
d0325766: folds
a66b26bd: folds
f6dddcd4: calls $8
*** FLOP *** [Kc 7d 8d]
f6dddcd4: checks
63cc27fb: checks
*** TURN *** [Kc 7d 8d] [8s]
f6dddcd4: checks
63cc27fb: bets $19.5
f6dddcd4: calls $19.5
*** RIVER *** [Kc 7d 8d 8s] [9h]
f6dddcd4: checks
63cc27fb: checks
f6dddcd4: shows [Ts Jh]
63cc27fb: shows [Ah Jd]
*** SHOWDOWN ***
f6dddcd4 collected $65 from pot
*** SUMMARY ***
Total pot $65
Board [Kc 7d 8d 8s 9h]
Seat 5: f2d845f4 folded before Flop (didn't bet)
Seat 6: 63cc27fb showed [Ah Jd] and lost with Pair of Eights
Seat 3: 7e7bbfca folded before Flop (didn't bet)
Seat 7: d0325766 folded before Flop (didn't bet)
Seat 2: f6dddcd4(big blind) showed [Ts Jh] and won ($65) with Jacks-High Straight
Seat 4: Hero folded before Flop (didn't bet)
Seat 1: a66b26bd(small blind) folded before Flop



Poker Hand #ring_883589338: NLH No Limit ($2/$4) - 2025/05/18 01:07:22
Table 'MR NLH 2/4' 7-max Seat #6 is the button
Seat 5: f2d845f4 ($331.43 in chips)
Seat 6: 63cc27fb ($511.34 in chips)
Seat 3: 7e7bbfca ($784.98 in chips)
Seat 7: d0325766 ($205.21 in chips)
Seat 2: f6dddcd4 ($207.74 in chips)
Seat 4: Hero ($397.22 in chips)
Seat 1: a66b26bd ($417.97 in chips)
d0325766: posts small blind $2
a66b26bd: posts big blind $4
*** HOLE CARDS ***
Dealt to f2d845f4 
Dealt to 63cc27fb 
Dealt to 7e7bbfca 
Dealt to d0325766 
Dealt to f6dddcd4 
Dealt to Hero [3h 8c]
Dealt to a66b26bd 
f6dddcd4: raises $10 to $14
7e7bbfca: folds
Hero: folds
f2d845f4: calls $14
63cc27fb: folds
d0325766: folds
a66b26bd: calls $10
*** FLOP *** [Qs 7d 5h]
a66b26bd: checks
f6dddcd4: checks
f2d845f4: checks
*** TURN *** [Qs 7d 5h] [Jc]
a66b26bd: bets $22
f6dddcd4: raises $88 to $110
f2d845f4: folds
a66b26bd: folds
Uncalled bet ($88) returned to f6dddcd4
*** SHOWDOWN ***
f6dddcd4 collected $88 from pot
*** SUMMARY ***
Total pot $88
Board [Qs 7d 5h Jc]
Seat 5: f2d845f4 folded on the Turn
Seat 6: 63cc27fb folded before Flop (didn't bet)
Seat 3: 7e7bbfca folded before Flop (didn't bet)
Seat 7: d0325766(small blind) folded before Flop
Seat 2: f6dddcd4won ($88) with Pair of Queens
Seat 4: Hero folded before Flop (didn't bet)
Seat 1: a66b26bd(big blind) folded on the Turn



Poker Hand #ring_883587830: NLH No Limit ($2/$4) - 2025/05/18 01:06:26
Table 'MR NLH 2/4' 7-max Seat #5 is the button
Seat 5: f2d845f4 ($288.03 in chips)
Seat 6: 63cc27fb ($543.34 in chips)
Seat 3: 7e7bbfca ($784.98 in chips)
Seat 7: d0325766 ($209.21 in chips)
Seat 2: f6dddcd4 ($219.74 in chips)
Seat 4: Hero ($397.22 in chips)
Seat 1: a66b26bd ($417.97 in chips)
63cc27fb: posts small blind $2
d0325766: posts big blind $4
*** HOLE CARDS ***
Dealt to f2d845f4 
Dealt to 63cc27fb 
Dealt to 7e7bbfca 
Dealt to d0325766 
Dealt to f6dddcd4 
Dealt to Hero [2h 6d]
Dealt to a66b26bd 
a66b26bd: folds
f6dddcd4: calls $4
7e7bbfca: folds
Hero: folds
f2d845f4: calls $4
63cc27fb: raises $8 to $12
d0325766: folds
f6dddcd4: calls $8
f2d845f4: calls $8
*** FLOP *** [9d Ts Kd]
63cc27fb: checks
f6dddcd4: checks
f2d845f4: checks
*** TURN *** [9d Ts Kd] [5c]
63cc27fb: bets $20
f6dddcd4: folds
f2d845f4: calls $20
*** RIVER *** [9d Ts Kd 5c] [3c]
63cc27fb: checks
f2d845f4: checks
f2d845f4: shows [Qc 9s]
63cc27fb: shows [6s 6h]
*** SHOWDOWN ***
f2d845f4 collected $80 from pot
*** SUMMARY ***
Total pot $80
Board [9d Ts Kd 5c 3c]
Seat 5: f2d845f4 showed [Qc 9s] and won ($80) with Pair of Nines
Seat 6: 63cc27fb(small blind) showed [6s 6h] and lost with Pair of Sixes
Seat 3: 7e7bbfca folded before Flop (didn't bet)
Seat 7: d0325766(big blind) folded before Flop
Seat 2: f6dddcd4 folded on the Turn
Seat 4: Hero folded before Flop (didn't bet)
Seat 1: a66b26bd folded before Flop (didn't bet)



Poker Hand #ring_883586748: NLH No Limit ($2/$4) - 2025/05/18 01:05:47
Table 'MR NLH 2/4' 7-max Seat #4 is the button
Seat 5: f2d845f4 ($322.03 in chips)
Seat 6: 63cc27fb ($547.34 in chips)
Seat 3: 7e7bbfca ($784.98 in chips)
Seat 7: d0325766 ($209.21 in chips)
Seat 2: f6dddcd4 ($185.98 in chips)
Seat 4: Hero ($397.22 in chips)
Seat 1: a66b26bd ($417.97 in chips)
f2d845f4: posts small blind $2
63cc27fb: posts big blind $4
*** HOLE CARDS ***
Dealt to f2d845f4 
Dealt to 63cc27fb 
Dealt to 7e7bbfca 
Dealt to d0325766 
Dealt to f6dddcd4 
Dealt to Hero [As 4c]
Dealt to a66b26bd 
d0325766: folds
a66b26bd: folds
f6dddcd4: calls $4
7e7bbfca: folds
Hero: folds
f2d845f4: raises $12 to $16
63cc27fb: folds
f6dddcd4: calls $12
*** FLOP *** [9c 8d Ks]
f2d845f4: bets $18
f6dddcd4: raises $72 to $90
f2d845f4: folds
Uncalled bet ($72) returned to f6dddcd4
*** SHOWDOWN ***
f6dddcd4 collected $72 from pot
*** SUMMARY ***
Total pot $72
Board [9c 8d Ks]
Seat 5: f2d845f4(small blind) folded on the Flop
Seat 6: 63cc27fb(big blind) folded before Flop
Seat 3: 7e7bbfca folded before Flop (didn't bet)
Seat 7: d0325766 folded before Flop (didn't bet)
Seat 2: f6dddcd4won ($72) with Pair of Kings
Seat 4: Hero folded before Flop (didn't bet)
Seat 1: a66b26bd folded before Flop (didn't bet)



Poker Hand #ring_883585171: NLH No Limit ($2/$4) - 2025/05/18 01:04:48
Table 'MR NLH 2/4' 7-max Seat #3 is the button
Seat 5: f2d845f4 ($326.03 in chips)
Seat 6: 63cc27fb ($547.34 in chips)
Seat 3: 7e7bbfca ($824.98 in chips)
Seat 7: d0325766 ($209.21 in chips)
Seat 2: f6dddcd4 ($185.98 in chips)
Seat 4: Hero ($358 in chips)
Seat 1: a66b26bd ($417.97 in chips)
Hero: posts small blind $2
f2d845f4: posts big blind $4
*** HOLE CARDS ***
Dealt to f2d845f4 
Dealt to 63cc27fb 
Dealt to 7e7bbfca 
Dealt to d0325766 
Dealt to f6dddcd4 
Dealt to Hero [Th As]
Dealt to a66b26bd 
63cc27fb: folds
d0325766: folds
a66b26bd: folds
f6dddcd4: folds
7e7bbfca: raises $8 to $12
Hero: calls $10
f2d845f4: folds
*** FLOP *** [2h 3d 9h]
Hero: checks
7e7bbfca: checks
*** TURN *** [2h 3d 9h] [2d]
Hero: checks
7e7bbfca: bets $28
Hero: calls $28
*** RIVER *** [2h 3d 9h 2d] [2c]
Hero: checks
7e7bbfca: checks
7e7bbfca: shows [Qd 7d]
Hero: shows [Th As]
*** SHOWDOWN ***
Hero collected $84 from pot
*** SUMMARY ***
Total pot $84
Board [2h 3d 9h 2d 2c]
Seat 5: f2d845f4(big blind) folded before Flop
Seat 6: 63cc27fb folded before Flop (didn't bet)
Seat 3: 7e7bbfca showed [Qd 7d] and lost with Three Twos
Seat 7: d0325766 folded before Flop (didn't bet)
Seat 2: f6dddcd4 folded before Flop (didn't bet)
Seat 4: Hero(small blind) showed [Th As] and won ($84) with Three Twos
Seat 1: a66b26bd folded before Flop (didn't bet)



Poker Hand #ring_883584530: NLH No Limit ($2/$4) - 2025/05/18 01:04:25
Table 'MR NLH 2/4' 7-max Seat #2 is the button
Seat 5: f2d845f4 ($326.03 in chips)
Seat 6: 63cc27fb ($541.34 in chips)
Seat 3: 7e7bbfca ($826.98 in chips)
Seat 7: d0325766 ($209.21 in chips)
Seat 2: f6dddcd4 ($185.98 in chips)
Seat 4: Hero ($362 in chips)
Seat 1: a66b26bd ($417.97 in chips)
7e7bbfca: posts small blind $2
Hero: posts big blind $4
*** HOLE CARDS ***
Dealt to f2d845f4 
Dealt to 63cc27fb 
Dealt to 7e7bbfca 
Dealt to d0325766 
Dealt to f6dddcd4 
Dealt to Hero [2d 4c]
Dealt to a66b26bd 
f2d845f4: folds
63cc27fb: raises $8 to $12
d0325766: folds
a66b26bd: folds
f6dddcd4: folds
7e7bbfca: folds
Hero: folds
Uncalled bet ($8) returned to 63cc27fb
*** SHOWDOWN ***
63cc27fb collected $10 from pot
*** SUMMARY ***
Total pot $10
Seat 5: f2d845f4 folded before Flop (didn't bet)
Seat 6: 63cc27fbwon ($10)
Seat 3: 7e7bbfca(small blind) folded before Flop
Seat 7: d0325766 folded before Flop (didn't bet)
Seat 2: f6dddcd4 folded before Flop (didn't bet)
Seat 4: Hero(big blind) folded before Flop
Seat 1: a66b26bd folded before Flop (didn't bet)



Poker Hand #ring_883583080: NLH No Limit ($2/$4) - 2025/05/18 01:03:32
Table 'MR NLH 2/4' 7-max Seat #1 is the button
Seat 5: f2d845f4 ($326.03 in chips)
Seat 6: 63cc27fb ($541.34 in chips)
Seat 3: 7e7bbfca ($838.98 in chips)
Seat 7: d0325766 ($209.21 in chips)
Seat 2: f6dddcd4 ($175.06 in chips)
Seat 4: Hero ($362 in chips)
Seat 1: a66b26bd ($417.97 in chips)
f6dddcd4: posts small blind $2
7e7bbfca: posts big blind $4
*** HOLE CARDS ***
Dealt to f2d845f4 
Dealt to 63cc27fb 
Dealt to 7e7bbfca 
Dealt to d0325766 
Dealt to f6dddcd4 
Dealt to Hero [Jh 4d]
Dealt to a66b26bd 
Hero: folds
f2d845f4: folds
63cc27fb: folds
d0325766: folds
a66b26bd: folds
f6dddcd4: calls $2
7e7bbfca: checks
*** FLOP *** [Ts As 4c]
f6dddcd4: checks
7e7bbfca: checks
*** TURN *** [Ts As 4c] [6c]
f6dddcd4: checks
7e7bbfca: bets $8
f6dddcd4: raises $24 to $32
7e7bbfca: folds
Uncalled bet ($24) returned to f6dddcd4
f6dddcd4: shows [5d Qd]
*** SHOWDOWN ***
f6dddcd4 collected $24 from pot
*** SUMMARY ***
Total pot $24
Board [Ts As 4c 6c]
Seat 5: f2d845f4 folded before Flop (didn't bet)
Seat 6: 63cc27fb folded before Flop (didn't bet)
Seat 3: 7e7bbfca(big blind) folded on the Turn
Seat 7: d0325766 folded before Flop (didn't bet)
Seat 2: f6dddcd4(small blind) showed [5d Qd] and won ($24) with Ace-High
Seat 4: Hero folded before Flop (didn't bet)
Seat 1: a66b26bd folded before Flop (didn't bet)



Poker Hand #ring_883581367: NLH No Limit ($2/$4) - 2025/05/18 01:02:30
Table 'MR NLH 2/4' 7-max Seat #7 is the button
Seat 5: f2d845f4 ($330.03 in chips)
Seat 6: 63cc27fb ($541.34 in chips)
Seat 3: 7e7bbfca ($838.98 in chips)
Seat 7: d0325766 ($184.01 in chips)
Seat 2: f6dddcd4 ($187.06 in chips)
Seat 4: Hero ($362 in chips)
Seat 1: a66b26bd ($429.97 in chips)
a66b26bd: posts small blind $2
f6dddcd4: posts big blind $4
*** HOLE CARDS ***
Dealt to f2d845f4 
Dealt to 63cc27fb 
Dealt to 7e7bbfca 
Dealt to d0325766 
Dealt to f6dddcd4 
Dealt to Hero [2d Th]
Dealt to a66b26bd 
7e7bbfca: folds
Hero: folds
f2d845f4: calls $4
63cc27fb: folds
d0325766: calls $4
a66b26bd: calls $2
f6dddcd4: checks
*** FLOP *** [8s 4s 9h]
a66b26bd: bets $8
f6dddcd4: calls $8
f2d845f4: folds
d0325766: raises $40 to $48
a66b26bd: folds
f6dddcd4: folds
Uncalled bet ($40) returned to d0325766
*** SHOWDOWN ***
d0325766 collected $40 from pot
*** SUMMARY ***
Total pot $40
Board [8s 4s 9h]
Seat 5: f2d845f4 folded on the Flop
Seat 6: 63cc27fb folded before Flop (didn't bet)
Seat 3: 7e7bbfca folded before Flop (didn't bet)
Seat 7: d0325766won ($40) with Three Fours
Seat 2: f6dddcd4(big blind) folded on the Flop
Seat 4: Hero folded before Flop (didn't bet)
Seat 1: a66b26bd(small blind) folded on the Flop



Poker Hand #ring_883580332: NLH No Limit ($2/$4) - 2025/05/18 01:01:53
Table 'MR NLH 2/4' 7-max Seat #6 is the button
Seat 5: f2d845f4 ($330.03 in chips)
Seat 6: 63cc27fb ($553.34 in chips)
Seat 3: 7e7bbfca ($838.98 in chips)
Seat 7: d0325766 ($169.27 in chips)
Seat 2: f6dddcd4 ($187.06 in chips)
Seat 4: Hero ($362 in chips)
Seat 1: a66b26bd ($433.97 in chips)
d0325766: posts small blind $2
a66b26bd: posts big blind $4
*** HOLE CARDS ***
Dealt to f2d845f4 
Dealt to 63cc27fb 
Dealt to 7e7bbfca 
Dealt to d0325766 
Dealt to f6dddcd4 
Dealt to Hero [6s Jc]
Dealt to a66b26bd 
f6dddcd4: folds
7e7bbfca: folds
Hero: folds
f2d845f4: folds
63cc27fb: raises $8 to $12
d0325766: calls $10
a66b26bd: folds
*** FLOP *** [5d Qc 8c]
d0325766: checks
63cc27fb: checks
*** TURN *** [5d Qc 8c] [Jh]
d0325766: checks
63cc27fb: checks
*** RIVER *** [5d Qc 8c Jh] [6d]
d0325766: checks
63cc27fb: checks
63cc27fb: shows [5s 4s]
d0325766: shows [Ac 6c]
*** SHOWDOWN ***
d0325766 collected $28 from pot
*** SUMMARY ***
Total pot $28
Board [5d Qc 8c Jh 6d]
Seat 5: f2d845f4 folded before Flop (didn't bet)
Seat 6: 63cc27fb showed [5s 4s] and lost with Pair of Fives
Seat 3: 7e7bbfca folded before Flop (didn't bet)
Seat 7: d0325766(small blind) showed [Ac 6c] and won ($28) with Pair of Sixes
Seat 2: f6dddcd4 folded before Flop (didn't bet)
Seat 4: Hero folded before Flop (didn't bet)
Seat 1: a66b26bd(big blind) folded before Flop



Poker Hand #ring_883579635: NLH No Limit ($2/$4) - 2025/05/18 01:01:27
Table 'MR NLH 2/4' 7-max Seat #5 is the button
Seat 5: f2d845f4 ($324.03 in chips)
Seat 6: 63cc27fb ($555.34 in chips)
Seat 3: 7e7bbfca ($838.98 in chips)
Seat 7: d0325766 ($173.27 in chips)
Seat 2: f6dddcd4 ($187.06 in chips)
Seat 4: Hero ($362 in chips)
Seat 1: a66b26bd ($433.97 in chips)
63cc27fb: posts small blind $2
d0325766: posts big blind $4
*** HOLE CARDS ***
Dealt to f2d845f4 
Dealt to 63cc27fb 
Dealt to 7e7bbfca 
Dealt to d0325766 
Dealt to f6dddcd4 
Dealt to Hero [Qc 8d]
Dealt to a66b26bd 
a66b26bd: folds
f6dddcd4: folds
7e7bbfca: folds
Hero: folds
f2d845f4: raises $8 to $12
63cc27fb: folds
d0325766: folds
Uncalled bet ($8) returned to f2d845f4
*** SHOWDOWN ***
f2d845f4 collected $10 from pot
*** SUMMARY ***
Total pot $10
Seat 5: f2d845f4won ($10)
Seat 6: 63cc27fb(small blind) folded before Flop
Seat 3: 7e7bbfca folded before Flop (didn't bet)
Seat 7: d0325766(big blind) folded before Flop
Seat 2: f6dddcd4 folded before Flop (didn't bet)
Seat 4: Hero folded before Flop (didn't bet)
Seat 1: a66b26bd folded before Flop (didn't bet)



Poker Hand #ring_883578417: NLH No Limit ($2/$4) - 2025/05/18 01:00:42
Table 'MR NLH 2/4' 7-max Seat #4 is the button
Seat 5: f2d845f4 ($326.03 in chips)
Seat 6: 63cc27fb ($559.34 in chips)
Seat 3: 7e7bbfca ($838.98 in chips)
Seat 7: d0325766 ($185.27 in chips)
Seat 2: f6dddcd4 ($157.06 in chips)
Seat 4: Hero ($374 in chips)
Seat 1: a66b26bd ($433.97 in chips)
f2d845f4: posts small blind $2
63cc27fb: posts big blind $4
*** HOLE CARDS ***
Dealt to f2d845f4 
Dealt to 63cc27fb 
Dealt to 7e7bbfca 
Dealt to d0325766 
Dealt to f6dddcd4 
Dealt to Hero [Td Ac]
Dealt to a66b26bd 
d0325766: calls $4
a66b26bd: folds
f6dddcd4: calls $4
7e7bbfca: folds
Hero: raises $8 to $12
f2d845f4: folds
63cc27fb: folds
d0325766: calls $8
f6dddcd4: raises $138 to $150
Hero: folds
d0325766: folds
Uncalled bet ($138) returned to f6dddcd4
*** SHOWDOWN ***
f6dddcd4 collected $42 from pot
*** SUMMARY ***
Total pot $42
Seat 5: f2d845f4(small blind) folded before Flop
Seat 6: 63cc27fb(big blind) folded before Flop
Seat 3: 7e7bbfca folded before Flop (didn't bet)
Seat 7: d0325766 folded before Flop
Seat 2: f6dddcd4won ($42)
Seat 4: Hero folded before Flop
Seat 1: a66b26bd folded before Flop (didn't bet)



Poker Hand #ring_883577220: NLH No Limit ($2/$4) - 2025/05/18 01:00:00
Table 'MR NLH 2/4' 7-max Seat #3 is the button
Seat 5: f2d845f4 ($330.03 in chips)
Seat 6: 63cc27fb ($559.34 in chips)
Seat 3: 7e7bbfca ($808.5 in chips)
Seat 7: d0325766 ($189.27 in chips)
Seat 2: f6dddcd4 ($157.06 in chips)
Seat 4: Hero ($396 in chips)
Seat 1: a66b26bd ($437.97 in chips)
Hero: posts small blind $2
f2d845f4: posts big blind $4
*** HOLE CARDS ***
Dealt to f2d845f4 
Dealt to 63cc27fb 
Dealt to 7e7bbfca 
Dealt to d0325766 
Dealt to f6dddcd4 
Dealt to Hero [9c Ac]
Dealt to a66b26bd 
63cc27fb: folds
d0325766: calls $4
a66b26bd: calls $4
f6dddcd4: folds
7e7bbfca: raises $18 to $22
Hero: calls $20
f2d845f4: folds
d0325766: folds
a66b26bd: folds
*** FLOP *** [6s Th Kh]
Hero: checks
7e7bbfca: bets $28
Hero: folds
Uncalled bet ($28) returned to 7e7bbfca
*** SHOWDOWN ***
7e7bbfca collected $56 from pot
*** SUMMARY ***
Total pot $56
Board [6s Th Kh]
Seat 5: f2d845f4(big blind) folded before Flop
Seat 6: 63cc27fb folded before Flop (didn't bet)
Seat 3: 7e7bbfcawon ($56) with King-High
Seat 7: d0325766 folded before Flop
Seat 2: f6dddcd4 folded before Flop (didn't bet)
Seat 4: Hero(small blind) folded on the Flop
Seat 1: a66b26bd folded before Flop



Poker Hand #ring_883576462: NLH No Limit ($2/$4) - 2025/05/18 00:59:33
Table 'MR NLH 2/4' 7-max Seat #2 is the button
Seat 5: f2d845f4 ($330.03 in chips)
Seat 6: 63cc27fb ($571.34 in chips)
Seat 3: 7e7bbfca ($792.5 in chips)
Seat 7: d0325766 ($189.27 in chips)
Seat 2: f6dddcd4 ($157.06 in chips)
Seat 4: Hero ($400 in chips)
Seat 1: a66b26bd ($437.97 in chips)
7e7bbfca: posts small blind $2
Hero: posts big blind $4
*** HOLE CARDS ***
Dealt to f2d845f4 
Dealt to 63cc27fb 
Dealt to 7e7bbfca 
Dealt to d0325766 
Dealt to f6dddcd4 
Dealt to Hero [7c 3d]
Dealt to a66b26bd 
f2d845f4: folds
63cc27fb: raises $8 to $12
d0325766: folds
a66b26bd: folds
f6dddcd4: folds
7e7bbfca: raises $36 to $48
Hero: folds
63cc27fb: folds
Uncalled bet ($36) returned to 7e7bbfca
a66b26bd: shows [Qd]
*** SHOWDOWN ***
7e7bbfca collected $28 from pot
*** SUMMARY ***
Total pot $28
Seat 5: f2d845f4 folded before Flop (didn't bet)
Seat 6: 63cc27fb folded before Flop
Seat 3: 7e7bbfca(small blind)won ($28)
Seat 7: d0325766 folded before Flop (didn't bet)
Seat 2: f6dddcd4 folded before Flop (didn't bet)
Seat 4: Hero(big blind) folded before Flop
Seat 1: a66b26bd folded before Flop (didn't bet)



