Poker Hand #ring_854736974: NLH No Limit ($1/$2) - 2025/05/02 20:08:10
Table 'MR NLH 1/2' 7-max Seat #1 is the button
Seat 6: 3348fa19 ($408.84 in chips)
Seat 7: 73a1a488 ($252.69 in chips)
Seat 2: cc2c0ba7 ($139.04 in chips)
Seat 3: d89a33e5 ($752.99 in chips)
Seat 4: Hero ($164.87 in chips)
Seat 1: a698f374 ($394 in chips)
cc2c0ba7: posts small blind $1
d89a33e5: posts big blind $2
*** HOLE CARDS ***
Dealt to 3348fa19 
Dealt to 73a1a488 
Dealt to cc2c0ba7 
Dealt to d89a33e5 
Dealt to Hero [3h 6s]
Dealt to a698f374 
Hero: folds
3348fa19: folds
73a1a488: folds
a698f374: folds
cc2c0ba7: raises $2 to $4
d89a33e5: calls $2
*** FLOP *** [7s As 6h]
cc2c0ba7: bets $4
d89a33e5: calls $4
*** TURN *** [7s As 6h] [4s]
cc2c0ba7: checks
d89a33e5: checks
*** RIVER *** [7s As 6h 4s] [Jd]
cc2c0ba7: bets $5.28
d89a33e5: calls $5.28
cc2c0ba7: shows [Qd Js]
d89a33e5: shows [3c 6c]
*** SHOWDOWN ***
cc2c0ba7 collected $26.56 from pot
*** SUMMARY ***
Total pot $26.56
Board [7s As 6h 4s Jd]
Seat 6: 3348fa19 folded before Flop (didn't bet)
Seat 7: 73a1a488 folded before Flop (didn't bet)
Seat 2: cc2c0ba7(small blind) showed [Qd Js] and won ($26.56) with Pair of Jacks
Seat 3: d89a33e5(big blind) showed [3c 6c] and lost with Pair of Sixes
Seat 4: Hero folded before Flop (didn't bet)
Seat 1: a698f374 folded before Flop (didn't bet)



Poker Hand #ring_854736387: NLH No Limit ($1/$2) - 2025/05/02 20:07:48
Table 'MR NLH 1/2' 7-max Seat #7 is the button
Seat 6: 3348fa19 ($408.84 in chips)
Seat 7: 73a1a488 ($252.69 in chips)
Seat 2: cc2c0ba7 ($138.04 in chips)
Seat 3: d89a33e5 ($752.99 in chips)
Seat 4: Hero ($164.87 in chips)
Seat 1: a698f374 ($395 in chips)
a698f374: posts small blind $1
cc2c0ba7: posts big blind $2
*** HOLE CARDS ***
Dealt to 3348fa19 
Dealt to 73a1a488 
Dealt to cc2c0ba7 
Dealt to d89a33e5 
Dealt to Hero [3c 9s]
Dealt to a698f374 
d89a33e5: folds
Hero: folds
3348fa19: folds
73a1a488: folds
a698f374: folds
*** SHOWDOWN ***
cc2c0ba7 collected $3 from pot
*** SUMMARY ***
Total pot $3
Seat 6: 3348fa19 folded before Flop (didn't bet)
Seat 7: 73a1a488 folded before Flop (didn't bet)
Seat 2: cc2c0ba7(big blind)won ($3)
Seat 3: d89a33e5 folded before Flop (didn't bet)
Seat 4: Hero folded before Flop (didn't bet)
Seat 1: a698f374(small blind) folded before Flop



Poker Hand #ring_854733328: NLH No Limit ($1/$2) - 2025/05/02 20:05:52
Table 'MR NLH 1/2' 7-max Seat #6 is the button
Seat 6: 3348fa19 ($408.84 in chips)
Seat 7: 73a1a488 ($304.19 in chips)
Seat 2: cc2c0ba7 ($138.04 in chips)
Seat 3: d89a33e5 ($704.71 in chips)
Seat 4: Hero ($164.87 in chips)
Seat 1: a698f374 ($397 in chips)
73a1a488: posts small blind $1
a698f374: posts big blind $2
*** HOLE CARDS ***
Dealt to 3348fa19 
Dealt to 73a1a488 
Dealt to cc2c0ba7 
Dealt to d89a33e5 
Dealt to Hero [6s Ac]
Dealt to a698f374 
cc2c0ba7: folds
d89a33e5: raises $4 to $6
Hero: folds
3348fa19: folds
73a1a488: raises $14 to $20
a698f374: folds
d89a33e5: calls $14
*** FLOP *** [6d Jc 4s]
73a1a488: checks
d89a33e5: checks
*** TURN *** [6d Jc 4s] [Qd]
73a1a488: checks
d89a33e5: bets $31.5
73a1a488: calls $31.5
*** RIVER *** [6d Jc 4s Qd] [8d]
73a1a488: checks
d89a33e5: bets $64.4
73a1a488: folds
Uncalled bet ($64.4) returned to d89a33e5
*** SHOWDOWN ***
d89a33e5 collected $105 from pot
*** SUMMARY ***
Total pot $105
Board [6d Jc 4s Qd 8d]
Seat 6: 3348fa19 folded before Flop (didn't bet)
Seat 7: 73a1a488(small blind) folded on the River
Seat 2: cc2c0ba7 folded before Flop (didn't bet)
Seat 3: d89a33e5won ($105) with Pair of Queens
Seat 4: Hero folded before Flop (didn't bet)
Seat 1: a698f374(big blind) folded before Flop



Poker Hand #ring_854732311: NLH No Limit ($1/$2) - 2025/05/02 20:05:13
Table 'MR NLH 1/2' 7-max Seat #0 is the button
Seat 6: 3348fa19 ($397.42 in chips)
Seat 7: 73a1a488 ($306.19 in chips)
Seat 2: cc2c0ba7 ($138.04 in chips)
Seat 3: d89a33e5 ($704.71 in chips)
Seat 4: Hero ($175.87 in chips)
Seat 1: a698f374 ($397 in chips)
3348fa19: posts small blind $1
73a1a488: posts big blind $2
*** HOLE CARDS ***
Dealt to 3348fa19 
Dealt to 73a1a488 
Dealt to cc2c0ba7 
Dealt to d89a33e5 
Dealt to Hero [9d Qc]
Dealt to a698f374 
a698f374: folds
cc2c0ba7: folds
d89a33e5: folds
Hero: raises $3 to $5
3348fa19: calls $4
73a1a488: folds
*** FLOP *** [Ad Kd Qs]
3348fa19: checks
Hero: checks
*** TURN *** [Ad Kd Qs] [6d]
3348fa19: bets $6
Hero: calls $6
*** RIVER *** [Ad Kd Qs 6d] [6c]
3348fa19: bets $19.2
Hero: folds
Uncalled bet ($19.2) returned to 3348fa19
*** SHOWDOWN ***
3348fa19 collected $24 from pot
*** SUMMARY ***
Total pot $24
Board [Ad Kd Qs 6d 6c]
Seat 6: 3348fa19(small blind)won ($24) with Ace High Flush
Seat 7: 73a1a488(big blind) folded before Flop
Seat 2: cc2c0ba7 folded before Flop (didn't bet)
Seat 3: d89a33e5 folded before Flop (didn't bet)
Seat 4: Hero folded on the River
Seat 1: a698f374 folded before Flop (didn't bet)



Poker Hand #ring_854731431: NLH No Limit ($1/$2) - 2025/05/02 20:04:39
Table 'MR NLH 1/2' 7-max Seat #4 is the button
Seat 6: 3348fa19 ($399.42 in chips)
Seat 7: 73a1a488 ($306.19 in chips)
Seat 2: cc2c0ba7 ($138.04 in chips)
Seat 3: d89a33e5 ($704.71 in chips)
Seat 4: Hero ($170.87 in chips)
Seat 1: a698f374 ($400 in chips)
3348fa19: posts big blind $2
a698f374: posts big blind $2
a698f374: posts small blind $1
*** HOLE CARDS ***
Dealt to 3348fa19 
Dealt to 73a1a488 
Dealt to cc2c0ba7 
Dealt to d89a33e5 
Dealt to Hero [4c 4s]
Dealt to a698f374 
73a1a488: folds
a698f374: checks
cc2c0ba7: folds
d89a33e5: folds
Hero: raises $4.22 to $6.22
3348fa19: folds
a698f374: folds
Uncalled bet ($4.22) returned to Hero
*** SHOWDOWN ***
Hero collected $7 from pot
*** SUMMARY ***
Total pot $6
Seat 6: 3348fa19(big blind) folded before Flop
Seat 7: 73a1a488 folded before Flop (didn't bet)
Seat 2: cc2c0ba7 folded before Flop (didn't bet)
Seat 3: d89a33e5 folded before Flop (didn't bet)
Seat 4: Herowon ($7)
Seat 1: a698f374 folded before Flop



Poker Hand #ring_854728066: NLH No Limit ($1/$2) - 2025/05/02 20:02:29
Table 'MR NLH 1/2' 7-max Seat #3 is the button
Seat 6: 3348fa19 ($399.42 in chips)
Seat 5: bb0d0b62 ($104.93 in chips)
Seat 7: 73a1a488 ($306.19 in chips)
Seat 2: cc2c0ba7 ($138.04 in chips)
Seat 3: d89a33e5 ($578.84 in chips)
Seat 4: Hero ($307.63 in chips)
Hero: posts small blind $1
bb0d0b62: posts big blind $2
*** HOLE CARDS ***
Dealt to 3348fa19 
Dealt to bb0d0b62 
Dealt to 73a1a488 
Dealt to cc2c0ba7 
Dealt to d89a33e5 
Dealt to Hero [As Ts]
3348fa19: folds
73a1a488: folds
cc2c0ba7: folds
d89a33e5: raises $4 to $6
Hero: calls $5
bb0d0b62: folds
*** FLOP *** [3h 8s Qs]
Hero: checks
d89a33e5: bets $7
Hero: raises $20.44 to $27.44
d89a33e5: calls $20.44
*** TURN *** [3h 8s Qs] [4c]
Hero: checks
d89a33e5: bets $34.44
Hero: raises $68.88 to $103.32
d89a33e5: calls $68.88
*** RIVER *** [3h 8s Qs 4c] [Jd]
Hero: checks
d89a33e5: checks
d89a33e5: shows [Ac Qh]
Hero: shows [As Ts]
*** SHOWDOWN ***
d89a33e5 collected $275.52 from pot
*** SUMMARY ***
Total pot $275.52
Board [3h 8s Qs 4c Jd]
Seat 6: 3348fa19 folded before Flop (didn't bet)
Seat 5: bb0d0b62(big blind) folded before Flop
Seat 7: 73a1a488 folded before Flop (didn't bet)
Seat 2: cc2c0ba7 folded before Flop (didn't bet)
Seat 3: d89a33e5 showed [Ac Qh] and won ($275.52) with Pair of Queens
Seat 4: Hero(small blind) showed [As Ts] and lost with Ace-High



Poker Hand #ring_854727183: NLH No Limit ($1/$2) - 2025/05/02 20:01:56
Table 'MR NLH 1/2' 7-max Seat #2 is the button
Seat 6: 3348fa19 ($399.42 in chips)
Seat 5: bb0d0b62 ($104.93 in chips)
Seat 7: 73a1a488 ($306.19 in chips)
Seat 2: cc2c0ba7 ($138.04 in chips)
Seat 3: d89a33e5 ($579.84 in chips)
Seat 4: Hero ($306.63 in chips)
d89a33e5: posts small blind $1
Hero: posts big blind $2
*** HOLE CARDS ***
Dealt to 3348fa19 
Dealt to bb0d0b62 
Dealt to 73a1a488 
Dealt to cc2c0ba7 
Dealt to d89a33e5 
Dealt to Hero [5h Qc]
bb0d0b62: folds
3348fa19: folds
73a1a488: folds
cc2c0ba7: folds
d89a33e5: folds
*** SHOWDOWN ***
Hero collected $3 from pot
*** SUMMARY ***
Total pot $3
Seat 6: 3348fa19 folded before Flop (didn't bet)
Seat 5: bb0d0b62 folded before Flop (didn't bet)
Seat 7: 73a1a488 folded before Flop (didn't bet)
Seat 2: cc2c0ba7 folded before Flop (didn't bet)
Seat 3: d89a33e5(small blind) folded before Flop
Seat 4: Hero(big blind)won ($3)



Poker Hand #ring_854725815: NLH No Limit ($1/$2) - 2025/05/02 20:01:03
Table 'MR NLH 1/2' 7-max Seat #7 is the button
Seat 6: 3348fa19 ($399.42 in chips)
Seat 5: bb0d0b62 ($117.93 in chips)
Seat 7: 73a1a488 ($306.19 in chips)
Seat 2: cc2c0ba7 ($122.89 in chips)
Seat 3: d89a33e5 ($583.84 in chips)
Seat 4: Hero ($306.63 in chips)
cc2c0ba7: posts small blind $1
d89a33e5: posts big blind $2
*** HOLE CARDS ***
Dealt to 3348fa19 
Dealt to bb0d0b62 
Dealt to 73a1a488 
Dealt to cc2c0ba7 
Dealt to d89a33e5 
Dealt to Hero [2s 7s]
Hero: folds
bb0d0b62: calls $2
3348fa19: folds
73a1a488: folds
cc2c0ba7: raises $2 to $4
d89a33e5: calls $2
bb0d0b62: calls $2
*** FLOP *** [Js 8h 9d]
cc2c0ba7: bets $9
d89a33e5: folds
bb0d0b62: calls $9
*** TURN *** [Js 8h 9d] [Qc]
cc2c0ba7: bets $22.5
bb0d0b62: folds
Uncalled bet ($22.5) returned to cc2c0ba7
*** SHOWDOWN ***
cc2c0ba7 collected $30 from pot
*** SUMMARY ***
Total pot $30
Board [Js 8h 9d Qc]
Seat 6: 3348fa19 folded before Flop (didn't bet)
Seat 5: bb0d0b62 folded on the Turn
Seat 7: 73a1a488 folded before Flop (didn't bet)
Seat 2: cc2c0ba7(small blind)won ($30) with Queens-High Straight
Seat 3: d89a33e5(big blind) folded on the Flop
Seat 4: Hero folded before Flop (didn't bet)



Poker Hand #ring_854724876: NLH No Limit ($1/$2) - 2025/05/02 20:00:28
Table 'MR NLH 1/2' 7-max Seat #6 is the button
Seat 6: 3348fa19 ($405.42 in chips)
Seat 5: bb0d0b62 ($109.6 in chips)
Seat 7: 73a1a488 ($307.19 in chips)
Seat 2: cc2c0ba7 ($124.89 in chips)
Seat 3: d89a33e5 ($583.84 in chips)
Seat 4: Hero ($306.63 in chips)
73a1a488: posts small blind $1
cc2c0ba7: posts big blind $2
*** HOLE CARDS ***
Dealt to 3348fa19 
Dealt to bb0d0b62 
Dealt to 73a1a488 
Dealt to cc2c0ba7 
Dealt to d89a33e5 
Dealt to Hero [9c 8s]
d89a33e5: folds
Hero: folds
bb0d0b62: raises $4 to $6
3348fa19: calls $6
73a1a488: folds
cc2c0ba7: folds
*** FLOP *** [2d Ac 8d]
bb0d0b62: bets $11.25
3348fa19: folds
Uncalled bet ($11.25) returned to bb0d0b62
*** SHOWDOWN ***
bb0d0b62 collected $15 from pot
*** SUMMARY ***
Total pot $15
Board [2d Ac 8d]
Seat 6: 3348fa19 folded on the Flop
Seat 5: bb0d0b62won ($15) with Ace-High
Seat 7: 73a1a488(small blind) folded before Flop
Seat 2: cc2c0ba7(big blind) folded before Flop
Seat 3: d89a33e5 folded before Flop (didn't bet)
Seat 4: Hero folded before Flop (didn't bet)



Poker Hand #ring_854724467: NLH No Limit ($1/$2) - 2025/05/02 20:00:13
Table 'MR NLH 1/2' 7-max Seat #5 is the button
Seat 6: 3348fa19 ($406.42 in chips)
Seat 5: bb0d0b62 ($109.6 in chips)
Seat 7: 73a1a488 ($306.19 in chips)
Seat 2: cc2c0ba7 ($124.89 in chips)
Seat 3: d89a33e5 ($583.84 in chips)
Seat 4: Hero ($306.63 in chips)
3348fa19: posts small blind $1
73a1a488: posts big blind $2
*** HOLE CARDS ***
Dealt to 3348fa19 
Dealt to bb0d0b62 
Dealt to 73a1a488 
Dealt to cc2c0ba7 
Dealt to d89a33e5 
Dealt to Hero [3d Kc]
cc2c0ba7: folds
d89a33e5: folds
Hero: folds
bb0d0b62: folds
3348fa19: folds
*** SHOWDOWN ***
73a1a488 collected $3 from pot
*** SUMMARY ***
Total pot $3
Seat 6: 3348fa19(small blind) folded before Flop
Seat 5: bb0d0b62 folded before Flop (didn't bet)
Seat 7: 73a1a488(big blind)won ($3)
Seat 2: cc2c0ba7 folded before Flop (didn't bet)
Seat 3: d89a33e5 folded before Flop (didn't bet)
Seat 4: Hero folded before Flop (didn't bet)



Poker Hand #ring_854723349: NLH No Limit ($1/$2) - 2025/05/02 19:59:31
Table 'MR NLH 1/2' 7-max Seat #4 is the button
Seat 6: 3348fa19 ($400 in chips)
Seat 5: bb0d0b62 ($110.6 in chips)
Seat 7: 73a1a488 ($306.19 in chips)
Seat 2: cc2c0ba7 ($124.89 in chips)
Seat 3: d89a33e5 ($583.84 in chips)
Seat 4: Hero ($312.63 in chips)
bb0d0b62: posts small blind $1
3348fa19: posts big blind $2
*** HOLE CARDS ***
Dealt to 3348fa19 
Dealt to bb0d0b62 
Dealt to 73a1a488 
Dealt to cc2c0ba7 
Dealt to d89a33e5 
Dealt to Hero [Ts 8s]
73a1a488: folds
cc2c0ba7: folds
d89a33e5: folds
Hero: raises $4 to $6
bb0d0b62: folds
3348fa19: calls $4
*** FLOP *** [2c 3h 6c]
3348fa19: checks
Hero: checks
*** TURN *** [2c 3h 6c] [3d]
3348fa19: bets $6.5
Hero: folds
Uncalled bet ($6.5) returned to 3348fa19
*** SHOWDOWN ***
3348fa19 collected $13 from pot
*** SUMMARY ***
Total pot $13
Board [2c 3h 6c 3d]
Seat 6: 3348fa19(big blind)won ($13) with Sixes-High Straight
Seat 5: bb0d0b62(small blind) folded before Flop
Seat 7: 73a1a488 folded before Flop (didn't bet)
Seat 2: cc2c0ba7 folded before Flop (didn't bet)
Seat 3: d89a33e5 folded before Flop (didn't bet)
Seat 4: Hero folded on the Turn



Poker Hand #ring_854721634: NLH No Limit ($1/$2) - 2025/05/02 19:58:24
Table 'MR NLH 1/2' 7-max Seat #3 is the button
Seat 5: bb0d0b62 ($112.6 in chips)
Seat 7: 73a1a488 ($315.69 in chips)
Seat 2: cc2c0ba7 ($113.88 in chips)
Seat 3: d89a33e5 ($583.84 in chips)
Seat 4: Hero ($313.63 in chips)
Hero: posts small blind $1
bb0d0b62: posts big blind $2
*** HOLE CARDS ***
Dealt to bb0d0b62 
Dealt to 73a1a488 
Dealt to cc2c0ba7 
Dealt to d89a33e5 
Dealt to Hero [6s Ac]
73a1a488: raises $2 to $4
cc2c0ba7: calls $4
d89a33e5: folds
Hero: folds
bb0d0b62: folds
*** FLOP *** [Ts 7c 3d]
73a1a488: bets $5.5
cc2c0ba7: raises $16.5 to $22
73a1a488: folds
Uncalled bet ($16.5) returned to cc2c0ba7
*** SHOWDOWN ***
cc2c0ba7 collected $22 from pot
*** SUMMARY ***
Total pot $22
Board [Ts 7c 3d]
Seat 5: bb0d0b62(big blind) folded before Flop
Seat 7: 73a1a488 folded on the Flop
Seat 2: cc2c0ba7won ($22) with Pair of Tens
Seat 3: d89a33e5 folded before Flop (didn't bet)
Seat 4: Hero(small blind) folded before Flop



Poker Hand #ring_854721124: NLH No Limit ($1/$2) - 2025/05/02 19:58:04
Table 'MR NLH 1/2' 7-max Seat #2 is the button
Seat 5: bb0d0b62 ($112.6 in chips)
Seat 7: 73a1a488 ($315.69 in chips)
Seat 2: cc2c0ba7 ($113.88 in chips)
Seat 3: d89a33e5 ($584.84 in chips)
Seat 4: Hero ($312.63 in chips)
d89a33e5: posts small blind $1
Hero: posts big blind $2
*** HOLE CARDS ***
Dealt to bb0d0b62 
Dealt to 73a1a488 
Dealt to cc2c0ba7 
Dealt to d89a33e5 
Dealt to Hero [5s As]
bb0d0b62: folds
73a1a488: folds
cc2c0ba7: folds
d89a33e5: folds
*** SHOWDOWN ***
Hero collected $3 from pot
*** SUMMARY ***
Total pot $3
Seat 5: bb0d0b62 folded before Flop (didn't bet)
Seat 7: 73a1a488 folded before Flop (didn't bet)
Seat 2: cc2c0ba7 folded before Flop (didn't bet)
Seat 3: d89a33e5(small blind) folded before Flop
Seat 4: Hero(big blind)won ($3)



Poker Hand #ring_854719797: NLH No Limit ($1/$2) - 2025/05/02 19:57:14
Table 'MR NLH 1/2' 7-max Seat #0 is the button
Seat 5: bb0d0b62 ($112.6 in chips)
Seat 7: 73a1a488 ($315.69 in chips)
Seat 2: cc2c0ba7 ($98 in chips)
Seat 3: d89a33e5 ($602.84 in chips)
Seat 4: Hero ($312.63 in chips)
cc2c0ba7: posts small blind $1
d89a33e5: posts big blind $2
*** HOLE CARDS ***
Dealt to bb0d0b62 
Dealt to 73a1a488 
Dealt to cc2c0ba7 
Dealt to d89a33e5 
Dealt to Hero [Ad 6h]
Hero: folds
bb0d0b62: folds
73a1a488: folds
cc2c0ba7: calls $1
d89a33e5: raises $4 to $6
cc2c0ba7: calls $4
*** FLOP *** [8d As 4h]
cc2c0ba7: checks
d89a33e5: checks
*** TURN *** [8d As 4h] [3c]
cc2c0ba7: bets $12
d89a33e5: calls $12
*** RIVER *** [8d As 4h 3c] [Ah]
cc2c0ba7: checks
d89a33e5: checks
cc2c0ba7: shows [5s 8h]
d89a33e5: shows [Kd 5d]
*** SHOWDOWN ***
cc2c0ba7 collected $36 from pot
*** SUMMARY ***
Total pot $36
Board [8d As 4h 3c Ah]
Seat 5: bb0d0b62 folded before Flop (didn't bet)
Seat 7: 73a1a488 folded before Flop (didn't bet)
Seat 2: cc2c0ba7(small blind) showed [5s 8h] and won ($36) with Pair of Aces and Pair of Eights
Seat 3: d89a33e5(big blind) showed [Kd 5d] and lost with Pair of Aces
Seat 4: Hero folded before Flop (didn't bet)



Poker Hand #ring_854717960: NLH No Limit ($1/$2) - 2025/05/02 19:56:03
Table 'MR NLH 1/2' 7-max Seat #7 is the button
Seat 5: bb0d0b62 ($100 in chips)
Seat 7: 73a1a488 ($321.69 in chips)
Seat 2: cc2c0ba7 ($100 in chips)
Seat 3: d89a33e5 ($602.84 in chips)
Seat 4: Hero ($312.63 in chips)
Seat 1: a698f374 ($390 in chips)
a698f374: posts small blind $1
cc2c0ba7: posts big blind $2
bb0d0b62: posts big blind $2
*** HOLE CARDS ***
Dealt to bb0d0b62 
Dealt to 73a1a488 
Dealt to cc2c0ba7 
Dealt to d89a33e5 
Dealt to Hero [7c Jh]
Dealt to a698f374 
d89a33e5: folds
Hero: folds
bb0d0b62: raises $4 to $6
73a1a488: calls $6
a698f374: calls $5
cc2c0ba7: folds
*** FLOP *** [6s Qd 5h]
a698f374: checks
bb0d0b62: checks
73a1a488: checks
*** TURN *** [6s Qd 5h] [7s]
a698f374: checks
bb0d0b62: bets $15
73a1a488: folds
a698f374: folds
Uncalled bet ($15) returned to bb0d0b62
*** SHOWDOWN ***
bb0d0b62 collected $20 from pot
*** SUMMARY ***
Total pot $20
Board [6s Qd 5h 7s]
Seat 5: bb0d0b62won ($20) with Ace-High
Seat 7: 73a1a488 folded on the Turn
Seat 2: cc2c0ba7(big blind) folded before Flop
Seat 3: d89a33e5 folded before Flop (didn't bet)
Seat 4: Hero folded before Flop (didn't bet)
Seat 1: a698f374(small blind) folded on the Turn



Poker Hand #ring_854715522: NLH No Limit ($1/$2) - 2025/05/02 19:54:29
Table 'MR NLH 1/2' 7-max Seat #4 is the button
Seat 7: 73a1a488 ($342.69 in chips)
Seat 3: d89a33e5 ($594.51 in chips)
Seat 4: Hero ($304.31 in chips)
Seat 1: a698f374 ($392 in chips)
73a1a488: posts small blind $1
a698f374: posts big blind $2
*** HOLE CARDS ***
Dealt to 73a1a488 
Dealt to d89a33e5 
Dealt to Hero [Td Js]
Dealt to a698f374 
d89a33e5: raises $4 to $6
Hero: calls $6
73a1a488: calls $5
a698f374: folds
*** FLOP *** [Qd Kc Ts]
73a1a488: bets $15
d89a33e5: calls $15
Hero: calls $15
*** TURN *** [Qd Kc Ts] [Ad]
73a1a488: checks
d89a33e5: checks
Hero: checks
*** RIVER *** [Qd Kc Ts Ad] [3c]
73a1a488: checks
d89a33e5: bets $32.5
Hero: calls $32.5
73a1a488: folds
d89a33e5: shows [Qc Jc]
Hero: shows [Td Js]
*** SHOWDOWN ***
d89a33e5 collected $65 from pot
Hero collected $65 from pot
*** SUMMARY ***
Total pot $130
Board [Qd Kc Ts Ad 3c]
Seat 7: 73a1a488(small blind) folded on the River
Seat 3: d89a33e5 showed [Qc Jc] and won ($65) with Aces-High Straight
Seat 4: Hero showed [Td Js] and won ($65) with Aces-High Straight
Seat 1: a698f374(big blind) folded before Flop



Poker Hand #ring_854714817: NLH No Limit ($1/$2) - 2025/05/02 19:54:02
Table 'MR NLH 1/2' 7-max Seat #3 is the button
Seat 7: 73a1a488 ($344.69 in chips)
Seat 3: d89a33e5 ($594.51 in chips)
Seat 4: Hero ($302.31 in chips)
Seat 1: a698f374 ($392 in chips)
Hero: posts small blind $1
73a1a488: posts big blind $2
*** HOLE CARDS ***
Dealt to 73a1a488 
Dealt to d89a33e5 
Dealt to Hero [Ah Kd]
Dealt to a698f374 
a698f374: folds
d89a33e5: folds
Hero: raises $4 to $6
73a1a488: folds
Uncalled bet ($4) returned to Hero
*** SHOWDOWN ***
Hero collected $4 from pot
*** SUMMARY ***
Total pot $4
Seat 7: 73a1a488(big blind) folded before Flop
Seat 3: d89a33e5 folded before Flop (didn't bet)
Seat 4: Hero(small blind)won ($4)
Seat 1: a698f374 folded before Flop (didn't bet)



Poker Hand #ring_854714275: NLH No Limit ($1/$2) - 2025/05/02 19:53:41
Table 'MR NLH 1/2' 7-max Seat #1 is the button
Seat 7: 73a1a488 ($344.69 in chips)
Seat 3: d89a33e5 ($595.51 in chips)
Seat 4: Hero ($301.31 in chips)
Seat 1: a698f374 ($392 in chips)
d89a33e5: posts small blind $1
Hero: posts big blind $2
*** HOLE CARDS ***
Dealt to 73a1a488 
Dealt to d89a33e5 
Dealt to Hero [3s 8h]
Dealt to a698f374 
73a1a488: folds
a698f374: folds
d89a33e5: folds
*** SHOWDOWN ***
Hero collected $3 from pot
*** SUMMARY ***
Total pot $3
Seat 7: 73a1a488 folded before Flop (didn't bet)
Seat 3: d89a33e5(small blind) folded before Flop
Seat 4: Hero(big blind)won ($3)
Seat 1: a698f374 folded before Flop (didn't bet)



Poker Hand #ring_854713426: NLH No Limit ($1/$2) - 2025/05/02 19:53:08
Table 'MR NLH 1/2' 7-max Seat #7 is the button
Seat 7: 73a1a488 ($344.69 in chips)
Seat 3: d89a33e5 ($597.51 in chips)
Seat 4: Hero ($293.94 in chips)
Seat 1: a698f374 ($398 in chips)
a698f374: posts small blind $1
d89a33e5: posts big blind $2
*** HOLE CARDS ***
Dealt to 73a1a488 
Dealt to d89a33e5 
Dealt to Hero [Kc Tc]
Dealt to a698f374 
Hero: raises $4 to $6
73a1a488: folds
a698f374: calls $5
d89a33e5: folds
*** FLOP *** [Jd 4h 6s]
a698f374: checks
Hero: bets $7
a698f374: folds
Uncalled bet ($7) returned to Hero
*** SHOWDOWN ***
Hero collected $14 from pot
*** SUMMARY ***
Total pot $14
Board [Jd 4h 6s]
Seat 7: 73a1a488 folded before Flop (didn't bet)
Seat 3: d89a33e5(big blind) folded before Flop
Seat 4: Herowon ($14) with King-High
Seat 1: a698f374(small blind) folded on the Flop



Poker Hand #ring_854712679: NLH No Limit ($1/$2) - 2025/05/02 19:52:39
Table 'MR NLH 1/2' 7-max Seat #4 is the button
Seat 7: 73a1a488 ($345.69 in chips)
Seat 3: d89a33e5 ($597.51 in chips)
Seat 4: Hero ($290.94 in chips)
Seat 1: a698f374 ($400 in chips)
73a1a488: posts small blind $1
a698f374: posts big blind $2
*** HOLE CARDS ***
Dealt to 73a1a488 
Dealt to d89a33e5 
Dealt to Hero [8c Td]
Dealt to a698f374 
d89a33e5: folds
Hero: raises $3 to $5
73a1a488: folds
a698f374: folds
Uncalled bet ($3) returned to Hero
*** SHOWDOWN ***
Hero collected $5 from pot
*** SUMMARY ***
Total pot $5
Seat 7: 73a1a488(small blind) folded before Flop
Seat 3: d89a33e5 folded before Flop (didn't bet)
Seat 4: Herowon ($5)
Seat 1: a698f374(big blind) folded before Flop



Poker Hand #ring_854712024: NLH No Limit ($1/$2) - 2025/05/02 19:52:13
Table 'MR NLH 1/2' 7-max Seat #3 is the button
Seat 7: 73a1a488 ($344.69 in chips)
Seat 3: d89a33e5 ($597.51 in chips)
Seat 4: Hero ($291.94 in chips)
Seat 1: a698f374 ($400 in chips)
Hero: posts small blind $1
73a1a488: posts big blind $2
*** HOLE CARDS ***
Dealt to 73a1a488 
Dealt to d89a33e5 
Dealt to Hero [6s Td]
Dealt to a698f374 
a698f374: folds
d89a33e5: folds
Hero: folds
*** SHOWDOWN ***
73a1a488 collected $3 from pot
*** SUMMARY ***
Total pot $3
Seat 7: 73a1a488(big blind)won ($3)
Seat 3: d89a33e5 folded before Flop (didn't bet)
Seat 4: Hero(small blind) folded before Flop
Seat 1: a698f374 folded before Flop (didn't bet)



Poker Hand #ring_854708545: NLH No Limit ($1/$2) - 2025/05/02 19:50:00
Table 'MR NLH 1/2' 7-max Seat #1 is the button
Seat 7: 73a1a488 ($392.69 in chips)
Seat 3: d89a33e5 ($645.51 in chips)
Seat 4: Hero ($180 in chips)
Seat 1: a698f374 ($400 in chips)
d89a33e5: posts small blind $1
Hero: posts big blind $2
*** HOLE CARDS ***
Dealt to 73a1a488 
Dealt to d89a33e5 
Dealt to Hero [Jh Jd]
Dealt to a698f374 
73a1a488: raises $2 to $4
a698f374: calls $4
d89a33e5: raises $20 to $24
Hero: calls $22
73a1a488: calls $20
a698f374: calls $20
*** FLOP *** [8h Ks 6c]
d89a33e5: bets $24
Hero: calls $24
73a1a488: calls $24
a698f374: folds
*** TURN *** [8h Ks 6c] [Jc]
d89a33e5: checks
Hero: checks
73a1a488: checks
*** RIVER *** [8h Ks 6c Jc] [3s]
d89a33e5: checks
Hero: bets $132 and is all-in
73a1a488: folds
d89a33e5: folds
Uncalled bet ($132) returned to Hero
*** SHOWDOWN ***
Hero collected $168 from pot
*** SUMMARY ***
Total pot $168
Board [8h Ks 6c Jc 3s]
Seat 7: 73a1a488 folded on the River
Seat 3: d89a33e5(small blind) folded on the River
Seat 4: Hero(big blind)won ($168) with Three Jacks
Seat 1: a698f374 folded on the Flop



Poker Hand #ring_854704837: NLH No Limit ($1/$2) - 2025/05/02 19:47:38
Table 'MR NLH 1/2' 7-max Seat #7 is the button
Seat 7: 73a1a488 ($415.59 in chips)
Seat 3: d89a33e5 ($621.35 in chips)
Seat 4: Hero ($180 in chips)
Seat 1: a698f374 ($404 in chips)
a698f374: posts small blind $1
d89a33e5: posts big blind $2
*** HOLE CARDS ***
Dealt to 73a1a488 
Dealt to d89a33e5 
Dealt to Hero [8d Th]
Dealt to a698f374 
Hero: folds
73a1a488: raises $2 to $4
a698f374: calls $3
d89a33e5: calls $2
*** FLOP *** [9c 2h 7s]
a698f374: checks
d89a33e5: bets $9
73a1a488: calls $9
a698f374: folds
*** TURN *** [9c 2h 7s] [Td]
d89a33e5: checks
73a1a488: checks
*** RIVER *** [9c 2h 7s Td] [Ks]
d89a33e5: checks
73a1a488: bets $9.9
d89a33e5: raises $100.1 to $110
73a1a488: folds
Uncalled bet ($100.1) returned to d89a33e5
*** SHOWDOWN ***
d89a33e5 collected $49.8 from pot
*** SUMMARY ***
Total pot $49.8
Board [9c 2h 7s Td Ks]
Seat 7: 73a1a488 folded on the River
Seat 3: d89a33e5(big blind)won ($49.8) with Tens-High Straight
Seat 4: Hero folded before Flop (didn't bet)
Seat 1: a698f374(small blind) folded on the Flop



Poker Hand #ring_854702622: NLH No Limit ($1/$2) - 2025/05/02 19:46:14
Table 'MR NLH 1/2' 7-max Seat #4 is the button
Seat 7: 73a1a488 ($376.87 in chips)
Seat 3: d89a33e5 ($662.35 in chips)
Seat 4: Hero ($180 in chips)
Seat 1: a698f374 ($406 in chips)
73a1a488: posts small blind $1
a698f374: posts big blind $2
*** HOLE CARDS ***
Dealt to 73a1a488 
Dealt to d89a33e5 
Dealt to Hero [Tc 2s]
Dealt to a698f374 
d89a33e5: raises $4 to $6
Hero: folds
73a1a488: raises $14 to $20
a698f374: folds
d89a33e5: calls $14
*** FLOP *** [6s Qh Jc]
73a1a488: bets $21
d89a33e5: calls $21
*** TURN *** [6s Qh Jc] [7s]
73a1a488: checks
d89a33e5: checks
*** RIVER *** [6s Qh Jc 7s] [As]
73a1a488: checks
d89a33e5: checks
d89a33e5: shows [4d 6d]
73a1a488: shows [Ts 4s]
*** SHOWDOWN ***
73a1a488 collected $84 from pot
*** SUMMARY ***
Total pot $84
Board [6s Qh Jc 7s As]
Seat 7: 73a1a488(small blind) showed [Ts 4s] and won ($84) with Ace High Flush
Seat 3: d89a33e5 showed [4d 6d] and lost with Pair of Sixes
Seat 4: Hero folded before Flop (didn't bet)
Seat 1: a698f374(big blind) folded before Flop



Poker Hand #ring_854701927: NLH No Limit ($1/$2) - 2025/05/02 19:45:49
Table 'MR NLH 1/2' 7-max Seat #3 is the button
Seat 7: 73a1a488 ($378.87 in chips)
Seat 3: d89a33e5 ($662.35 in chips)
Seat 4: Hero ($181 in chips)
Seat 1: a698f374 ($403 in chips)
Hero: posts small blind $1
73a1a488: posts big blind $2
*** HOLE CARDS ***
Dealt to 73a1a488 
Dealt to d89a33e5 
Dealt to Hero [Th Ac]
Dealt to a698f374 
a698f374: raises $6 to $8
d89a33e5: folds
Hero: folds
73a1a488: folds
Uncalled bet ($6) returned to a698f374
*** SHOWDOWN ***
a698f374 collected $5 from pot
*** SUMMARY ***
Total pot $5
Seat 7: 73a1a488(big blind) folded before Flop
Seat 3: d89a33e5 folded before Flop (didn't bet)
Seat 4: Hero(small blind) folded before Flop
Seat 1: a698f374won ($5)



Poker Hand #ring_854701506: NLH No Limit ($1/$2) - 2025/05/02 19:45:32
Table 'MR NLH 1/2' 7-max Seat #1 is the button
Seat 7: 73a1a488 ($378.87 in chips)
Seat 3: d89a33e5 ($663.35 in chips)
Seat 4: Hero ($180 in chips)
Seat 1: a698f374 ($403 in chips)
d89a33e5: posts small blind $1
Hero: posts big blind $2
*** HOLE CARDS ***
Dealt to 73a1a488 
Dealt to d89a33e5 
Dealt to Hero [9h Qs]
Dealt to a698f374 
73a1a488: folds
a698f374: folds
d89a33e5: folds
*** SHOWDOWN ***
Hero collected $3 from pot
*** SUMMARY ***
Total pot $3
Seat 7: 73a1a488 folded before Flop (didn't bet)
Seat 3: d89a33e5(small blind) folded before Flop
Seat 4: Hero(big blind)won ($3)
Seat 1: a698f374 folded before Flop (didn't bet)



