Poker Hand #ring_899618707: NLH No Limit ($1/$2) - 2025/05/26 14:02:29
Table 'MR NLH BOMBPOT 1/2' 7-max Seat #2 is the button
Seat 3: 1ea639b ($400 in chips)
Seat 7: c877d083 ($186 in chips)
Seat 4: 85137399 ($157.13 in chips)
Seat 6: eaf5c86a ($161.38 in chips)
Seat 2: 9755aab2 ($230.72 in chips)
Seat 1: e2a7de25 ($766.56 in chips)
Seat 5: Hero ($438.21 in chips)
1ea639b: posts small blind $1
85137399: posts big blind $2
*** HOLE CARDS ***
Dealt to 1ea639b 
Dealt to c877d083 
Dealt to 85137399 
Dealt to eaf5c86a 
Dealt to 9755aab2 
Dealt to e2a7de25 
Dealt to Hero [4s 6d]
Hero: folds
eaf5c86a: folds
c877d083: folds
e2a7de25: raises $6 to $8
9755aab2: folds
1ea639b: folds
85137399: calls $6
*** FLOP *** [5s 3s 5d]
85137399: checks
e2a7de25: bets $12.75
85137399: calls $12.75
*** TURN *** [5s 3s 5d] [Ts]
85137399: checks
e2a7de25: checks
*** RIVER *** [5s 3s 5d Ts] [9s]
85137399: checks
e2a7de25: checks
e2a7de25: shows [8d Ad]
85137399: shows [3d Kh]
*** SHOWDOWN ***
85137399 collected $42.5 from pot
*** SUMMARY ***
Total pot $42.5
Board [5s 3s 5d Ts 9s]
Seat 3: 1ea639b(small blind) folded before Flop
Seat 7: c877d083 folded before Flop (didn't bet)
Seat 4: 85137399(big blind) showed [3d Kh] and won ($42.5) with Pair of Fives and Pair of Treys
Seat 6: eaf5c86a folded before Flop (didn't bet)
Seat 2: 9755aab2 folded before Flop (didn't bet)
Seat 1: e2a7de25 showed [8d Ad] and lost with Pair of Fives
Seat 5: Hero folded before Flop (didn't bet)



Poker Hand #ring_899618076: NLH No Limit ($1/$2) - 2025/05/26 14:01:49
Table 'MR NLH BOMBPOT 1/2' 7-max Seat #1 is the button
Seat 3: 1ea639b ($400 in chips)
Seat 7: c877d083 ($186 in chips)
Seat 4: 85137399 ($150.62 in chips)
Seat 6: eaf5c86a ($161.38 in chips)
Seat 2: 9755aab2 ($231.72 in chips)
Seat 1: e2a7de25 ($770.56 in chips)
Seat 5: Hero ($438.21 in chips)
9755aab2: posts small blind $1
1ea639b: posts big blind $2
*** HOLE CARDS ***
Dealt to 1ea639b 
Dealt to c877d083 
Dealt to 85137399 
Dealt to eaf5c86a 
Dealt to 9755aab2 
Dealt to e2a7de25 
Dealt to Hero [3c 7s]
85137399: raises $2 to $4
Hero: folds
eaf5c86a: folds
c877d083: folds
e2a7de25: calls $4
9755aab2: folds
1ea639b: folds
*** FLOP *** [3h Tc 9c]
85137399: bets $5.5
e2a7de25: folds
Uncalled bet ($5.5) returned to 85137399
*** SHOWDOWN ***
85137399 collected $11 from pot
*** SUMMARY ***
Total pot $11
Board [3h Tc 9c]
Seat 3: 1ea639b(big blind) folded before Flop
Seat 7: c877d083 folded before Flop (didn't bet)
Seat 4: 85137399won ($11) with Pair of Tens
Seat 6: eaf5c86a folded before Flop (didn't bet)
Seat 2: 9755aab2(small blind) folded before Flop
Seat 1: e2a7de25 folded on the Flop
Seat 5: Hero folded before Flop (didn't bet)



Poker Hand #ring_899616677: NLH No Limit ($1/$2) - 2025/05/26 14:00:25
Table 'MR NLH BOMBPOT 1/2' 7-max Seat #7 is the button
Seat 3: 1ea639b ($400 in chips)
Seat 7: c877d083 ($186 in chips)
Seat 4: 85137399 ($150.62 in chips)
Seat 6: eaf5c86a ($161.38 in chips)
Seat 2: 9755aab2 ($202 in chips)
Seat 1: e2a7de25 ($803.76 in chips)
Seat 5: Hero ($438.21 in chips)
e2a7de25: posts small blind $1
9755aab2: posts big blind $2
*** HOLE CARDS ***
Dealt to 1ea639b 
Dealt to c877d083 
Dealt to 85137399 
Dealt to eaf5c86a 
Dealt to 9755aab2 
Dealt to e2a7de25 
Dealt to Hero [5h 7s]
1ea639b: folds
85137399: folds
Hero: folds
eaf5c86a: folds
c877d083: folds
e2a7de25: raises $6 to $8
9755aab2: calls $6
*** FLOP *** [Qc Ac Qd]
e2a7de25: bets $12
9755aab2: calls $12
*** TURN *** [Qc Ac Qd] [7d]
e2a7de25: checks
9755aab2: bets $13.2
e2a7de25: calls $13.2
*** RIVER *** [Qc Ac Qd 7d] [8h]
e2a7de25: checks
9755aab2: bets $49.8
e2a7de25: folds
Uncalled bet ($49.8) returned to 9755aab2
*** SHOWDOWN ***
9755aab2 collected $66.4 from pot
*** SUMMARY ***
Total pot $66.4
Board [Qc Ac Qd 7d 8h]
Seat 3: 1ea639b folded before Flop (didn't bet)
Seat 7: c877d083 folded before Flop (didn't bet)
Seat 4: 85137399 folded before Flop (didn't bet)
Seat 6: eaf5c86a folded before Flop (didn't bet)
Seat 2: 9755aab2(big blind)won ($66.4) with Pair of Queens
Seat 1: e2a7de25(small blind) folded on the River
Seat 5: Hero folded before Flop (didn't bet)



Poker Hand #ring_899615226: NLH No Limit ($1/$2) - 2025/05/26 13:58:55
Table 'MR NLH BOMBPOT 1/2' 7-max Seat #6 is the button
Seat 3: 1ea639b ($400 in chips)
Seat 7: c877d083 ($196 in chips)
Seat 4: 85137399 ($160.62 in chips)
Seat 6: eaf5c86a ($171.38 in chips)
Seat 1: e2a7de25 ($756.96 in chips)
Seat 5: Hero ($448.21 in chips)
c877d083: posts the ante $10
e2a7de25: posts the ante $10
1ea639b: posts the ante $10
85137399: posts the ante $10
Hero: posts the ante $10
eaf5c86a: posts the ante $10
*** HOLE CARDS ***
Dealt to 1ea639b 
Dealt to c877d083 
Dealt to 85137399 
Dealt to eaf5c86a 
Dealt to e2a7de25 
Dealt to Hero [Qh Ts]
*** FLOP *** [Kh 7d 2h]
c877d083: checks
e2a7de25: checks
1ea639b: checks
85137399: checks
Hero: checks
eaf5c86a: checks
*** TURN *** [Kh 7d 2h] [Kd]
c877d083: checks
e2a7de25: bets $30
1ea639b: folds
85137399: folds
Hero: folds
eaf5c86a: folds
c877d083: folds
Uncalled bet ($30) returned to e2a7de25
*** SHOWDOWN ***
e2a7de25 collected $60 from pot
*** SUMMARY ***
Total pot $60
Board [Kh 7d 2h Kd]
Seat 3: 1ea639b folded on the Turn
Seat 7: c877d083(small blind) folded on the Turn
Seat 4: 85137399 folded on the Turn
Seat 6: eaf5c86a folded on the Turn
Seat 1: e2a7de25(big blind)won ($60) with Pair of Kings
Seat 5: Hero folded on the Turn



Poker Hand #ring_899614235: NLH No Limit ($1/$2) - 2025/05/26 13:57:54
Table 'MR NLH BOMBPOT 1/2' 7-max Seat #5 is the button
Seat 3: 1ea639b ($400 in chips)
Seat 7: c877d083 ($198 in chips)
Seat 4: 85137399 ($180.62 in chips)
Seat 6: eaf5c86a ($151.77 in chips)
Seat 1: e2a7de25 ($756.96 in chips)
Seat 5: Hero ($448.21 in chips)
eaf5c86a: posts small blind $1
c877d083: posts big blind $2
*** HOLE CARDS ***
Dealt to 1ea639b 
Dealt to c877d083 
Dealt to 85137399 
Dealt to eaf5c86a 
Dealt to e2a7de25 
Dealt to Hero [5s 3h]
e2a7de25: folds
1ea639b: folds
85137399: raises $2 to $4
Hero: folds
eaf5c86a: raises $16 to $20
c877d083: folds
85137399: calls $16
*** FLOP *** [Ah Ts 5d]
eaf5c86a: checks
85137399: checks
*** TURN *** [Ah Ts 5d] [Kc]
eaf5c86a: checks
85137399: checks
*** RIVER *** [Ah Ts 5d Kc] [7s]
eaf5c86a: checks
85137399: checks
85137399: shows [Td 9c]
eaf5c86a: shows [Qs Qd]
*** SHOWDOWN ***
eaf5c86a collected $42 from pot
*** SUMMARY ***
Total pot $42
Board [Ah Ts 5d Kc 7s]
Seat 3: 1ea639b folded before Flop (didn't bet)
Seat 7: c877d083(big blind) folded before Flop
Seat 4: 85137399 showed [Td 9c] and lost with Pair of Tens
Seat 6: eaf5c86a(small blind) showed [Qs Qd] and won ($42) with Pair of Queens
Seat 1: e2a7de25 folded before Flop (didn't bet)
Seat 5: Hero folded before Flop (didn't bet)



Poker Hand #ring_899612270: NLH No Limit ($1/$2) - 2025/05/26 13:55:54
Table 'MR NLH BOMBPOT 1/2' 7-max Seat #4 is the button
Seat 3: 1ea639b ($424 in chips)
Seat 2: ca36899b ($499.26 in chips)
Seat 7: c877d083 ($198 in chips)
Seat 4: 85137399 ($213.47 in chips)
Seat 6: eaf5c86a ($153.77 in chips)
Seat 1: e2a7de25 ($693.32 in chips)
Seat 5: Hero ($449.21 in chips)
Hero: posts small blind $1
eaf5c86a: posts big blind $2
*** HOLE CARDS ***
Dealt to 1ea639b 
Dealt to ca36899b 
Dealt to c877d083 
Dealt to 85137399 
Dealt to eaf5c86a 
Dealt to e2a7de25 
Dealt to Hero [Ks 9h]
c877d083: folds
e2a7de25: calls $2
ca36899b: folds
1ea639b: raises $4 to $6
85137399: calls $6
Hero: folds
eaf5c86a: folds
e2a7de25: calls $4
*** FLOP *** [9c 8s 2h]
e2a7de25: checks
1ea639b: bets $12
85137399: raises $14.85 to $26.85
e2a7de25: calls $26.85
1ea639b: calls $14.85
*** TURN *** [9c 8s 2h] [5d]
e2a7de25: checks
1ea639b: checks
85137399: checks
*** RIVER *** [9c 8s 2h 5d] [Th]
e2a7de25: bets $76.16
1ea639b: folds
85137399: folds
Uncalled bet ($76.16) returned to e2a7de25
*** SHOWDOWN ***
e2a7de25 collected $101.55 from pot
*** SUMMARY ***
Total pot $101.55
Board [9c 8s 2h 5d Th]
Seat 3: 1ea639b folded on the River
Seat 2: ca36899b folded before Flop (didn't bet)
Seat 7: c877d083 folded before Flop (didn't bet)
Seat 4: 85137399 folded on the River
Seat 6: eaf5c86a(big blind) folded before Flop
Seat 1: e2a7de25won ($101.55) with Tens-High Straight
Seat 5: Hero(small blind) folded before Flop



Poker Hand #ring_899611379: NLH No Limit ($1/$2) - 2025/05/26 13:54:58
Table 'MR NLH BOMBPOT 1/2' 7-max Seat #3 is the button
Seat 3: 1ea639b ($424 in chips)
Seat 2: ca36899b ($499.26 in chips)
Seat 7: c877d083 ($198 in chips)
Seat 4: 85137399 ($239.47 in chips)
Seat 6: eaf5c86a ($153.77 in chips)
Seat 1: e2a7de25 ($668.25 in chips)
Seat 5: Hero ($451.21 in chips)
85137399: posts small blind $1
Hero: posts big blind $2
*** HOLE CARDS ***
Dealt to 1ea639b 
Dealt to ca36899b 
Dealt to c877d083 
Dealt to 85137399 
Dealt to eaf5c86a 
Dealt to e2a7de25 
Dealt to Hero [3h 6d]
eaf5c86a: folds
c877d083: folds
e2a7de25: raises $6 to $8
ca36899b: folds
1ea639b: folds
85137399: raises $18 to $26
Hero: folds
e2a7de25: calls $18
*** FLOP *** [Jh 4h 8h]
85137399: checks
e2a7de25: checks
*** TURN *** [Jh 4h 8h] [Ks]
85137399: checks
e2a7de25: bets $54
85137399: folds
Uncalled bet ($54) returned to e2a7de25
*** SHOWDOWN ***
e2a7de25 collected $54 from pot
*** SUMMARY ***
Total pot $54
Board [Jh 4h 8h Ks]
Seat 3: 1ea639b folded before Flop (didn't bet)
Seat 2: ca36899b folded before Flop (didn't bet)
Seat 7: c877d083 folded before Flop (didn't bet)
Seat 4: 85137399(small blind) folded on the Turn
Seat 6: eaf5c86a folded before Flop (didn't bet)
Seat 1: e2a7de25won ($54) with Jack High Flush
Seat 5: Hero(big blind) folded before Flop



Poker Hand #ring_899610888: NLH No Limit ($1/$2) - 2025/05/26 13:54:29
Table 'MR NLH BOMBPOT 1/2' 7-max Seat #2 is the button
Seat 3: 1ea639b ($425 in chips)
Seat 2: ca36899b ($499.26 in chips)
Seat 7: c877d083 ($198 in chips)
Seat 4: 85137399 ($241.47 in chips)
Seat 6: eaf5c86a ($153.77 in chips)
Seat 1: e2a7de25 ($668.25 in chips)
Seat 5: Hero ($448.21 in chips)
1ea639b: posts small blind $1
85137399: posts big blind $2
*** HOLE CARDS ***
Dealt to 1ea639b 
Dealt to ca36899b 
Dealt to c877d083 
Dealt to 85137399 
Dealt to eaf5c86a 
Dealt to e2a7de25 
Dealt to Hero [5d 5s]
Hero: raises $4 to $6
eaf5c86a: folds
c877d083: folds
e2a7de25: folds
ca36899b: folds
1ea639b: folds
85137399: folds
Uncalled bet ($4) returned to Hero
*** SHOWDOWN ***
Hero collected $5 from pot
*** SUMMARY ***
Total pot $5
Seat 3: 1ea639b(small blind) folded before Flop
Seat 2: ca36899b folded before Flop (didn't bet)
Seat 7: c877d083 folded before Flop (didn't bet)
Seat 4: 85137399(big blind) folded before Flop
Seat 6: eaf5c86a folded before Flop (didn't bet)
Seat 1: e2a7de25 folded before Flop (didn't bet)
Seat 5: Herowon ($5)



Poker Hand #ring_899609620: NLH No Limit ($1/$2) - 2025/05/26 13:53:11
Table 'MR NLH BOMBPOT 1/2' 7-max Seat #1 is the button
Seat 3: 1ea639b ($429 in chips)
Seat 2: ca36899b ($503.26 in chips)
Seat 7: c877d083 ($200 in chips)
Seat 4: 85137399 ($232.1 in chips)
Seat 6: eaf5c86a ($153.77 in chips)
Seat 1: e2a7de25 ($668.25 in chips)
Seat 5: Hero ($448.21 in chips)
ca36899b: posts small blind $1
1ea639b: posts big blind $2
c877d083: posts big blind $2
*** HOLE CARDS ***
Dealt to 1ea639b 
Dealt to ca36899b 
Dealt to c877d083 
Dealt to 85137399 
Dealt to eaf5c86a 
Dealt to e2a7de25 
Dealt to Hero [5c 2d]
85137399: raises $2 to $4
Hero: folds
eaf5c86a: folds
c877d083: folds
e2a7de25: folds
ca36899b: calls $3
1ea639b: calls $2
*** FLOP *** [7s 2c Qd]
ca36899b: checks
1ea639b: checks
85137399: bets $7
ca36899b: folds
1ea639b: folds
Uncalled bet ($7) returned to 85137399
*** SHOWDOWN ***
85137399 collected $14 from pot
*** SUMMARY ***
Total pot $14
Board [7s 2c Qd]
Seat 3: 1ea639b(big blind) folded on the Flop
Seat 2: ca36899b(small blind) folded on the Flop
Seat 7: c877d083 folded before Flop
Seat 4: 85137399won ($14) with King-High
Seat 6: eaf5c86a folded before Flop (didn't bet)
Seat 1: e2a7de25 folded before Flop (didn't bet)
Seat 5: Hero folded before Flop (didn't bet)



Poker Hand #ring_899608529: NLH No Limit ($1/$2) - 2025/05/26 13:52:05
Table 'MR NLH BOMBPOT 1/2' 7-max Seat #6 is the button
Seat 3: 1ea639b ($429 in chips)
Seat 2: ca36899b ($456.51 in chips)
Seat 4: 85137399 ($277.85 in chips)
Seat 6: eaf5c86a ($153.77 in chips)
Seat 1: e2a7de25 ($669.25 in chips)
Seat 5: Hero ($448.21 in chips)
e2a7de25: posts small blind $1
ca36899b: posts big blind $2
*** HOLE CARDS ***
Dealt to 1ea639b 
Dealt to ca36899b 
Dealt to 85137399 
Dealt to eaf5c86a 
Dealt to e2a7de25 
Dealt to Hero [Jc Qh]
1ea639b: folds
85137399: raises $2 to $4
Hero: folds
eaf5c86a: folds
e2a7de25: folds
ca36899b: raises $14 to $18
85137399: raises $27.75 to $45.75
ca36899b: raises $410.76 to $456.51 and is all-in
85137399: folds
Uncalled bet ($410.76) returned to ca36899b
*** SHOWDOWN ***
ca36899b collected $92.5 from pot
*** SUMMARY ***
Total pot $92.5
Seat 3: 1ea639b folded before Flop (didn't bet)
Seat 2: ca36899b(big blind)won ($92.5)
Seat 4: 85137399 folded before Flop
Seat 6: eaf5c86a folded before Flop (didn't bet)
Seat 1: e2a7de25(small blind) folded before Flop
Seat 5: Hero folded before Flop (didn't bet)



Poker Hand #ring_899607865: NLH No Limit ($1/$2) - 2025/05/26 13:51:24
Table 'MR NLH BOMBPOT 1/2' 7-max Seat #5 is the button
Seat 3: 1ea639b ($420.67 in chips)
Seat 2: ca36899b ($456.51 in chips)
Seat 4: 85137399 ($277.85 in chips)
Seat 6: eaf5c86a ($154.77 in chips)
Seat 1: e2a7de25 ($671.25 in chips)
Seat 5: Hero ($454.21 in chips)
eaf5c86a: posts small blind $1
e2a7de25: posts big blind $2
*** HOLE CARDS ***
Dealt to 1ea639b 
Dealt to ca36899b 
Dealt to 85137399 
Dealt to eaf5c86a 
Dealt to e2a7de25 
Dealt to Hero [3c 2c]
ca36899b: folds
1ea639b: raises $4 to $6
85137399: folds
Hero: calls $6
eaf5c86a: folds
e2a7de25: folds
*** FLOP *** [Qs Qh 9d]
1ea639b: bets $10
Hero: folds
Uncalled bet ($10) returned to 1ea639b
*** SHOWDOWN ***
1ea639b collected $15 from pot
*** SUMMARY ***
Total pot $15
Board [Qs Qh 9d]
Seat 3: 1ea639bwon ($15) with Pair of Queens
Seat 2: ca36899b folded before Flop (didn't bet)
Seat 4: 85137399 folded before Flop (didn't bet)
Seat 6: eaf5c86a(small blind) folded before Flop
Seat 1: e2a7de25(big blind) folded before Flop
Seat 5: Hero folded on the Flop



Poker Hand #ring_899606915: NLH No Limit ($1/$2) - 2025/05/26 13:50:26
Table 'MR NLH BOMBPOT 1/2' 7-max Seat #4 is the button
Seat 3: 1ea639b ($420.67 in chips)
Seat 2: ca36899b ($456.51 in chips)
Seat 4: 85137399 ($273.25 in chips)
Seat 6: eaf5c86a ($158.77 in chips)
Seat 1: e2a7de25 ($671.25 in chips)
Seat 5: Hero ($455.21 in chips)
Hero: posts small blind $1
eaf5c86a: posts big blind $2
*** HOLE CARDS ***
Dealt to 1ea639b 
Dealt to ca36899b 
Dealt to 85137399 
Dealt to eaf5c86a 
Dealt to e2a7de25 
Dealt to Hero [Jh 2c]
e2a7de25: folds
ca36899b: folds
1ea639b: folds
85137399: raises $2 to $4
Hero: folds
eaf5c86a: calls $2
*** FLOP *** [9h Td As]
eaf5c86a: checks
85137399: checks
*** TURN *** [9h Td As] [Js]
eaf5c86a: checks
85137399: checks
*** RIVER *** [9h Td As Js] [Ac]
eaf5c86a: checks
85137399: checks
85137399: shows [Ts Qd]
eaf5c86a: shows [9d 8h]
*** SHOWDOWN ***
85137399 collected $9 from pot
*** SUMMARY ***
Total pot $9
Board [9h Td As Js Ac]
Seat 3: 1ea639b folded before Flop (didn't bet)
Seat 2: ca36899b folded before Flop (didn't bet)
Seat 4: 85137399 showed [Ts Qd] and won ($9) with Pair of Aces and Pair of Tens
Seat 6: eaf5c86a(big blind) showed [9d 8h] and lost with Pair of Aces and Pair of Nines
Seat 1: e2a7de25 folded before Flop (didn't bet)
Seat 5: Hero(small blind) folded before Flop



Poker Hand #ring_899606161: NLH No Limit ($1/$2) - 2025/05/26 13:49:41
Table 'MR NLH BOMBPOT 1/2' 7-max Seat #3 is the button
Seat 3: 1ea639b ($420.67 in chips)
Seat 2: ca36899b ($456.51 in chips)
Seat 4: 85137399 ($223.61 in chips)
Seat 6: eaf5c86a ($158.77 in chips)
Seat 1: e2a7de25 ($724.25 in chips)
Seat 5: Hero ($457.21 in chips)
85137399: posts small blind $1
Hero: posts big blind $2
*** HOLE CARDS ***
Dealt to 1ea639b 
Dealt to ca36899b 
Dealt to 85137399 
Dealt to eaf5c86a 
Dealt to e2a7de25 
Dealt to Hero [4c Kh]
eaf5c86a: folds
e2a7de25: raises $6 to $8
ca36899b: folds
1ea639b: folds
85137399: raises $18 to $26
Hero: folds
e2a7de25: calls $18
*** FLOP *** [Ah Jh 8c]
85137399: bets $27
e2a7de25: calls $27
*** TURN *** [Ah Jh 8c] [2h]
85137399: checks
e2a7de25: checks
*** RIVER *** [Ah Jh 8c 2h] [7h]
85137399: bets $81
e2a7de25: folds
Uncalled bet ($81) returned to 85137399
85137399: shows [Kd]
Hero: shows [Kh]
*** SHOWDOWN ***
85137399 collected $108 from pot
*** SUMMARY ***
Total pot $108
Board [Ah Jh 8c 2h 7h]
Seat 3: 1ea639b folded before Flop (didn't bet)
Seat 2: ca36899b folded before Flop (didn't bet)
Seat 4: 85137399(small blind) showed [Kd] and won ($108) with Ace-High
Seat 6: eaf5c86a folded before Flop (didn't bet)
Seat 1: e2a7de25 folded on the River
Seat 5: Hero(big blind) folded before Flop



Poker Hand #ring_899604912: NLH No Limit ($1/$2) - 2025/05/26 13:48:28
Table 'MR NLH BOMBPOT 1/2' 7-max Seat #2 is the button
Seat 3: 1ea639b ($430.67 in chips)
Seat 2: ca36899b ($466.51 in chips)
Seat 4: 85137399 ($263.61 in chips)
Seat 6: eaf5c86a ($168.77 in chips)
Seat 1: e2a7de25 ($734.25 in chips)
Seat 5: Hero ($383.11 in chips)
1ea639b: posts the ante $10
85137399: posts the ante $10
Hero: posts the ante $10
eaf5c86a: posts the ante $10
e2a7de25: posts the ante $10
ca36899b: posts the ante $10
*** HOLE CARDS ***
Dealt to 1ea639b 
Dealt to ca36899b 
Dealt to 85137399 
Dealt to eaf5c86a 
Dealt to e2a7de25 
Dealt to Hero [5s 9d]
*** FLOP *** [5c Jd 5d]
1ea639b: checks
85137399: bets $30
Hero: raises $60 to $90
eaf5c86a: folds
e2a7de25: folds
ca36899b: folds
1ea639b: folds
85137399: folds
Uncalled bet ($60) returned to Hero
*** SHOWDOWN ***
Hero collected $120 from pot
*** SUMMARY ***
Total pot $120
Board [5c Jd 5d]
Seat 3: 1ea639b(small blind) folded on the Flop
Seat 2: ca36899b folded on the Flop
Seat 4: 85137399(big blind) folded on the Flop
Seat 6: eaf5c86a folded on the Flop
Seat 1: e2a7de25 folded on the Flop
Seat 5: Herowon ($120) with Three Fives



Poker Hand #ring_899603945: NLH No Limit ($1/$2) - 2025/05/26 13:47:28
Table 'MR NLH BOMBPOT 1/2' 7-max Seat #1 is the button
Seat 3: 1ea639b ($411.33 in chips)
Seat 2: ca36899b ($467.51 in chips)
Seat 4: 85137399 ($263.61 in chips)
Seat 6: eaf5c86a ($168.77 in chips)
Seat 1: e2a7de25 ($755 in chips)
Seat 5: Hero ($383.11 in chips)
ca36899b: posts small blind $1
1ea639b: posts big blind $2
*** HOLE CARDS ***
Dealt to 1ea639b 
Dealt to ca36899b 
Dealt to 85137399 
Dealt to eaf5c86a 
Dealt to e2a7de25 
Dealt to Hero [9c 3h]
85137399: folds
Hero: folds
eaf5c86a: folds
e2a7de25: raises $6 to $8
ca36899b: folds
1ea639b: calls $6
*** FLOP *** [4s 3c Ac]
1ea639b: checks
e2a7de25: checks
*** TURN *** [4s 3c Ac] [Qc]
1ea639b: checks
e2a7de25: bets $12.75
1ea639b: calls $12.75
*** RIVER *** [4s 3c Ac Qc] [Tc]
1ea639b: checks
e2a7de25: checks
e2a7de25: shows [9s Kh]
1ea639b: shows [2h 2c]
ca36899b: shows [Kc]
Hero: shows [9c]
*** SHOWDOWN ***
1ea639b collected $42.5 from pot
*** SUMMARY ***
Total pot $42.5
Board [4s 3c Ac Qc Tc]
Seat 3: 1ea639b(big blind) showed [2h 2c] and won ($42.5) with Ace High Flush
Seat 2: ca36899b(small blind) folded before Flop
Seat 4: 85137399 folded before Flop (didn't bet)
Seat 6: eaf5c86a folded before Flop (didn't bet)
Seat 1: e2a7de25 showed [9s Kh] and lost with Ace-High
Seat 5: Hero folded before Flop (didn't bet)



Poker Hand #ring_899603044: NLH No Limit ($1/$2) - 2025/05/26 13:46:33
Table 'MR NLH BOMBPOT 1/2' 7-max Seat #6 is the button
Seat 3: 1ea639b ($411.33 in chips)
Seat 2: ca36899b ($469.51 in chips)
Seat 4: 85137399 ($263.61 in chips)
Seat 6: eaf5c86a ($174.77 in chips)
Seat 1: e2a7de25 ($756 in chips)
Seat 5: Hero ($374.78 in chips)
e2a7de25: posts small blind $1
ca36899b: posts big blind $2
*** HOLE CARDS ***
Dealt to 1ea639b 
Dealt to ca36899b 
Dealt to 85137399 
Dealt to eaf5c86a 
Dealt to e2a7de25 
Dealt to Hero [Jc Qs]
1ea639b: folds
85137399: folds
Hero: raises $4 to $6
eaf5c86a: calls $6
e2a7de25: folds
ca36899b: folds
*** FLOP *** [9c Jh 6d]
Hero: checks
eaf5c86a: checks
*** TURN *** [9c Jh 6d] [Kc]
Hero: checks
eaf5c86a: checks
*** RIVER *** [9c Jh 6d Kc] [3c]
Hero: bets $7.5
eaf5c86a: folds
Uncalled bet ($7.5) returned to Hero
*** SHOWDOWN ***
Hero collected $15 from pot
*** SUMMARY ***
Total pot $15
Board [9c Jh 6d Kc 3c]
Seat 3: 1ea639b folded before Flop (didn't bet)
Seat 2: ca36899b(big blind) folded before Flop
Seat 4: 85137399 folded before Flop (didn't bet)
Seat 6: eaf5c86a folded on the River
Seat 1: e2a7de25(small blind) folded before Flop
Seat 5: Herowon ($15) with Pair of Jacks



Poker Hand #ring_899602601: NLH No Limit ($1/$2) - 2025/05/26 13:46:07
Table 'MR NLH BOMBPOT 1/2' 7-max Seat #5 is the button
Seat 3: 1ea639b ($408.33 in chips)
Seat 2: ca36899b ($469.51 in chips)
Seat 4: 85137399 ($263.61 in chips)
Seat 6: eaf5c86a ($175.77 in chips)
Seat 1: e2a7de25 ($758 in chips)
Seat 5: Hero ($374.78 in chips)
eaf5c86a: posts small blind $1
e2a7de25: posts big blind $2
*** HOLE CARDS ***
Dealt to 1ea639b 
Dealt to ca36899b 
Dealt to 85137399 
Dealt to eaf5c86a 
Dealt to e2a7de25 
Dealt to Hero [4s 7d]
ca36899b: folds
1ea639b: raises $4 to $6
85137399: folds
Hero: folds
eaf5c86a: folds
e2a7de25: folds
Uncalled bet ($4) returned to 1ea639b
*** SHOWDOWN ***
1ea639b collected $5 from pot
*** SUMMARY ***
Total pot $5
Seat 3: 1ea639bwon ($5)
Seat 2: ca36899b folded before Flop (didn't bet)
Seat 4: 85137399 folded before Flop (didn't bet)
Seat 6: eaf5c86a(small blind) folded before Flop
Seat 1: e2a7de25(big blind) folded before Flop
Seat 5: Hero folded before Flop (didn't bet)



Poker Hand #ring_899601873: NLH No Limit ($1/$2) - 2025/05/26 13:45:23
Table 'MR NLH BOMBPOT 1/2' 7-max Seat #4 is the button
Seat 3: 1ea639b ($400 in chips)
Seat 2: ca36899b ($469.51 in chips)
Seat 4: 85137399 ($263.61 in chips)
Seat 6: eaf5c86a ($177.77 in chips)
Seat 1: e2a7de25 ($764 in chips)
Seat 5: Hero ($375.78 in chips)
Hero: posts small blind $1
eaf5c86a: posts big blind $2
*** HOLE CARDS ***
Dealt to 1ea639b 
Dealt to ca36899b 
Dealt to 85137399 
Dealt to eaf5c86a 
Dealt to e2a7de25 
Dealt to Hero [2d Qc]
e2a7de25: calls $2
ca36899b: folds
1ea639b: raises $4 to $6
85137399: folds
Hero: folds
eaf5c86a: folds
e2a7de25: calls $4
*** FLOP *** [8d 5c 3d]
e2a7de25: checks
1ea639b: bets $10
e2a7de25: folds
Uncalled bet ($10) returned to 1ea639b
*** SHOWDOWN ***
1ea639b collected $15 from pot
*** SUMMARY ***
Total pot $15
Board [8d 5c 3d]
Seat 3: 1ea639bwon ($15) with Pair of Aces
Seat 2: ca36899b folded before Flop (didn't bet)
Seat 4: 85137399 folded before Flop (didn't bet)
Seat 6: eaf5c86a(big blind) folded before Flop
Seat 1: e2a7de25 folded on the Flop
Seat 5: Hero(small blind) folded before Flop



Poker Hand #ring_899600794: NLH No Limit ($1/$2) - 2025/05/26 13:44:20
Table 'MR NLH BOMBPOT 1/2' 7-max Seat #3 is the button
Seat 3: 1ea639b ($400 in chips)
Seat 2: ca36899b ($469.51 in chips)
Seat 4: 85137399 ($343.61 in chips)
Seat 6: eaf5c86a ($177.77 in chips)
Seat 1: e2a7de25 ($689.79 in chips)
Seat 5: Hero ($377.78 in chips)
85137399: posts small blind $1
Hero: posts big blind $2
*** HOLE CARDS ***
Dealt to 1ea639b 
Dealt to ca36899b 
Dealt to 85137399 
Dealt to eaf5c86a 
Dealt to e2a7de25 
Dealt to Hero [9s 6h]
eaf5c86a: folds
e2a7de25: raises $6 to $8
ca36899b: folds
1ea639b: folds
85137399: calls $7
Hero: folds
*** FLOP *** [Tc Qc 7h]
85137399: checks
e2a7de25: bets $18
85137399: calls $18
*** TURN *** [Tc Qc 7h] [5h]
85137399: checks
e2a7de25: bets $54
85137399: calls $54
*** RIVER *** [Tc Qc 7h 5h] [Jh]
85137399: checks
e2a7de25: checks
e2a7de25: shows [Qs Jc]
85137399: shows [5c 4c]
*** SHOWDOWN ***
e2a7de25 collected $162 from pot
*** SUMMARY ***
Total pot $162
Board [Tc Qc 7h 5h Jh]
Seat 3: 1ea639b folded before Flop (didn't bet)
Seat 2: ca36899b folded before Flop (didn't bet)
Seat 4: 85137399(small blind) showed [5c 4c] and lost with Pair of Fives
Seat 6: eaf5c86a folded before Flop (didn't bet)
Seat 1: e2a7de25 showed [Qs Jc] and won ($162) with Pair of Queens and Pair of Jacks
Seat 5: Hero(big blind) folded before Flop



Poker Hand #ring_899600110: NLH No Limit ($1/$2) - 2025/05/26 13:43:38
Table 'MR NLH BOMBPOT 1/2' 7-max Seat #2 is the button
Seat 3: 1ea639b ($400 in chips)
Seat 2: ca36899b ($477.51 in chips)
Seat 4: 85137399 ($345.61 in chips)
Seat 6: eaf5c86a ($177.77 in chips)
Seat 1: e2a7de25 ($644.34 in chips)
Seat 5: Hero ($377.78 in chips)
1ea639b: posts small blind $1
85137399: posts big blind $2
*** HOLE CARDS ***
Dealt to 1ea639b 
Dealt to ca36899b 
Dealt to 85137399 
Dealt to eaf5c86a 
Dealt to e2a7de25 
Dealt to Hero [5c 3s]
Hero: folds
eaf5c86a: folds
e2a7de25: raises $6 to $8
ca36899b: calls $8
1ea639b: raises $32 to $40
85137399: folds
e2a7de25: calls $32
ca36899b: folds
*** FLOP *** [9c 7s 6c]
1ea639b: checks
e2a7de25: bets $90
1ea639b: folds
Uncalled bet ($90) returned to e2a7de25
*** SHOWDOWN ***
e2a7de25 collected $90 from pot
*** SUMMARY ***
Total pot $90
Board [9c 7s 6c]
Seat 3: 1ea639b(small blind) folded on the Flop
Seat 2: ca36899b folded before Flop
Seat 4: 85137399(big blind) folded before Flop
Seat 6: eaf5c86a folded before Flop (didn't bet)
Seat 1: e2a7de25won ($90) with Ace-High
Seat 5: Hero folded before Flop (didn't bet)



Poker Hand #ring_899599667: NLH No Limit ($1/$2) - 2025/05/26 13:43:12
Table 'MR NLH BOMBPOT 1/2' 7-max Seat #1 is the button
Seat 3: 1ea639b ($400 in chips)
Seat 2: ca36899b ($478.51 in chips)
Seat 4: 85137399 ($345.61 in chips)
Seat 6: eaf5c86a ($168.77 in chips)
Seat 1: e2a7de25 ($644.34 in chips)
Seat 5: Hero ($383.78 in chips)
ca36899b: posts small blind $1
1ea639b: posts big blind $2
*** HOLE CARDS ***
Dealt to 1ea639b 
Dealt to ca36899b 
Dealt to 85137399 
Dealt to eaf5c86a 
Dealt to e2a7de25 
Dealt to Hero [Jc 8c]
85137399: folds
Hero: raises $4 to $6
eaf5c86a: raises $12 to $18
e2a7de25: folds
ca36899b: folds
1ea639b: folds
Hero: folds
Uncalled bet ($12) returned to eaf5c86a
*** SHOWDOWN ***
eaf5c86a collected $15 from pot
*** SUMMARY ***
Total pot $15
Seat 3: 1ea639b(big blind) folded before Flop
Seat 2: ca36899b(small blind) folded before Flop
Seat 4: 85137399 folded before Flop (didn't bet)
Seat 6: eaf5c86awon ($15)
Seat 1: e2a7de25 folded before Flop (didn't bet)
Seat 5: Hero folded before Flop



Poker Hand #ring_899598405: NLH No Limit ($1/$2) - 2025/05/26 13:41:58
Table 'MR NLH BOMBPOT 1/2' 7-max Seat #6 is the button
Seat 2: ca36899b ($542.75 in chips)
Seat 4: 85137399 ($286.69 in chips)
Seat 6: eaf5c86a ($168.77 in chips)
Seat 1: e2a7de25 ($645.34 in chips)
Seat 5: Hero ($383.78 in chips)
e2a7de25: posts small blind $1
ca36899b: posts big blind $2
*** HOLE CARDS ***
Dealt to ca36899b 
Dealt to 85137399 
Dealt to eaf5c86a 
Dealt to e2a7de25 
Dealt to Hero [9s 3s]
85137399: raises $2 to $4
Hero: folds
eaf5c86a: folds
e2a7de25: folds
ca36899b: calls $2
*** FLOP *** [8h 2c 3c]
ca36899b: checks
85137399: bets $2
ca36899b: raises $6.5 to $8.5
85137399: calls $6.5
*** TURN *** [8h 2c 3c] [Jh]
ca36899b: bets $8.58
85137399: calls $8.58
*** RIVER *** [8h 2c 3c Jh] [5d]
ca36899b: bets $43.16
85137399: calls $43.16
ca36899b: shows [Kc 4c]
85137399: shows [7d 7c]
*** SHOWDOWN ***
85137399 collected $129.48 from pot
*** SUMMARY ***
Total pot $129.48
Board [8h 2c 3c Jh 5d]
Seat 2: ca36899b(big blind) showed [Kc 4c] and lost with King-High
Seat 4: 85137399 showed [7d 7c] and won ($129.48) with Pair of Sevens
Seat 6: eaf5c86a folded before Flop (didn't bet)
Seat 1: e2a7de25(small blind) folded before Flop
Seat 5: Hero folded before Flop (didn't bet)



Poker Hand #ring_899597981: NLH No Limit ($1/$2) - 2025/05/26 13:41:34
Table 'MR NLH BOMBPOT 1/2' 7-max Seat #5 is the button
Seat 2: ca36899b ($542.75 in chips)
Seat 4: 85137399 ($286.69 in chips)
Seat 6: eaf5c86a ($169.77 in chips)
Seat 1: e2a7de25 ($650.34 in chips)
Seat 5: Hero ($378.27 in chips)
eaf5c86a: posts small blind $1
e2a7de25: posts big blind $2
*** HOLE CARDS ***
Dealt to ca36899b 
Dealt to 85137399 
Dealt to eaf5c86a 
Dealt to e2a7de25 
Dealt to Hero [8s Ah]
ca36899b: folds
85137399: folds
Hero: raises $3 to $5
eaf5c86a: folds
e2a7de25: calls $3
*** FLOP *** [7s Kh Jd]
e2a7de25: checks
Hero: bets $5.5
e2a7de25: folds
Uncalled bet ($5.5) returned to Hero
*** SHOWDOWN ***
Hero collected $11 from pot
*** SUMMARY ***
Total pot $11
Board [7s Kh Jd]
Seat 2: ca36899b folded before Flop (didn't bet)
Seat 4: 85137399 folded before Flop (didn't bet)
Seat 6: eaf5c86a(small blind) folded before Flop
Seat 1: e2a7de25(big blind) folded on the Flop
Seat 5: Herowon ($11) with Ace-High



Poker Hand #ring_899596673: NLH No Limit ($1/$2) - 2025/05/26 13:40:20
Table 'MR NLH BOMBPOT 1/2' 7-max Seat #4 is the button
Seat 2: ca36899b ($552.75 in chips)
Seat 4: 85137399 ($135.36 in chips)
Seat 6: eaf5c86a ($179.77 in chips)
Seat 1: e2a7de25 ($660.34 in chips)
Seat 5: Hero ($513.63 in chips)
Hero: posts the ante $10
eaf5c86a: posts the ante $10
e2a7de25: posts the ante $10
ca36899b: posts the ante $10
85137399: posts the ante $10
*** HOLE CARDS ***
Dealt to ca36899b 
Dealt to 85137399 
Dealt to eaf5c86a 
Dealt to e2a7de25 
Dealt to Hero [9d Kh]
*** FLOP *** [9c 4c Kc]
Hero: checks
eaf5c86a: checks
e2a7de25: checks
ca36899b: checks
85137399: bets $25
Hero: calls $25
eaf5c86a: folds
e2a7de25: folds
ca36899b: folds
*** TURN *** [9c 4c Kc] [Qs]
Hero: bets $145
85137399: calls $100.36 and is all-in
Uncalled bet ($44.64) returned to Hero
85137399: shows [9h 8c]
Hero: shows [9d Kh]
*** RIVER *** [9c 4c Kc Qs] [Tc]
*** SHOWDOWN ***
85137399 collected $300.72 from pot
*** SUMMARY ***
Total pot $300.72
Board [9c 4c Kc Qs Tc]
Seat 2: ca36899b folded on the Flop
Seat 4: 85137399 showed [9h 8c] and won ($300.72) with King High Flush
Seat 6: eaf5c86a(big blind) folded on the Flop
Seat 1: e2a7de25 folded on the Flop
Seat 5: Hero(small blind) showed [9d Kh] and lost with Pair of Kings and Pair of Nines



Poker Hand #ring_899595999: NLH No Limit ($1/$2) - 2025/05/26 13:39:39
Table 'MR NLH BOMBPOT 1/2' 7-max Seat #2 is the button
Seat 2: ca36899b ($560.75 in chips)
Seat 4: 85137399 ($137 in chips)
Seat 6: eaf5c86a ($179.77 in chips)
Seat 1: e2a7de25 ($661.98 in chips)
Seat 5: Hero ($515.63 in chips)
85137399: posts small blind $1
Hero: posts big blind $2
*** HOLE CARDS ***
Dealt to ca36899b 
Dealt to 85137399 
Dealt to eaf5c86a 
Dealt to e2a7de25 
Dealt to Hero [9h As]
eaf5c86a: folds
e2a7de25: raises $6 to $8
ca36899b: calls $8
85137399: raises $26 to $34
Hero: folds
e2a7de25: raises $78 to $112
ca36899b: folds
85137399: raises $25 to $137 and is all-in
e2a7de25: calls $25
e2a7de25: shows [Qh Qc]
85137399: shows [Qs Qd]
*** FLOP *** [2c Kh Js]
*** TURN *** [2c Kh Js] [5c]
*** RIVER *** [2c Kh Js 5c] [9s]
Hero: shows [9h]
*** SHOWDOWN ***
e2a7de25 collected $142 from pot
85137399 collected $142 from pot
*** SUMMARY ***
Total pot $284
Board [2c Kh Js 5c 9s]
Seat 2: ca36899b folded before Flop
Seat 4: 85137399(small blind) showed [Qs Qd] and won ($142) with Pair of Queens
Seat 6: eaf5c86a folded before Flop (didn't bet)
Seat 1: e2a7de25 showed [Qh Qc] and won ($142) with Pair of Queens
Seat 5: Hero(big blind) folded before Flop



Poker Hand #ring_899595673: NLH No Limit ($1/$2) - 2025/05/26 13:39:20
Table 'MR NLH BOMBPOT 1/2' 7-max Seat #1 is the button
Seat 2: ca36899b ($558.75 in chips)
Seat 4: 85137399 ($139 in chips)
Seat 6: eaf5c86a ($179.77 in chips)
Seat 1: e2a7de25 ($661.98 in chips)
Seat 5: Hero ($515.63 in chips)
ca36899b: posts small blind $1
85137399: posts big blind $2
*** HOLE CARDS ***
Dealt to ca36899b 
Dealt to 85137399 
Dealt to eaf5c86a 
Dealt to e2a7de25 
Dealt to Hero [9d 2s]
Hero: folds
eaf5c86a: folds
e2a7de25: folds
ca36899b: raises $4 to $6
85137399: folds
Uncalled bet ($4) returned to ca36899b
*** SHOWDOWN ***
ca36899b collected $4 from pot
*** SUMMARY ***
Total pot $4
Seat 2: ca36899b(small blind)won ($4)
Seat 4: 85137399(big blind) folded before Flop
Seat 6: eaf5c86a folded before Flop (didn't bet)
Seat 1: e2a7de25 folded before Flop (didn't bet)
Seat 5: Hero folded before Flop (didn't bet)



Poker Hand #ring_899594750: NLH No Limit ($1/$2) - 2025/05/26 13:38:27
Table 'MR NLH BOMBPOT 1/2' 7-max Seat #7 is the button
Seat 7: 10d136b3 ($81.7 in chips)
Seat 2: ca36899b ($560.75 in chips)
Seat 4: 85137399 ($139 in chips)
Seat 6: eaf5c86a ($179.77 in chips)
Seat 3: 9e65b5be ($252.76 in chips)
Seat 1: e2a7de25 ($722.76 in chips)
Seat 5: Hero ($152.25 in chips)
e2a7de25: posts small blind $1
ca36899b: posts big blind $2
*** HOLE CARDS ***
Dealt to 10d136b3 
Dealt to ca36899b 
Dealt to 85137399 
Dealt to eaf5c86a 
Dealt to 9e65b5be 
Dealt to e2a7de25 
Dealt to Hero [Kc Ac]
9e65b5be: raises $6 to $8
85137399: folds
Hero: raises $15.2 to $23.2
eaf5c86a: folds
10d136b3: calls $23.2
e2a7de25: raises $79.6 to $102.8
ca36899b: folds
9e65b5be: calls $94.8
Hero: raises $49.45 to $152.25 and is all-in
10d136b3: calls $58.5 and is all-in
e2a7de25: calls $49.45
9e65b5be: calls $49.45
*** FLOP *** [5c 4c 3d]
e2a7de25: bets $270.22
9e65b5be: calls $100.51 and is all-in
Uncalled bet ($169.71) returned to e2a7de25
e2a7de25: shows [Qd Qh] (Pair of Queens)
9e65b5be: shows [8d 8c] (Pair of Eights)
Hero: shows [Kc Ac] (Ace-High)
10d136b3: shows [Jh Ah] (Ace-High)
*** TURN *** [5c 4c 3d] [Th]
*** RIVER *** [5c 4c 3d Th] [2c]
*** SHOWDOWN ***
Hero collected $328.8 from pot
Hero collected $211.65 from pot
e2a7de25 collected $201.02 from pot
*** SUMMARY ***
Total pot $741.47
Board [5c 4c 3d Th 2c]
Seat 7: 10d136b3 showed [Jh Ah] and lost with Fives-High Straight
Seat 2: ca36899b(big blind) folded before Flop
Seat 4: 85137399 folded before Flop (didn't bet)
Seat 6: eaf5c86a folded before Flop (didn't bet)
Seat 3: 9e65b5be showed [8d 8c] and lost with Pair of Eights
Seat 1: e2a7de25(small blind) showed [Qd Qh] and lost with Pair of Queens
Seat 5: Hero showed [Kc Ac] and won ($328.8) with Ace High Flush



Poker Hand #ring_899593919: NLH No Limit ($1/$2) - 2025/05/26 13:37:39
Table 'MR NLH BOMBPOT 1/2' 7-max Seat #6 is the button
Seat 7: 10d136b3 ($82.7 in chips)
Seat 2: ca36899b ($550.93 in chips)
Seat 4: 85137399 ($139 in chips)
Seat 6: eaf5c86a ($179.77 in chips)
Seat 3: 9e65b5be ($252.76 in chips)
Seat 1: e2a7de25 ($733.05 in chips)
Seat 5: Hero ($152.25 in chips)
10d136b3: posts small blind $1
e2a7de25: posts big blind $2
*** HOLE CARDS ***
Dealt to 10d136b3 
Dealt to ca36899b 
Dealt to 85137399 
Dealt to eaf5c86a 
Dealt to 9e65b5be 
Dealt to e2a7de25 
Dealt to Hero [8s Jh]
ca36899b: raises $4 to $6
9e65b5be: folds
85137399: folds
Hero: folds
eaf5c86a: folds
10d136b3: folds
e2a7de25: calls $4
*** FLOP *** [3d Ah 9h]
e2a7de25: checks
ca36899b: bets $4.29
e2a7de25: calls $4.29
*** TURN *** [3d Ah 9h] [2c]
e2a7de25: checks
ca36899b: checks
*** RIVER *** [3d Ah 9h 2c] [3h]
e2a7de25: checks
ca36899b: checks
e2a7de25: shows [Kh Jd]
ca36899b: shows [4d 4h]
*** SHOWDOWN ***
ca36899b collected $21.58 from pot
*** SUMMARY ***
Total pot $21.58
Board [3d Ah 9h 2c 3h]
Seat 7: 10d136b3(small blind) folded before Flop
Seat 2: ca36899b showed [4d 4h] and won ($21.58) with Pair of Fours and Pair of Treys
Seat 4: 85137399 folded before Flop (didn't bet)
Seat 6: eaf5c86a folded before Flop (didn't bet)
Seat 3: 9e65b5be folded before Flop (didn't bet)
Seat 1: e2a7de25(big blind) showed [Kh Jd] and lost with Pair of Treys
Seat 5: Hero folded before Flop (didn't bet)



Poker Hand #ring_899593334: NLH No Limit ($1/$2) - 2025/05/26 13:37:04
Table 'MR NLH BOMBPOT 1/2' 7-max Seat #5 is the button
Seat 7: 10d136b3 ($90.7 in chips)
Seat 2: ca36899b ($558.93 in chips)
Seat 4: 85137399 ($139 in chips)
Seat 6: eaf5c86a ($180.77 in chips)
Seat 3: 9e65b5be ($252.76 in chips)
Seat 1: e2a7de25 ($717.67 in chips)
Seat 5: Hero ($152.25 in chips)
eaf5c86a: posts small blind $1
10d136b3: posts big blind $2
*** HOLE CARDS ***
Dealt to 10d136b3 
Dealt to ca36899b 
Dealt to 85137399 
Dealt to eaf5c86a 
Dealt to 9e65b5be 
Dealt to e2a7de25 
Dealt to Hero [4h 9h]
e2a7de25: raises $6 to $8
ca36899b: calls $8
9e65b5be: folds
85137399: folds
Hero: folds
eaf5c86a: folds
10d136b3: calls $6
*** FLOP *** [2h 2c Ac]
10d136b3: checks
e2a7de25: bets $18.75
ca36899b: folds
10d136b3: folds
Uncalled bet ($18.75) returned to e2a7de25
*** SHOWDOWN ***
e2a7de25 collected $25 from pot
*** SUMMARY ***
Total pot $25
Board [2h 2c Ac]
Seat 7: 10d136b3(big blind) folded on the Flop
Seat 2: ca36899b folded on the Flop
Seat 4: 85137399 folded before Flop (didn't bet)
Seat 6: eaf5c86a(small blind) folded before Flop
Seat 3: 9e65b5be folded before Flop (didn't bet)
Seat 1: e2a7de25won ($25) with Pair of Aces and Pair of Twos
Seat 5: Hero folded before Flop (didn't bet)



Poker Hand #ring_899592546: NLH No Limit ($1/$2) - 2025/05/26 13:36:19
Table 'MR NLH BOMBPOT 1/2' 7-max Seat #4 is the button
Seat 7: 10d136b3 ($90.7 in chips)
Seat 2: ca36899b ($558.93 in chips)
Seat 4: 85137399 ($174 in chips)
Seat 6: eaf5c86a ($182.77 in chips)
Seat 3: 9e65b5be ($323.4 in chips)
Seat 1: e2a7de25 ($617.59 in chips)
Seat 5: Hero ($153.25 in chips)
Hero: posts small blind $1
eaf5c86a: posts big blind $2
85137399: posts big blind $2
*** HOLE CARDS ***
Dealt to 10d136b3 
Dealt to ca36899b 
Dealt to 85137399 
Dealt to eaf5c86a 
Dealt to 9e65b5be 
Dealt to e2a7de25 
Dealt to Hero [Js 4s]
10d136b3: folds
e2a7de25: raises $6 to $8
ca36899b: folds
9e65b5be: calls $8
85137399: raises $27 to $35
Hero: folds
eaf5c86a: folds
e2a7de25: calls $27
9e65b5be: calls $27
*** FLOP *** [6d 7s 9d]
e2a7de25: checks
9e65b5be: checks
85137399: checks
*** TURN *** [6d 7s 9d] [Ad]
e2a7de25: checks
9e65b5be: checks
85137399: checks
*** RIVER *** [6d 7s 9d Ad] [Kd]
e2a7de25: bets $35.64
9e65b5be: calls $35.64
85137399: folds
e2a7de25: shows [Kc Jd]
9e65b5be: shows [Ts Td]
*** SHOWDOWN ***
e2a7de25 collected $179.28 from pot
*** SUMMARY ***
Total pot $179.28
Board [6d 7s 9d Ad Kd]
Seat 7: 10d136b3 folded before Flop (didn't bet)
Seat 2: ca36899b folded before Flop (didn't bet)
Seat 4: 85137399 folded on the River
Seat 6: eaf5c86a(big blind) folded before Flop
Seat 3: 9e65b5be showed [Ts Td] and lost with Ace High Flush
Seat 1: e2a7de25 showed [Kc Jd] and won ($179.28) with Ace High Flush
Seat 5: Hero(small blind) folded before Flop



Poker Hand #ring_899591870: NLH No Limit ($1/$2) - 2025/05/26 13:35:40
Table 'MR NLH BOMBPOT 1/2' 7-max Seat #3 is the button
Seat 7: 10d136b3 ($90.7 in chips)
Seat 2: ca36899b ($558.93 in chips)
Seat 6: eaf5c86a ($182.77 in chips)
Seat 3: 9e65b5be ($302.42 in chips)
Seat 1: e2a7de25 ($639.09 in chips)
Seat 5: Hero ($155.25 in chips)
Hero: posts big blind $2
*** HOLE CARDS ***
Dealt to 10d136b3 
Dealt to ca36899b 
Dealt to eaf5c86a 
Dealt to 9e65b5be 
Dealt to e2a7de25 
Dealt to Hero [2h 4d]
eaf5c86a: folds
10d136b3: folds
e2a7de25: raises $6 to $8
ca36899b: folds
9e65b5be: calls $8
Hero: folds
*** FLOP *** [Qd Kd 5h]
e2a7de25: bets $13.5
9e65b5be: calls $13.5
*** TURN *** [Qd Kd 5h] [4s]
e2a7de25: checks
9e65b5be: bets $33.75
e2a7de25: folds
Uncalled bet ($33.75) returned to 9e65b5be
*** SHOWDOWN ***
9e65b5be collected $45 from pot
*** SUMMARY ***
Total pot $45
Board [Qd Kd 5h 4s]
Seat 7: 10d136b3 folded before Flop (didn't bet)
Seat 2: ca36899b folded before Flop (didn't bet)
Seat 6: eaf5c86a folded before Flop (didn't bet)
Seat 3: 9e65b5bewon ($45) with Ace-High
Seat 1: e2a7de25 folded on the Turn
Seat 5: Hero(big blind) folded before Flop



Poker Hand #ring_899589678: NLH No Limit ($1/$2) - 2025/05/26 13:33:33
Table 'MR NLH BOMBPOT 1/2' 7-max Seat #2 is the button
Seat 7: 10d136b3 ($90.7 in chips)
Seat 2: ca36899b ($337.42 in chips)
Seat 4: 85137399 ($237.66 in chips)
Seat 6: eaf5c86a ($182.77 in chips)
Seat 3: 9e65b5be ($308.42 in chips)
Seat 1: e2a7de25 ($639.09 in chips)
Seat 5: Hero ($155.25 in chips)
9e65b5be: posts small blind $1
85137399: posts big blind $2
*** HOLE CARDS ***
Dealt to 10d136b3 
Dealt to ca36899b 
Dealt to 85137399 
Dealt to eaf5c86a 
Dealt to 9e65b5be 
Dealt to e2a7de25 
Dealt to Hero [Qs 8d]
Hero: folds
eaf5c86a: folds
10d136b3: folds
e2a7de25: folds
ca36899b: raises $4 to $6
9e65b5be: calls $5
85137399: raises $18 to $24
ca36899b: calls $18
9e65b5be: folds
*** FLOP *** [5d Js 9d]
85137399: bets $40.5
ca36899b: calls $40.5
*** TURN *** [5d Js 9d] [6h]
85137399: bets $67.5
ca36899b: calls $67.5
*** RIVER *** [5d Js 9d 6h] [5h]
85137399: checks
ca36899b: bets $202.5
85137399: calls $105.66 and is all-in
Uncalled bet ($96.84) returned to ca36899b
ca36899b: shows [2d Ad]
85137399: shows [Qh Th]
*** SHOWDOWN ***
ca36899b collected $481.32 from pot
*** SUMMARY ***
Total pot $481.32
Board [5d Js 9d 6h 5h]
Seat 7: 10d136b3 folded before Flop (didn't bet)
Seat 2: ca36899b showed [2d Ad] and won ($481.32) with Pair of Fives
Seat 4: 85137399(big blind) showed [Qh Th] and lost with Pair of Fives
Seat 6: eaf5c86a folded before Flop (didn't bet)
Seat 3: 9e65b5be(small blind) folded before Flop
Seat 1: e2a7de25 folded before Flop (didn't bet)
Seat 5: Hero folded before Flop (didn't bet)



Poker Hand #ring_899589069: NLH No Limit ($1/$2) - 2025/05/26 13:32:58
Table 'MR NLH BOMBPOT 1/2' 7-max Seat #1 is the button
Seat 7: 10d136b3 ($90.7 in chips)
Seat 2: ca36899b ($338.42 in chips)
Seat 4: 85137399 ($241.66 in chips)
Seat 6: eaf5c86a ($182.77 in chips)
Seat 3: 9e65b5be ($300 in chips)
Seat 1: e2a7de25 ($643.09 in chips)
Seat 5: Hero ($155.25 in chips)
ca36899b: posts small blind $1
9e65b5be: posts big blind $2
*** HOLE CARDS ***
Dealt to 10d136b3 
Dealt to ca36899b 
Dealt to 85137399 
Dealt to eaf5c86a 
Dealt to 9e65b5be 
Dealt to e2a7de25 
Dealt to Hero [Ah 2c]
85137399: raises $2 to $4
Hero: folds
eaf5c86a: folds
10d136b3: folds
e2a7de25: calls $4
ca36899b: folds
9e65b5be: calls $2
*** FLOP *** [8d 9h 4c]
9e65b5be: bets $9.75
85137399: folds
e2a7de25: folds
Uncalled bet ($9.75) returned to 9e65b5be
*** SHOWDOWN ***
9e65b5be collected $13 from pot
*** SUMMARY ***
Total pot $13
Board [8d 9h 4c]
Seat 7: 10d136b3 folded before Flop (didn't bet)
Seat 2: ca36899b(small blind) folded before Flop
Seat 4: 85137399 folded on the Flop
Seat 6: eaf5c86a folded before Flop (didn't bet)
Seat 3: 9e65b5be(big blind)won ($13) with Pair of Nines
Seat 1: e2a7de25 folded on the Flop
Seat 5: Hero folded before Flop (didn't bet)



Poker Hand #ring_899588579: NLH No Limit ($1/$2) - 2025/05/26 13:32:29
Table 'MR NLH BOMBPOT 1/2' 7-max Seat #7 is the button
Seat 7: 10d136b3 ($100.7 in chips)
Seat 2: ca36899b ($348.42 in chips)
Seat 4: 85137399 ($194.86 in chips)
Seat 6: eaf5c86a ($192.77 in chips)
Seat 1: e2a7de25 ($653.09 in chips)
Seat 5: Hero ($165.25 in chips)
e2a7de25: posts the ante $10
ca36899b: posts the ante $10
85137399: posts the ante $10
Hero: posts the ante $10
eaf5c86a: posts the ante $10
10d136b3: posts the ante $10
*** HOLE CARDS ***
Dealt to 10d136b3 
Dealt to ca36899b 
Dealt to 85137399 
Dealt to eaf5c86a 
Dealt to e2a7de25 
Dealt to Hero [Kh 9s]
*** FLOP *** [9d Th 8h]
e2a7de25: checks
ca36899b: checks
85137399: bets $30
Hero: folds
eaf5c86a: folds
10d136b3: folds
e2a7de25: folds
ca36899b: folds
Uncalled bet ($30) returned to 85137399
*** SHOWDOWN ***
85137399 collected $60 from pot
*** SUMMARY ***
Total pot $60
Board [9d Th 8h]
Seat 7: 10d136b3 folded on the Flop
Seat 2: ca36899b(big blind) folded on the Flop
Seat 4: 85137399won ($60) with Queen-High
Seat 6: eaf5c86a folded on the Flop
Seat 1: e2a7de25(small blind) folded on the Flop
Seat 5: Hero folded on the Flop



Poker Hand #ring_899587769: NLH No Limit ($1/$2) - 2025/05/26 13:31:43
Table 'MR NLH BOMBPOT 1/2' 7-max Seat #6 is the button
Seat 7: 10d136b3 ($101.7 in chips)
Seat 2: ca36899b ($348.42 in chips)
Seat 4: 85137399 ($198.86 in chips)
Seat 6: eaf5c86a ($192.77 in chips)
Seat 1: e2a7de25 ($655.09 in chips)
Seat 5: Hero ($158.25 in chips)
10d136b3: posts small blind $1
e2a7de25: posts big blind $2
*** HOLE CARDS ***
Dealt to 10d136b3 
Dealt to ca36899b 
Dealt to 85137399 
Dealt to eaf5c86a 
Dealt to e2a7de25 
Dealt to Hero [Jd Js]
ca36899b: folds
85137399: raises $2 to $4
Hero: raises $9.26 to $13.26
eaf5c86a: folds
10d136b3: folds
e2a7de25: folds
85137399: folds
Uncalled bet ($9.26) returned to Hero
*** SHOWDOWN ***
Hero collected $11 from pot
*** SUMMARY ***
Total pot $11
Seat 7: 10d136b3(small blind) folded before Flop
Seat 2: ca36899b folded before Flop (didn't bet)
Seat 4: 85137399 folded before Flop
Seat 6: eaf5c86a folded before Flop (didn't bet)
Seat 1: e2a7de25(big blind) folded before Flop
Seat 5: Herowon ($11)



Poker Hand #ring_899586774: NLH No Limit ($1/$2) - 2025/05/26 13:30:47
Table 'MR NLH BOMBPOT 1/2' 7-max Seat #5 is the button
Seat 7: 10d136b3 ($103.7 in chips)
Seat 2: ca36899b ($372.17 in chips)
Seat 4: 85137399 ($91 in chips)
Seat 6: eaf5c86a ($193.77 in chips)
Seat 1: e2a7de25 ($746.09 in chips)
Seat 5: Hero ($158.25 in chips)
eaf5c86a: posts small blind $1
10d136b3: posts big blind $2
*** HOLE CARDS ***
Dealt to 10d136b3 
Dealt to ca36899b 
Dealt to 85137399 
Dealt to eaf5c86a 
Dealt to e2a7de25 
Dealt to Hero [Qd Jc]
e2a7de25: calls $2
ca36899b: raises $6 to $8
85137399: raises $15.75 to $23.75
Hero: folds
eaf5c86a: folds
10d136b3: folds
e2a7de25: calls $21.75
ca36899b: calls $15.75
*** FIRST FLOP *** [7s 3s 2h]
e2a7de25: checks
ca36899b: checks
85137399: bets $67.25 and is all-in
e2a7de25: calls $67.25
ca36899b: folds
e2a7de25: shows [5c 7d] (Pair of Sevens)
85137399: shows [2s As] (Pair of Twos)
*** FIRST TURN *** [7s 3s 2h] [9d]
*** SECOND TURN *** [7s 3s 2h] [Qh]
*** FIRST RIVER *** [7s 3s 2h 9d] [Ad]
*** SECOND RIVER *** [7s 3s 2h Qh] [2d]
*** FIRST SHOWDOWN ***
85137399 collected $104.63 from pot
*** SECOND SHOWDOWN ***
85137399 collected $104.12 from pot
*** SUMMARY ***
Total pot $208.75
Hand was run two timesFIRST Board [7s 3s 2h 9d Ad]
SECOND Board [Qh 2d]
Seat 7: 10d136b3(big blind) folded before Flop
Seat 2: ca36899b folded on the Flop
Seat 4: 85137399 showed [2s As] and won ($208.75) with Pair of Aces and Pair of Twos / Three Twos
Seat 6: eaf5c86a(small blind) folded before Flop
Seat 1: e2a7de25 showed [5c 7d] and lost with Pair of Sevens / Pair of Sevens and Pair of Twos
Seat 5: Hero folded before Flop (didn't bet)



Poker Hand #ring_899585839: NLH No Limit ($1/$2) - 2025/05/26 13:29:50
Table 'MR NLH BOMBPOT 1/2' 7-max Seat #4 is the button
Seat 7: 10d136b3 ($49.05 in chips)
Seat 2: ca36899b ($380.17 in chips)
Seat 4: 85137399 ($91 in chips)
Seat 6: eaf5c86a ($195.77 in chips)
Seat 1: e2a7de25 ($795.14 in chips)
Seat 5: Hero ($159.25 in chips)
Hero: posts small blind $1
eaf5c86a: posts big blind $2
*** HOLE CARDS ***
Dealt to 10d136b3 
Dealt to ca36899b 
Dealt to 85137399 
Dealt to eaf5c86a 
Dealt to e2a7de25 
Dealt to Hero [3d 6s]
10d136b3: calls $2
e2a7de25: raises $6 to $8
ca36899b: calls $8
85137399: folds
Hero: folds
eaf5c86a: folds
10d136b3: raises $41.05 to $49.05 and is all-in
e2a7de25: raises $54.55 to $103.6
ca36899b: folds
Uncalled bet ($54.55) returned to e2a7de25
e2a7de25: shows [Ac 8s]
10d136b3: shows [Th Ad]
*** FLOP *** [9d Jd 7h]
*** TURN *** [9d Jd 7h] [5h]
*** RIVER *** [9d Jd 7h 5h] [Kc]
ca36899b: shows [7s 7c]
*** SHOWDOWN ***
10d136b3 collected $109.1 from pot
*** SUMMARY ***
Total pot $109.1
Board [9d Jd 7h 5h Kc]
Seat 7: 10d136b3 showed [Th Ad] and won ($109.1) with Ace-High
Seat 2: ca36899b folded before Flop
Seat 4: 85137399 folded before Flop (didn't bet)
Seat 6: eaf5c86a(big blind) folded before Flop
Seat 1: e2a7de25 showed [Ac 8s] and lost with Ace-High
Seat 5: Hero(small blind) folded before Flop



Poker Hand #ring_899585251: NLH No Limit ($1/$2) - 2025/05/26 13:29:16
Table 'MR NLH BOMBPOT 1/2' 7-max Seat #2 is the button
Seat 7: 10d136b3 ($49.05 in chips)
Seat 2: ca36899b ($380.17 in chips)
Seat 4: 85137399 ($87 in chips)
Seat 6: eaf5c86a ($195.77 in chips)
Seat 1: e2a7de25 ($797.14 in chips)
Seat 5: Hero ($161.25 in chips)
85137399: posts small blind $1
Hero: posts big blind $2
*** HOLE CARDS ***
Dealt to 10d136b3 
Dealt to ca36899b 
Dealt to 85137399 
Dealt to eaf5c86a 
Dealt to e2a7de25 
Dealt to Hero [6s 2d]
eaf5c86a: folds
10d136b3: folds
e2a7de25: calls $2
ca36899b: folds
85137399: raises $6 to $8
Hero: folds
e2a7de25: folds
Uncalled bet ($6) returned to 85137399
*** SHOWDOWN ***
85137399 collected $6 from pot
*** SUMMARY ***
Total pot $6
Seat 7: 10d136b3 folded before Flop (didn't bet)
Seat 2: ca36899b folded before Flop (didn't bet)
Seat 4: 85137399(small blind)won ($6)
Seat 6: eaf5c86a folded before Flop (didn't bet)
Seat 1: e2a7de25 folded before Flop
Seat 5: Hero(big blind) folded before Flop



Poker Hand #ring_899584816: NLH No Limit ($1/$2) - 2025/05/26 13:28:51
Table 'MR NLH BOMBPOT 1/2' 7-max Seat #1 is the button
Seat 7: 10d136b3 ($49.05 in chips)
Seat 2: ca36899b ($381.17 in chips)
Seat 4: 85137399 ($89 in chips)
Seat 6: eaf5c86a ($195.77 in chips)
Seat 1: e2a7de25 ($794.14 in chips)
Seat 5: Hero ($161.25 in chips)
ca36899b: posts small blind $1
85137399: posts big blind $2
*** HOLE CARDS ***
Dealt to 10d136b3 
Dealt to ca36899b 
Dealt to 85137399 
Dealt to eaf5c86a 
Dealt to e2a7de25 
Dealt to Hero [3c Ah]
Hero: folds
eaf5c86a: folds
10d136b3: folds
e2a7de25: raises $6 to $8
ca36899b: folds
85137399: folds
Uncalled bet ($6) returned to e2a7de25
*** SHOWDOWN ***
e2a7de25 collected $5 from pot
*** SUMMARY ***
Total pot $5
Seat 7: 10d136b3 folded before Flop (didn't bet)
Seat 2: ca36899b(small blind) folded before Flop
Seat 4: 85137399(big blind) folded before Flop
Seat 6: eaf5c86a folded before Flop (didn't bet)
Seat 1: e2a7de25won ($5)
Seat 5: Hero folded before Flop (didn't bet)



Poker Hand #ring_899584384: NLH No Limit ($1/$2) - 2025/05/26 13:28:25
Table 'MR NLH BOMBPOT 1/2' 7-max Seat #7 is the button
Seat 7: 10d136b3 ($49.05 in chips)
Seat 2: ca36899b ($383.17 in chips)
Seat 4: 85137399 ($89 in chips)
Seat 6: eaf5c86a ($195.77 in chips)
Seat 1: e2a7de25 ($792.14 in chips)
Seat 5: Hero ($161.25 in chips)
e2a7de25: posts small blind $1
ca36899b: posts big blind $2
*** HOLE CARDS ***
Dealt to 10d136b3 
Dealt to ca36899b 
Dealt to 85137399 
Dealt to eaf5c86a 
Dealt to e2a7de25 
Dealt to Hero [9c 2s]
85137399: folds
Hero: folds
eaf5c86a: folds
10d136b3: folds
e2a7de25: raises $6 to $8
ca36899b: folds
Uncalled bet ($6) returned to e2a7de25
*** SHOWDOWN ***
e2a7de25 collected $4 from pot
*** SUMMARY ***
Total pot $4
Seat 7: 10d136b3 folded before Flop (didn't bet)
Seat 2: ca36899b(big blind) folded before Flop
Seat 4: 85137399 folded before Flop (didn't bet)
Seat 6: eaf5c86a folded before Flop (didn't bet)
Seat 1: e2a7de25(small blind)won ($4)
Seat 5: Hero folded before Flop (didn't bet)



Poker Hand #ring_899583964: NLH No Limit ($1/$2) - 2025/05/26 13:28:02
Table 'MR NLH BOMBPOT 1/2' 7-max Seat #6 is the button
Seat 7: 10d136b3 ($50.05 in chips)
Seat 2: ca36899b ($383.17 in chips)
Seat 4: 85137399 ($89 in chips)
Seat 6: eaf5c86a ($195.77 in chips)
Seat 1: e2a7de25 ($791.14 in chips)
Seat 5: Hero ($161.25 in chips)
10d136b3: posts small blind $1
e2a7de25: posts big blind $2
*** HOLE CARDS ***
Dealt to 10d136b3 
Dealt to ca36899b 
Dealt to 85137399 
Dealt to eaf5c86a 
Dealt to e2a7de25 
Dealt to Hero [9s Jc]
ca36899b: folds
85137399: folds
Hero: folds
eaf5c86a: folds
10d136b3: folds
*** SHOWDOWN ***
e2a7de25 collected $3 from pot
*** SUMMARY ***
Total pot $3
Seat 7: 10d136b3(small blind) folded before Flop
Seat 2: ca36899b folded before Flop (didn't bet)
Seat 4: 85137399 folded before Flop (didn't bet)
Seat 6: eaf5c86a folded before Flop (didn't bet)
Seat 1: e2a7de25(big blind)won ($3)
Seat 5: Hero folded before Flop (didn't bet)



Poker Hand #ring_899582534: NLH No Limit ($1/$2) - 2025/05/26 13:26:39
Table 'MR NLH BOMBPOT 1/2' 7-max Seat #5 is the button
Seat 7: 10d136b3 ($52.05 in chips)
Seat 2: ca36899b ($368.88 in chips)
Seat 4: 85137399 ($100 in chips)
Seat 6: eaf5c86a ($196.77 in chips)
Seat 1: e2a7de25 ($793.14 in chips)
Seat 5: Hero ($161.25 in chips)
eaf5c86a: posts small blind $1
10d136b3: posts big blind $2
85137399: posts big blind $2
*** HOLE CARDS ***
Dealt to 10d136b3 
Dealt to ca36899b 
Dealt to 85137399 
Dealt to eaf5c86a 
Dealt to e2a7de25 
Dealt to Hero [Td 9s]
e2a7de25: calls $2
ca36899b: raises $9 to $11
85137399: calls $9
Hero: folds
eaf5c86a: folds
10d136b3: folds
e2a7de25: folds
*** FLOP *** [8c Ts 9c]
ca36899b: checks
85137399: checks
*** TURN *** [8c Ts 9c] [Tc]
ca36899b: bets $357.88 and is all-in
85137399: folds
Uncalled bet ($357.88) returned to ca36899b
*** SHOWDOWN ***
ca36899b collected $27 from pot
*** SUMMARY ***
Total pot $27
Board [8c Ts 9c Tc]
Seat 7: 10d136b3(big blind) folded before Flop
Seat 2: ca36899bwon ($27) with Pair of Queens and Pair of Tens
Seat 4: 85137399 folded on the Turn
Seat 6: eaf5c86a(small blind) folded before Flop
Seat 1: e2a7de25 folded before Flop
Seat 5: Hero folded before Flop (didn't bet)



Poker Hand #ring_899581936: NLH No Limit ($1/$2) - 2025/05/26 13:26:05
Table 'MR NLH BOMBPOT 1/2' 7-max Seat #0 is the button
Seat 7: 10d136b3 ($52.05 in chips)
Seat 2: ca36899b ($368.88 in chips)
Seat 6: eaf5c86a ($198.77 in chips)
Seat 1: e2a7de25 ($790.14 in chips)
Seat 5: Hero ($162.25 in chips)
Hero: posts small blind $1
eaf5c86a: posts big blind $2
*** HOLE CARDS ***
Dealt to 10d136b3 
Dealt to ca36899b 
Dealt to eaf5c86a 
Dealt to e2a7de25 
Dealt to Hero [7c 6h]
10d136b3: folds
e2a7de25: raises $6 to $8
ca36899b: folds
Hero: folds
eaf5c86a: folds
Uncalled bet ($6) returned to e2a7de25
*** SHOWDOWN ***
e2a7de25 collected $5 from pot
*** SUMMARY ***
Total pot $5
Seat 7: 10d136b3 folded before Flop (didn't bet)
Seat 2: ca36899b folded before Flop (didn't bet)
Seat 6: eaf5c86a(big blind) folded before Flop
Seat 1: e2a7de25won ($5)
Seat 5: Hero(small blind) folded before Flop



Poker Hand #ring_899579964: NLH No Limit ($1/$2) - 2025/05/26 13:24:09
Table 'MR NLH BOMBPOT 1/2' 7-max Seat #3 is the button
Seat 7: 10d136b3 ($62.05 in chips)
Seat 2: ca36899b ($378.88 in chips)
Seat 3: 9285e811 ($492.44 in chips)
Seat 4: 85137399 ($91.35 in chips)
Seat 6: eaf5c86a ($208.77 in chips)
Seat 1: e2a7de25 ($800.14 in chips)
Seat 5: Hero ($172.25 in chips)
85137399: posts the ante $10
Hero: posts the ante $10
eaf5c86a: posts the ante $10
10d136b3: posts the ante $10
e2a7de25: posts the ante $10
ca36899b: posts the ante $10
9285e811: posts the ante $10
*** HOLE CARDS ***
Dealt to 10d136b3 
Dealt to ca36899b 
Dealt to 9285e811 
Dealt to 85137399 
Dealt to eaf5c86a 
Dealt to e2a7de25 
Dealt to Hero [Jc 5s]
*** FLOP *** [6h 5d 2s]
85137399: checks
Hero: checks
eaf5c86a: checks
10d136b3: checks
e2a7de25: checks
ca36899b: checks
9285e811: bets $40
85137399: calls $40
Hero: folds
eaf5c86a: folds
10d136b3: folds
e2a7de25: folds
ca36899b: folds
*** TURN *** [6h 5d 2s] [7h]
85137399: checks
9285e811: checks
*** RIVER *** [6h 5d 2s 7h] [Ks]
85137399: bets $41.35 and is all-in
9285e811: calls $41.35
9285e811: shows [Th 6c]
85137399: shows [9s 4d]
*** SHOWDOWN ***
9285e811 collected $232.7 from pot
*** SUMMARY ***
Total pot $232.7
Board [6h 5d 2s 7h Ks]
Seat 7: 10d136b3 folded on the Flop
Seat 2: ca36899b folded on the Flop
Seat 3: 9285e811 showed [Th 6c] and won ($232.7) with Pair of Sixes
Seat 4: 85137399(small blind) showed [9s 4d] and lost with King-High
Seat 6: eaf5c86a folded on the Flop
Seat 1: e2a7de25 folded on the Flop
Seat 5: Hero(big blind) folded on the Flop



Poker Hand #ring_899579175: NLH No Limit ($1/$2) - 2025/05/26 13:23:24
Table 'MR NLH BOMBPOT 1/2' 7-max Seat #2 is the button
Seat 7: 10d136b3 ($62.05 in chips)
Seat 2: ca36899b ($402.88 in chips)
Seat 3: 9285e811 ($469.19 in chips)
Seat 4: 85137399 ($93.35 in chips)
Seat 6: eaf5c86a ($208.77 in chips)
Seat 1: e2a7de25 ($800.14 in chips)
Seat 5: Hero ($172.25 in chips)
9285e811: posts small blind $1
85137399: posts big blind $2
*** HOLE CARDS ***
Dealt to 10d136b3 
Dealt to ca36899b 
Dealt to 9285e811 
Dealt to 85137399 
Dealt to eaf5c86a 
Dealt to e2a7de25 
Dealt to Hero [5c Qs]
Hero: folds
eaf5c86a: folds
10d136b3: folds
e2a7de25: folds
ca36899b: raises $4 to $6
9285e811: raises $18 to $24
85137399: folds
ca36899b: calls $18
*** FLOP *** [Ks 3h 2h]
9285e811: bets $22
ca36899b: folds
Uncalled bet ($22) returned to 9285e811
*** SHOWDOWN ***
9285e811 collected $50 from pot
*** SUMMARY ***
Total pot $50
Board [Ks 3h 2h]
Seat 7: 10d136b3 folded before Flop (didn't bet)
Seat 2: ca36899b folded on the Flop
Seat 3: 9285e811(small blind)won ($50) with King-High
Seat 4: 85137399(big blind) folded before Flop
Seat 6: eaf5c86a folded before Flop (didn't bet)
Seat 1: e2a7de25 folded before Flop (didn't bet)
Seat 5: Hero folded before Flop (didn't bet)



Poker Hand #ring_899578491: NLH No Limit ($1/$2) - 2025/05/26 13:22:45
Table 'MR NLH BOMBPOT 1/2' 7-max Seat #1 is the button
Seat 7: 10d136b3 ($62.05 in chips)
Seat 2: ca36899b ($403.88 in chips)
Seat 3: 9285e811 ($468.19 in chips)
Seat 4: 85137399 ($93.35 in chips)
Seat 6: eaf5c86a ($208.77 in chips)
Seat 1: e2a7de25 ($800.14 in chips)
Seat 5: Hero ($172.25 in chips)
ca36899b: posts small blind $1
9285e811: posts big blind $2
*** HOLE CARDS ***
Dealt to 10d136b3 
Dealt to ca36899b 
Dealt to 9285e811 
Dealt to 85137399 
Dealt to eaf5c86a 
Dealt to e2a7de25 
Dealt to Hero [7h Jd]
85137399: folds
Hero: folds
eaf5c86a: folds
10d136b3: folds
e2a7de25: folds
ca36899b: folds
*** SHOWDOWN ***
9285e811 collected $3 from pot
*** SUMMARY ***
Total pot $3
Seat 7: 10d136b3 folded before Flop (didn't bet)
Seat 2: ca36899b(small blind) folded before Flop
Seat 3: 9285e811(big blind)won ($3)
Seat 4: 85137399 folded before Flop (didn't bet)
Seat 6: eaf5c86a folded before Flop (didn't bet)
Seat 1: e2a7de25 folded before Flop (didn't bet)
Seat 5: Hero folded before Flop (didn't bet)



Poker Hand #ring_899577736: NLH No Limit ($1/$2) - 2025/05/26 13:22:01
Table 'MR NLH BOMBPOT 1/2' 7-max Seat #7 is the button
Seat 7: 10d136b3 ($62.05 in chips)
Seat 2: ca36899b ($405.88 in chips)
Seat 3: 9285e811 ($468.19 in chips)
Seat 4: 85137399 ($93.35 in chips)
Seat 6: eaf5c86a ($208.77 in chips)
Seat 1: e2a7de25 ($798.32 in chips)
Seat 5: Hero ($172.25 in chips)
e2a7de25: posts small blind $1
ca36899b: posts big blind $2
*** HOLE CARDS ***
Dealt to 10d136b3 
Dealt to ca36899b 
Dealt to 9285e811 
Dealt to 85137399 
Dealt to eaf5c86a 
Dealt to e2a7de25 
Dealt to Hero [2c Ks]
9285e811: folds
85137399: folds
Hero: folds
eaf5c86a: folds
10d136b3: folds
e2a7de25: calls $1
ca36899b: checks
*** FLOP *** [8h Ts Qs]
e2a7de25: checks
ca36899b: checks
*** TURN *** [8h Ts Qs] [3c]
e2a7de25: checks
ca36899b: checks
*** RIVER *** [8h Ts Qs 3c] [Qd]
e2a7de25: checks
ca36899b: checks
e2a7de25: shows [4c 7h]
ca36899b: shows [6h 5s]
*** SHOWDOWN ***
e2a7de25 collected $4 from pot
*** SUMMARY ***
Total pot $4
Board [8h Ts Qs 3c Qd]
Seat 7: 10d136b3 folded before Flop (didn't bet)
Seat 2: ca36899b(big blind) showed [6h 5s] and lost with Pair of Queens
Seat 3: 9285e811 folded before Flop (didn't bet)
Seat 4: 85137399 folded before Flop (didn't bet)
Seat 6: eaf5c86a folded before Flop (didn't bet)
Seat 1: e2a7de25(small blind) showed [4c 7h] and won ($4) with Pair of Queens
Seat 5: Hero folded before Flop (didn't bet)



Poker Hand #ring_899576716: NLH No Limit ($1/$2) - 2025/05/26 13:21:03
Table 'MR NLH BOMBPOT 1/2' 7-max Seat #6 is the button
Seat 7: 10d136b3 ($63.05 in chips)
Seat 2: ca36899b ($405.88 in chips)
Seat 3: 9285e811 ($468.19 in chips)
Seat 4: 85137399 ($93.35 in chips)
Seat 6: eaf5c86a ($213.77 in chips)
Seat 1: e2a7de25 ($792.81 in chips)
Seat 5: Hero ($172.25 in chips)
10d136b3: posts small blind $1
e2a7de25: posts big blind $2
*** HOLE CARDS ***
Dealt to 10d136b3 
Dealt to ca36899b 
Dealt to 9285e811 
Dealt to 85137399 
Dealt to eaf5c86a 
Dealt to e2a7de25 
Dealt to Hero [Jd 8s]
ca36899b: folds
9285e811: folds
85137399: folds
Hero: folds
eaf5c86a: raises $3 to $5
10d136b3: folds
e2a7de25: calls $3
*** FLOP *** [6h 7h 2h]
e2a7de25: checks
eaf5c86a: checks
*** TURN *** [6h 7h 2h] [9h]
e2a7de25: checks
eaf5c86a: checks
*** RIVER *** [6h 7h 2h 9h] [3c]
e2a7de25: checks
eaf5c86a: checks
e2a7de25: shows [4d 5s]
eaf5c86a: shows [5c Kc]
*** SHOWDOWN ***
e2a7de25 collected $11 from pot
*** SUMMARY ***
Total pot $11
Board [6h 7h 2h 9h 3c]
Seat 7: 10d136b3(small blind) folded before Flop
Seat 2: ca36899b folded before Flop (didn't bet)
Seat 3: 9285e811 folded before Flop (didn't bet)
Seat 4: 85137399 folded before Flop (didn't bet)
Seat 6: eaf5c86a showed [5c Kc] and lost with King-High
Seat 1: e2a7de25(big blind) showed [4d 5s] and won ($11) with Sevens-High Straight
Seat 5: Hero folded before Flop (didn't bet)



Poker Hand #ring_899576012: NLH No Limit ($1/$2) - 2025/05/26 13:20:22
Table 'MR NLH BOMBPOT 1/2' 7-max Seat #5 is the button
Seat 7: 10d136b3 ($71.05 in chips)
Seat 2: ca36899b ($405.88 in chips)
Seat 3: 9285e811 ($468.19 in chips)
Seat 4: 85137399 ($93.35 in chips)
Seat 6: eaf5c86a ($214.77 in chips)
Seat 1: e2a7de25 ($784.57 in chips)
Seat 5: Hero ($172.25 in chips)
eaf5c86a: posts small blind $1
10d136b3: posts big blind $2
*** HOLE CARDS ***
Dealt to 10d136b3 
Dealt to ca36899b 
Dealt to 9285e811 
Dealt to 85137399 
Dealt to eaf5c86a 
Dealt to e2a7de25 
Dealt to Hero [5s 8d]
e2a7de25: raises $6 to $8
ca36899b: folds
9285e811: folds
85137399: folds
Hero: folds
eaf5c86a: folds
10d136b3: calls $6
*** FLOP *** [As 5h 5d]
10d136b3: checks
e2a7de25: bets $8.5
10d136b3: folds
Uncalled bet ($8.5) returned to e2a7de25
*** SHOWDOWN ***
e2a7de25 collected $17 from pot
*** SUMMARY ***
Total pot $17
Board [As 5h 5d]
Seat 7: 10d136b3(big blind) folded on the Flop
Seat 2: ca36899b folded before Flop (didn't bet)
Seat 3: 9285e811 folded before Flop (didn't bet)
Seat 4: 85137399 folded before Flop (didn't bet)
Seat 6: eaf5c86a(small blind) folded before Flop
Seat 1: e2a7de25won ($17) with Pair of Aces and Pair of Fives
Seat 5: Hero folded before Flop (didn't bet)



Poker Hand #ring_899574738: NLH No Limit ($1/$2) - 2025/05/26 13:19:08
Table 'MR NLH BOMBPOT 1/2' 7-max Seat #4 is the button
Seat 7: 10d136b3 ($144.48 in chips)
Seat 2: ca36899b ($405.88 in chips)
Seat 3: 9285e811 ($399 in chips)
Seat 4: 85137399 ($93.35 in chips)
Seat 6: eaf5c86a ($216.77 in chips)
Seat 1: e2a7de25 ($784.57 in chips)
Seat 5: Hero ($173.25 in chips)
Hero: posts small blind $1
eaf5c86a: posts big blind $2
*** HOLE CARDS ***
Dealt to 10d136b3 
Dealt to ca36899b 
Dealt to 9285e811 
Dealt to 85137399 
Dealt to eaf5c86a 
Dealt to e2a7de25 
Dealt to Hero [2d Th]
10d136b3: calls $2
e2a7de25: folds
ca36899b: folds
9285e811: raises $4 to $6
85137399: folds
Hero: folds
eaf5c86a: folds
10d136b3: calls $4
*** FLOP *** [4s 6s Jc]
10d136b3: checks
9285e811: bets $12
10d136b3: calls $12
*** TURN *** [4s 6s Jc] [3h]
10d136b3: checks
9285e811: bets $10
10d136b3: calls $10
*** RIVER *** [4s 6s Jc 3h] [Jd]
10d136b3: bets $45.43
9285e811: raises $325.57 to $371 and is all-in
10d136b3: folds
Uncalled bet ($325.57) returned to 9285e811
*** SHOWDOWN ***
9285e811 collected $149.86 from pot
*** SUMMARY ***
Total pot $149.86
Board [4s 6s Jc 3h Jd]
Seat 7: 10d136b3 folded on the River
Seat 2: ca36899b folded before Flop (didn't bet)
Seat 3: 9285e811won ($149.86) with Three Jacks
Seat 4: 85137399 folded before Flop (didn't bet)
Seat 6: eaf5c86a(big blind) folded before Flop
Seat 1: e2a7de25 folded before Flop (didn't bet)
Seat 5: Hero(small blind) folded before Flop



Poker Hand #ring_899573690: NLH No Limit ($1/$2) - 2025/05/26 13:18:05
Table 'MR NLH BOMBPOT 1/2' 7-max Seat #3 is the button
Seat 7: 10d136b3 ($144.48 in chips)
Seat 2: ca36899b ($413.88 in chips)
Seat 3: 9285e811 ($399 in chips)
Seat 4: 85137399 ($94.35 in chips)
Seat 6: eaf5c86a ($216.77 in chips)
Seat 1: e2a7de25 ($752.13 in chips)
Seat 5: Hero ($200 in chips)
85137399: posts small blind $1
Hero: posts big blind $2
*** HOLE CARDS ***
Dealt to 10d136b3 
Dealt to ca36899b 
Dealt to 9285e811 
Dealt to 85137399 
Dealt to eaf5c86a 
Dealt to e2a7de25 
Dealt to Hero [Qh Th]
eaf5c86a: folds
10d136b3: folds
e2a7de25: raises $6 to $8
ca36899b: calls $8
9285e811: folds
85137399: folds
Hero: calls $6
*** FLOP *** [Kh Td 6s]
Hero: checks
e2a7de25: bets $18.75
ca36899b: folds
Hero: calls $18.75
*** TURN *** [Kh Td 6s] [2d]
Hero: checks
e2a7de25: bets $46.87
Hero: folds
Uncalled bet ($46.87) returned to e2a7de25
*** SHOWDOWN ***
e2a7de25 collected $62.5 from pot
*** SUMMARY ***
Total pot $62.5
Board [Kh Td 6s 2d]
Seat 7: 10d136b3 folded before Flop (didn't bet)
Seat 2: ca36899b folded on the Flop
Seat 3: 9285e811 folded before Flop (didn't bet)
Seat 4: 85137399(small blind) folded before Flop
Seat 6: eaf5c86a folded before Flop (didn't bet)
Seat 1: e2a7de25won ($62.5) with Ace-High
Seat 5: Hero(big blind) folded on the Turn



