Poker Hand #ring_883616314: NLH No Limit ($1/$2) - 2025/05/18 01:23:56
Table 'MR NLH 1/2' 7-max Seat #2 is the button
Seat 7: 8bc9a315 ($250.3 in chips)
Seat 2: Hero ($386.95 in chips)
Hero: posts small blind $1
8bc9a315: posts big blind $2
*** HOLE CARDS ***
Dealt to 8bc9a315 
Dealt to Hero [Qc 7d]
Hero: raises $3 to $5
8bc9a315: folds
Uncalled bet ($3) returned to Hero
*** SHOWDOWN ***
Hero collected $4 from pot
*** SUMMARY ***
Total pot $4
Seat 7: 8bc9a315(big blind) folded before Flop
Seat 2: Hero(small blind)won ($4)



Poker Hand #ring_883615484: NLH No Limit ($1/$2) - 2025/05/18 01:23:24
Table 'MR NLH 1/2' 7-max Seat #7 is the button
Seat 7: 8bc9a315 ($266.3 in chips)
Seat 2: Hero ($371.67 in chips)
8bc9a315: posts small blind $1
Hero: posts big blind $2
*** HOLE CARDS ***
Dealt to 8bc9a315 
Dealt to Hero [Td Qs]
8bc9a315: raises $6 to $8
Hero: calls $6
*** FLOP *** [6c Th Jd]
Hero: checks
8bc9a315: checks
*** TURN *** [6c Th Jd] [4c]
Hero: bets $8
8bc9a315: calls $8
*** RIVER *** [6c Th Jd 4c] [8c]
Hero: bets $16
8bc9a315: folds
Uncalled bet ($16) returned to Hero
*** SHOWDOWN ***
Hero collected $32 from pot
*** SUMMARY ***
Total pot $32
Board [6c Th Jd 4c 8c]
Seat 7: 8bc9a315(small blind) folded on the River
Seat 2: Hero(big blind)won ($32) with Pair of Tens



Poker Hand #ring_883615144: NLH No Limit ($1/$2) - 2025/05/18 01:23:12
Table 'MR NLH 1/2' 7-max Seat #2 is the button
Seat 7: 8bc9a315 ($265.3 in chips)
Seat 2: Hero ($372.67 in chips)
Hero: posts small blind $1
8bc9a315: posts big blind $2
*** HOLE CARDS ***
Dealt to 8bc9a315 
Dealt to Hero [2c 4h]
Hero: folds
*** SHOWDOWN ***
8bc9a315 collected $3 from pot
*** SUMMARY ***
Total pot $3
Seat 7: 8bc9a315(big blind)won ($3)
Seat 2: Hero(small blind) folded before Flop



Poker Hand #ring_883614740: NLH No Limit ($1/$2) - 2025/05/18 01:22:57
Table 'MR NLH 1/2' 7-max Seat #5 is the button
Seat 7: 8bc9a315 ($263.3 in chips)
Seat 5: fd6f7230 ($445.07 in chips)
Seat 2: Hero ($374.67 in chips)
8bc9a315: posts small blind $1
Hero: posts big blind $2
*** HOLE CARDS ***
Dealt to 8bc9a315 
Dealt to fd6f7230 
Dealt to Hero [3c 6s]
fd6f7230: folds
8bc9a315: raises $6 to $8
Hero: folds
Uncalled bet ($6) returned to 8bc9a315
*** SHOWDOWN ***
8bc9a315 collected $4 from pot
*** SUMMARY ***
Total pot $4
Seat 7: 8bc9a315(small blind)won ($4)
Seat 5: fd6f7230 folded before Flop (didn't bet)
Seat 2: Hero(big blind) folded before Flop



Poker Hand #ring_883614412: NLH No Limit ($1/$2) - 2025/05/18 01:22:45
Table 'MR NLH 1/2' 7-max Seat #2 is the button
Seat 7: 8bc9a315 ($262.3 in chips)
Seat 5: fd6f7230 ($446.07 in chips)
Seat 2: Hero ($374.67 in chips)
fd6f7230: posts small blind $1
8bc9a315: posts big blind $2
*** HOLE CARDS ***
Dealt to 8bc9a315 
Dealt to fd6f7230 
Dealt to Hero [2d 4s]
Hero: folds
fd6f7230: folds
*** SHOWDOWN ***
8bc9a315 collected $3 from pot
*** SUMMARY ***
Total pot $3
Seat 7: 8bc9a315(big blind)won ($3)
Seat 5: fd6f7230(small blind) folded before Flop
Seat 2: Hero folded before Flop (didn't bet)



Poker Hand #ring_883614087: NLH No Limit ($1/$2) - 2025/05/18 01:22:33
Table 'MR NLH 1/2' 7-max Seat #7 is the button
Seat 7: 8bc9a315 ($262.3 in chips)
Seat 5: fd6f7230 ($445.07 in chips)
Seat 2: Hero ($375.67 in chips)
Hero: posts small blind $1
fd6f7230: posts big blind $2
*** HOLE CARDS ***
Dealt to 8bc9a315 
Dealt to fd6f7230 
Dealt to Hero [5c 2h]
8bc9a315: folds
Hero: folds
*** SHOWDOWN ***
fd6f7230 collected $3 from pot
*** SUMMARY ***
Total pot $3
Seat 7: 8bc9a315 folded before Flop (didn't bet)
Seat 5: fd6f7230(big blind)won ($3)
Seat 2: Hero(small blind) folded before Flop



Poker Hand #ring_883612888: NLH No Limit ($1/$2) - 2025/05/18 01:21:48
Table 'MR NLH 1/2' 7-max Seat #5 is the button
Seat 7: 8bc9a315 ($269.3 in chips)
Seat 5: fd6f7230 ($432.01 in chips)
Seat 2: Hero ($382.67 in chips)
8bc9a315: posts small blind $1
Hero: posts big blind $2
*** HOLE CARDS ***
Dealt to 8bc9a315 
Dealt to fd6f7230 
Dealt to Hero [Kd 6h]
fd6f7230: raises $5 to $7
8bc9a315: calls $6
Hero: calls $5
*** FLOP *** [Ac 3h Ts]
8bc9a315: checks
Hero: checks
fd6f7230: bets $10.5
8bc9a315: folds
Hero: folds
Uncalled bet ($10.5) returned to fd6f7230
*** SHOWDOWN ***
fd6f7230 collected $21 from pot
*** SUMMARY ***
Total pot $21
Board [Ac 3h Ts]
Seat 7: 8bc9a315(small blind) folded on the Flop
Seat 5: fd6f7230won ($21) with Pair of Aces
Seat 2: Hero(big blind) folded on the Flop



Poker Hand #ring_883612472: NLH No Limit ($1/$2) - 2025/05/18 01:21:33
Table 'MR NLH 1/2' 7-max Seat #0 is the button
Seat 7: 8bc9a315 ($268.3 in chips)
Seat 5: fd6f7230 ($433.01 in chips)
Seat 2: Hero ($382.67 in chips)
fd6f7230: posts small blind $1
8bc9a315: posts big blind $2
*** HOLE CARDS ***
Dealt to 8bc9a315 
Dealt to fd6f7230 
Dealt to Hero [4s 5h]
Hero: folds
fd6f7230: folds
*** SHOWDOWN ***
8bc9a315 collected $3 from pot
*** SUMMARY ***
Total pot $3
Seat 7: 8bc9a315(big blind)won ($3)
Seat 5: fd6f7230(small blind) folded before Flop
Seat 2: Hero folded before Flop (didn't bet)



Poker Hand #ring_883611993: NLH No Limit ($1/$2) - 2025/05/18 01:21:16
Table 'MR NLH 1/2' 7-max Seat #2 is the button
Seat 7: 8bc9a315 ($265.3 in chips)
Seat 3: 9be811a5 ($349.92 in chips)
Seat 5: fd6f7230 ($435.01 in chips)
Seat 2: Hero ($382.67 in chips)
9be811a5: posts small blind $1
fd6f7230: posts big blind $2
*** HOLE CARDS ***
Dealt to 8bc9a315 
Dealt to 9be811a5 
Dealt to fd6f7230 
Dealt to Hero [9s 5c]
8bc9a315: raises $6 to $8
Hero: folds
9be811a5: folds
fd6f7230: folds
Uncalled bet ($6) returned to 8bc9a315
*** SHOWDOWN ***
8bc9a315 collected $5 from pot
*** SUMMARY ***
Total pot $5
Seat 7: 8bc9a315won ($5)
Seat 3: 9be811a5(small blind) folded before Flop
Seat 5: fd6f7230(big blind) folded before Flop
Seat 2: Hero folded before Flop (didn't bet)



Poker Hand #ring_883611446: NLH No Limit ($1/$2) - 2025/05/18 01:20:56
Table 'MR NLH 1/2' 7-max Seat #7 is the button
Seat 7: 8bc9a315 ($265.3 in chips)
Seat 3: 9be811a5 ($348.92 in chips)
Seat 5: fd6f7230 ($435.01 in chips)
Seat 2: Hero ($383.67 in chips)
Hero: posts small blind $1
9be811a5: posts big blind $2
*** HOLE CARDS ***
Dealt to 8bc9a315 
Dealt to 9be811a5 
Dealt to fd6f7230 
Dealt to Hero [7d 5h]
fd6f7230: folds
8bc9a315: folds
Hero: folds
*** SHOWDOWN ***
9be811a5 collected $3 from pot
*** SUMMARY ***
Total pot $3
Seat 7: 8bc9a315 folded before Flop (didn't bet)
Seat 3: 9be811a5(big blind)won ($3)
Seat 5: fd6f7230 folded before Flop (didn't bet)
Seat 2: Hero(small blind) folded before Flop



Poker Hand #ring_883610508: NLH No Limit ($1/$2) - 2025/05/18 01:20:20
Table 'MR NLH 1/2' 7-max Seat #5 is the button
Seat 7: 8bc9a315 ($271.3 in chips)
Seat 3: 9be811a5 ($337.73 in chips)
Seat 5: fd6f7230 ($435.01 in chips)
Seat 2: Hero ($389.67 in chips)
8bc9a315: posts small blind $1
Hero: posts big blind $2
*** HOLE CARDS ***
Dealt to 8bc9a315 
Dealt to 9be811a5 
Dealt to fd6f7230 
Dealt to Hero [Qd Th]
9be811a5: raises $4 to $6
fd6f7230: folds
8bc9a315: calls $5
Hero: calls $4
*** FLOP *** [5d 9d Ah]
8bc9a315: checks
Hero: checks
9be811a5: bets $9
8bc9a315: folds
Hero: folds
Uncalled bet ($9) returned to 9be811a5
*** SHOWDOWN ***
9be811a5 collected $18 from pot
*** SUMMARY ***
Total pot $18
Board [5d 9d Ah]
Seat 7: 8bc9a315(small blind) folded on the Flop
Seat 3: 9be811a5won ($18) with Pair of Aces
Seat 5: fd6f7230 folded before Flop (didn't bet)
Seat 2: Hero(big blind) folded on the Flop



Poker Hand #ring_883609743: NLH No Limit ($1/$2) - 2025/05/18 01:19:52
Table 'MR NLH 1/2' 7-max Seat #3 is the button
Seat 7: 8bc9a315 ($264.3 in chips)
Seat 3: 9be811a5 ($337.73 in chips)
Seat 5: fd6f7230 ($436.01 in chips)
Seat 2: Hero ($395.67 in chips)
fd6f7230: posts small blind $1
8bc9a315: posts big blind $2
*** HOLE CARDS ***
Dealt to 8bc9a315 
Dealt to 9be811a5 
Dealt to fd6f7230 
Dealt to Hero [Ks Jh]
Hero: raises $4 to $6
9be811a5: folds
fd6f7230: folds
8bc9a315: raises $13 to $19
Hero: folds
Uncalled bet ($13) returned to 8bc9a315
*** SHOWDOWN ***
8bc9a315 collected $13 from pot
*** SUMMARY ***
Total pot $13
Seat 7: 8bc9a315(big blind)won ($13)
Seat 3: 9be811a5 folded before Flop (didn't bet)
Seat 5: fd6f7230(small blind) folded before Flop
Seat 2: Hero folded before Flop



Poker Hand #ring_883608548: NLH No Limit ($1/$2) - 2025/05/18 01:19:07
Table 'MR NLH 1/2' 7-max Seat #2 is the button
Seat 7: 8bc9a315 ($256.97 in chips)
Seat 3: 9be811a5 ($338.73 in chips)
Seat 5: fd6f7230 ($443.01 in chips)
Seat 2: Hero ($395.67 in chips)
9be811a5: posts small blind $1
fd6f7230: posts big blind $2
*** HOLE CARDS ***
Dealt to 8bc9a315 
Dealt to 9be811a5 
Dealt to fd6f7230 
Dealt to Hero [Td 2c]
8bc9a315: calls $2
Hero: folds
9be811a5: folds
fd6f7230: checks
*** FLOP *** [5s 8d 9c]
fd6f7230: checks
8bc9a315: bets $5
fd6f7230: calls $5
*** TURN *** [5s 8d 9c] [9h]
fd6f7230: checks
8bc9a315: bets $11.25
fd6f7230: folds
Uncalled bet ($11.25) returned to 8bc9a315
*** SHOWDOWN ***
8bc9a315 collected $15 from pot
*** SUMMARY ***
Total pot $15
Board [5s 8d 9c 9h]
Seat 7: 8bc9a315won ($15) with Pair of Nines and Pair of Fives
Seat 3: 9be811a5(small blind) folded before Flop
Seat 5: fd6f7230(big blind) folded on the Turn
Seat 2: Hero folded before Flop (didn't bet)



Poker Hand #ring_883607743: NLH No Limit ($1/$2) - 2025/05/18 01:18:38
Table 'MR NLH 1/2' 7-max Seat #7 is the button
Seat 7: 8bc9a315 ($256.97 in chips)
Seat 3: 9be811a5 ($334.18 in chips)
Seat 5: fd6f7230 ($443.01 in chips)
Seat 2: Hero ($400.67 in chips)
Hero: posts small blind $1
9be811a5: posts big blind $2
*** HOLE CARDS ***
Dealt to 8bc9a315 
Dealt to 9be811a5 
Dealt to fd6f7230 
Dealt to Hero [Kd 2h]
fd6f7230: folds
8bc9a315: folds
Hero: raises $3 to $5
9be811a5: calls $3
*** FLOP *** [Jd 3c Jc]
Hero: checks
9be811a5: bets $5
Hero: folds
Uncalled bet ($5) returned to 9be811a5
*** SHOWDOWN ***
9be811a5 collected $10 from pot
*** SUMMARY ***
Total pot $10
Board [Jd 3c Jc]
Seat 7: 8bc9a315 folded before Flop (didn't bet)
Seat 3: 9be811a5(big blind)won ($10) with Pair of Jacks and Pair of Sixes
Seat 5: fd6f7230 folded before Flop (didn't bet)
Seat 2: Hero(small blind) folded on the Flop



Poker Hand #ring_883607179: NLH No Limit ($1/$2) - 2025/05/18 01:18:17
Table 'MR NLH 1/2' 7-max Seat #5 is the button
Seat 7: 8bc9a315 ($257.97 in chips)
Seat 3: 9be811a5 ($334.18 in chips)
Seat 5: fd6f7230 ($443.01 in chips)
Seat 2: Hero ($399.67 in chips)
8bc9a315: posts small blind $1
Hero: posts big blind $2
*** HOLE CARDS ***
Dealt to 8bc9a315 
Dealt to 9be811a5 
Dealt to fd6f7230 
Dealt to Hero [3d 4d]
9be811a5: folds
fd6f7230: folds
8bc9a315: folds
*** SHOWDOWN ***
Hero collected $3 from pot
*** SUMMARY ***
Total pot $3
Seat 7: 8bc9a315(small blind) folded before Flop
Seat 3: 9be811a5 folded before Flop (didn't bet)
Seat 5: fd6f7230 folded before Flop (didn't bet)
Seat 2: Hero(big blind)won ($3)



Poker Hand #ring_883605291: NLH No Limit ($1/$2) - 2025/05/18 01:17:07
Table 'MR NLH 1/2' 7-max Seat #3 is the button
Seat 7: 8bc9a315 ($263.97 in chips)
Seat 3: 9be811a5 ($340.18 in chips)
Seat 5: fd6f7230 ($431.82 in chips)
Seat 2: Hero ($399.67 in chips)
fd6f7230: posts small blind $1
8bc9a315: posts big blind $2
*** HOLE CARDS ***
Dealt to 8bc9a315 
Dealt to 9be811a5 
Dealt to fd6f7230 
Dealt to Hero [4d 7h]
Hero: folds
9be811a5: raises $4 to $6
fd6f7230: calls $5
8bc9a315: calls $4
*** FLOP *** [7d 5c Qs]
fd6f7230: checks
8bc9a315: checks
9be811a5: checks
*** TURN *** [7d 5c Qs] [6h]
fd6f7230: checks
8bc9a315: checks
9be811a5: checks
*** RIVER *** [7d 5c Qs 6h] [9h]
fd6f7230: checks
8bc9a315: checks
9be811a5: checks
9be811a5: shows [Td Ah]
fd6f7230: shows [9c Ad]
8bc9a315: shows [9d Js]
*** SHOWDOWN ***
fd6f7230 collected $18 from pot
*** SUMMARY ***
Total pot $18
Board [7d 5c Qs 6h 9h]
Seat 7: 8bc9a315(big blind) showed [9d Js] and lost with Pair of Nines
Seat 3: 9be811a5 showed [Td Ah] and lost with Ace-High
Seat 5: fd6f7230(small blind) showed [9c Ad] and won ($18) with Pair of Nines
Seat 2: Hero folded before Flop (didn't bet)



Poker Hand #ring_883603770: NLH No Limit ($1/$2) - 2025/05/18 01:16:10
Table 'MR NLH 1/2' 7-max Seat #2 is the button
Seat 7: 8bc9a315 ($263.97 in chips)
Seat 3: 9be811a5 ($332.81 in chips)
Seat 5: fd6f7230 ($433.82 in chips)
Seat 2: Hero ($405.67 in chips)
9be811a5: posts small blind $1
fd6f7230: posts big blind $2
*** HOLE CARDS ***
Dealt to 8bc9a315 
Dealt to 9be811a5 
Dealt to fd6f7230 
Dealt to Hero [Ks Kd]
8bc9a315: folds
Hero: raises $4 to $6
9be811a5: calls $5
fd6f7230: folds
*** FLOP *** [9s As Jc]
9be811a5: checks
Hero: checks
*** TURN *** [9s As Jc] [2c]
9be811a5: bets $14
Hero: folds
Uncalled bet ($14) returned to 9be811a5
Hero: shows [Ks Kd]
*** SHOWDOWN ***
9be811a5 collected $14 from pot
*** SUMMARY ***
Total pot $14
Board [9s As Jc 2c]
Seat 7: 8bc9a315 folded before Flop (didn't bet)
Seat 3: 9be811a5(small blind)won ($14) with Pair of Aces and Pair of Nines
Seat 5: fd6f7230(big blind) folded before Flop
Seat 2: Hero folded on the Turn



Poker Hand #ring_883602509: NLH No Limit ($1/$2) - 2025/05/18 01:15:25
Table 'MR NLH 1/2' 7-max Seat #7 is the button
Seat 7: 8bc9a315 ($263.97 in chips)
Seat 3: 9be811a5 ($337.81 in chips)
Seat 5: fd6f7230 ($433.82 in chips)
Seat 2: Hero ($401.12 in chips)
Hero: posts small blind $1
9be811a5: posts big blind $2
*** HOLE CARDS ***
Dealt to 8bc9a315 
Dealt to 9be811a5 
Dealt to fd6f7230 
Dealt to Hero [7h As]
fd6f7230: folds
8bc9a315: folds
Hero: raises $3 to $5
9be811a5: calls $3
*** FLOP *** [7d 6d 8h]
Hero: checks
9be811a5: checks
*** TURN *** [7d 6d 8h] [5h]
Hero: checks
9be811a5: checks
*** RIVER *** [7d 6d 8h 5h] [5c]
Hero: checks
9be811a5: checks
Hero: shows [7h As]
9be811a5: shows [Qs Th]
*** SHOWDOWN ***
Hero collected $10 from pot
*** SUMMARY ***
Total pot $10
Board [7d 6d 8h 5h 5c]
Seat 7: 8bc9a315 folded before Flop (didn't bet)
Seat 3: 9be811a5(big blind) showed [Qs Th] and lost with Pair of Fives
Seat 5: fd6f7230 folded before Flop (didn't bet)
Seat 2: Hero(small blind) showed [7h As] and won ($10) with Pair of Sevens and Pair of Fives



Poker Hand #ring_883601681: NLH No Limit ($1/$2) - 2025/05/18 01:14:54
Table 'MR NLH 1/2' 7-max Seat #5 is the button
Seat 7: 8bc9a315 ($255.69 in chips)
Seat 3: 9be811a5 ($337.81 in chips)
Seat 5: fd6f7230 ($440.82 in chips)
Seat 2: Hero ($403.12 in chips)
8bc9a315: posts small blind $1
Hero: posts big blind $2
*** HOLE CARDS ***
Dealt to 8bc9a315 
Dealt to 9be811a5 
Dealt to fd6f7230 
Dealt to Hero [8d 3h]
9be811a5: folds
fd6f7230: raises $5 to $7
8bc9a315: calls $6
Hero: folds
*** FLOP *** [5d 5h Qd]
8bc9a315: checks
fd6f7230: checks
*** TURN *** [5d 5h Qd] [6c]
8bc9a315: bets $12
fd6f7230: folds
Uncalled bet ($12) returned to 8bc9a315
*** SHOWDOWN ***
8bc9a315 collected $16 from pot
*** SUMMARY ***
Total pot $16
Board [5d 5h Qd 6c]
Seat 7: 8bc9a315(small blind)won ($16) with Pair of Fives
Seat 3: 9be811a5 folded before Flop (didn't bet)
Seat 5: fd6f7230 folded on the Turn
Seat 2: Hero(big blind) folded before Flop



Poker Hand #ring_883601010: NLH No Limit ($1/$2) - 2025/05/18 01:14:28
Table 'MR NLH 1/2' 7-max Seat #0 is the button
Seat 7: 8bc9a315 ($254.69 in chips)
Seat 3: 9be811a5 ($337.81 in chips)
Seat 5: fd6f7230 ($441.82 in chips)
Seat 2: Hero ($403.12 in chips)
fd6f7230: posts small blind $1
8bc9a315: posts big blind $2
*** HOLE CARDS ***
Dealt to 8bc9a315 
Dealt to 9be811a5 
Dealt to fd6f7230 
Dealt to Hero [9c 5d]
Hero: folds
9be811a5: folds
fd6f7230: folds
*** SHOWDOWN ***
8bc9a315 collected $3 from pot
*** SUMMARY ***
Total pot $3
Seat 7: 8bc9a315(big blind)won ($3)
Seat 3: 9be811a5 folded before Flop (didn't bet)
Seat 5: fd6f7230(small blind) folded before Flop
Seat 2: Hero folded before Flop (didn't bet)



Poker Hand #ring_883599886: NLH No Limit ($1/$2) - 2025/05/18 01:13:47
Table 'MR NLH 1/2' 7-max Seat #3 is the button
Seat 7: 8bc9a315 ($254.69 in chips)
Seat 3: 9be811a5 ($335.81 in chips)
Seat 5: fd6f7230 ($443.82 in chips)
Seat 2: Hero ($403.12 in chips)
fd6f7230: posts big blind $2
*** HOLE CARDS ***
Dealt to 8bc9a315 
Dealt to 9be811a5 
Dealt to fd6f7230 
Dealt to Hero [Td 8s]
8bc9a315: folds
Hero: folds
9be811a5: raises $4 to $6
fd6f7230: folds
Uncalled bet ($4) returned to 9be811a5
*** SHOWDOWN ***
9be811a5 collected $4 from pot
*** SUMMARY ***
Total pot $4
Seat 7: 8bc9a315 folded before Flop (didn't bet)
Seat 3: 9be811a5won ($4)
Seat 5: fd6f7230(big blind) folded before Flop
Seat 2: Hero folded before Flop (didn't bet)



Poker Hand #ring_883597004: NLH No Limit ($1/$2) - 2025/05/18 01:12:01
Table 'MR NLH 1/2' 7-max Seat #2 is the button
Seat 7: 8bc9a315 ($239.67 in chips)
Seat 4: 835bf148 ($572.25 in chips)
Seat 3: 9be811a5 ($336.81 in chips)
Seat 5: fd6f7230 ($443.82 in chips)
Seat 2: Hero ($403.12 in chips)
9be811a5: posts small blind $1
835bf148: posts big blind $2
*** HOLE CARDS ***
Dealt to 8bc9a315 
Dealt to 835bf148 
Dealt to 9be811a5 
Dealt to fd6f7230 
Dealt to Hero [4c 9s]
fd6f7230: folds
8bc9a315: raises $6 to $8
Hero: folds
9be811a5: folds
835bf148: calls $6
*** FLOP *** [7h Qd 7c]
835bf148: bets $8
8bc9a315: calls $8
*** TURN *** [7h Qd 7c] [3d]
835bf148: checks
8bc9a315: bets $24.75
835bf148: folds
Uncalled bet ($24.75) returned to 8bc9a315
*** SHOWDOWN ***
8bc9a315 collected $33 from pot
*** SUMMARY ***
Total pot $33
Board [7h Qd 7c 3d]
Seat 7: 8bc9a315won ($33) with Pair of Sevens
Seat 4: 835bf148(big blind) folded on the Turn
Seat 3: 9be811a5(small blind) folded before Flop
Seat 5: fd6f7230 folded before Flop (didn't bet)
Seat 2: Hero folded before Flop (didn't bet)



Poker Hand #ring_883596464: NLH No Limit ($1/$2) - 2025/05/18 01:11:40
Table 'MR NLH 1/2' 7-max Seat #7 is the button
Seat 7: 8bc9a315 ($239.67 in chips)
Seat 4: 835bf148 ($569.25 in chips)
Seat 3: 9be811a5 ($338.81 in chips)
Seat 5: fd6f7230 ($443.82 in chips)
Seat 2: Hero ($404.12 in chips)
Hero: posts small blind $1
9be811a5: posts big blind $2
*** HOLE CARDS ***
Dealt to 8bc9a315 
Dealt to 835bf148 
Dealt to 9be811a5 
Dealt to fd6f7230 
Dealt to Hero [Jd 5s]
835bf148: raises $4 to $6
fd6f7230: folds
8bc9a315: folds
Hero: folds
9be811a5: folds
Uncalled bet ($4) returned to 835bf148
*** SHOWDOWN ***
835bf148 collected $5 from pot
*** SUMMARY ***
Total pot $5
Seat 7: 8bc9a315 folded before Flop (didn't bet)
Seat 4: 835bf148won ($5)
Seat 3: 9be811a5(big blind) folded before Flop
Seat 5: fd6f7230 folded before Flop (didn't bet)
Seat 2: Hero(small blind) folded before Flop



Poker Hand #ring_883595811: NLH No Limit ($1/$2) - 2025/05/18 01:11:17
Table 'MR NLH 1/2' 7-max Seat #5 is the button
Seat 7: 8bc9a315 ($240.67 in chips)
Seat 4: 835bf148 ($569.25 in chips)
Seat 3: 9be811a5 ($335.81 in chips)
Seat 5: fd6f7230 ($443.82 in chips)
Seat 2: Hero ($406.12 in chips)
8bc9a315: posts small blind $1
Hero: posts big blind $2
*** HOLE CARDS ***
Dealt to 8bc9a315 
Dealt to 835bf148 
Dealt to 9be811a5 
Dealt to fd6f7230 
Dealt to Hero [7h 4c]
9be811a5: raises $4 to $6
835bf148: folds
fd6f7230: folds
8bc9a315: folds
Hero: folds
Uncalled bet ($4) returned to 9be811a5
*** SHOWDOWN ***
9be811a5 collected $5 from pot
*** SUMMARY ***
Total pot $5
Seat 7: 8bc9a315(small blind) folded before Flop
Seat 4: 835bf148 folded before Flop (didn't bet)
Seat 3: 9be811a5won ($5)
Seat 5: fd6f7230 folded before Flop (didn't bet)
Seat 2: Hero(big blind) folded before Flop



Poker Hand #ring_883594933: NLH No Limit ($1/$2) - 2025/05/18 01:10:45
Table 'MR NLH 1/2' 7-max Seat #4 is the button
Seat 7: 8bc9a315 ($234.25 in chips)
Seat 4: 835bf148 ($569.25 in chips)
Seat 3: 9be811a5 ($335.81 in chips)
Seat 5: fd6f7230 ($444.82 in chips)
Seat 2: Hero ($412.12 in chips)
fd6f7230: posts small blind $1
8bc9a315: posts big blind $2
*** HOLE CARDS ***
Dealt to 8bc9a315 
Dealt to 835bf148 
Dealt to 9be811a5 
Dealt to fd6f7230 
Dealt to Hero [Js Qs]
Hero: raises $4 to $6
9be811a5: folds
835bf148: folds
fd6f7230: folds
8bc9a315: calls $4
*** FLOP *** [5h Kd 3d]
8bc9a315: bets $6.5
Hero: folds
Uncalled bet ($6.5) returned to 8bc9a315
*** SHOWDOWN ***
8bc9a315 collected $13 from pot
*** SUMMARY ***
Total pot $13
Board [5h Kd 3d]
Seat 7: 8bc9a315(big blind)won ($13) with King-High
Seat 4: 835bf148 folded before Flop (didn't bet)
Seat 3: 9be811a5 folded before Flop (didn't bet)
Seat 5: fd6f7230(small blind) folded before Flop
Seat 2: Hero folded on the Flop



Poker Hand #ring_883594408: NLH No Limit ($1/$2) - 2025/05/18 01:10:26
Table 'MR NLH 1/2' 7-max Seat #3 is the button
Seat 7: 8bc9a315 ($234.25 in chips)
Seat 4: 835bf148 ($570.25 in chips)
Seat 3: 9be811a5 ($335.81 in chips)
Seat 5: fd6f7230 ($443.82 in chips)
Seat 2: Hero ($412.12 in chips)
835bf148: posts small blind $1
fd6f7230: posts big blind $2
*** HOLE CARDS ***
Dealt to 8bc9a315 
Dealt to 835bf148 
Dealt to 9be811a5 
Dealt to fd6f7230 
Dealt to Hero [Kd 3s]
8bc9a315: folds
Hero: folds
9be811a5: folds
835bf148: folds
*** SHOWDOWN ***
fd6f7230 collected $3 from pot
*** SUMMARY ***
Total pot $3
Seat 7: 8bc9a315 folded before Flop (didn't bet)
Seat 4: 835bf148(small blind) folded before Flop
Seat 3: 9be811a5 folded before Flop (didn't bet)
Seat 5: fd6f7230(big blind)won ($3)
Seat 2: Hero folded before Flop (didn't bet)



Poker Hand #ring_883592950: NLH No Limit ($1/$2) - 2025/05/18 01:09:31
Table 'MR NLH 1/2' 7-max Seat #2 is the button
Seat 7: 8bc9a315 ($234.25 in chips)
Seat 4: 835bf148 ($572.25 in chips)
Seat 3: 9be811a5 ($348.81 in chips)
Seat 5: fd6f7230 ($443.82 in chips)
Seat 2: Hero ($398.88 in chips)
9be811a5: posts small blind $1
835bf148: posts big blind $2
*** HOLE CARDS ***
Dealt to 8bc9a315 
Dealt to 835bf148 
Dealt to 9be811a5 
Dealt to fd6f7230 
Dealt to Hero [Qh As]
fd6f7230: folds
8bc9a315: folds
Hero: raises $4 to $6
9be811a5: calls $5
835bf148: folds
*** FLOP *** [Th 8c 5d]
9be811a5: checks
Hero: checks
*** TURN *** [Th 8c 5d] [5c]
9be811a5: bets $7
Hero: calls $7
*** RIVER *** [Th 8c 5d 5c] [8d]
9be811a5: checks
Hero: checks
Hero: shows [Qh As]
9be811a5: shows [2c 2h]
*** SHOWDOWN ***
Hero collected $28 from pot
*** SUMMARY ***
Total pot $28
Board [Th 8c 5d 5c 8d]
Seat 7: 8bc9a315 folded before Flop (didn't bet)
Seat 4: 835bf148(big blind) folded before Flop
Seat 3: 9be811a5(small blind) showed [2c 2h] and lost with Pair of Eights and Pair of Fives
Seat 5: fd6f7230 folded before Flop (didn't bet)
Seat 2: Hero showed [Qh As] and won ($28) with Pair of Eights and Pair of Fives



Poker Hand #ring_883592452: NLH No Limit ($1/$2) - 2025/05/18 01:09:13
Table 'MR NLH 1/2' 7-max Seat #7 is the button
Seat 7: 8bc9a315 ($234.25 in chips)
Seat 4: 835bf148 ($572.25 in chips)
Seat 3: 9be811a5 ($347.81 in chips)
Seat 5: fd6f7230 ($443.82 in chips)
Seat 2: Hero ($399.88 in chips)
Hero: posts small blind $1
9be811a5: posts big blind $2
*** HOLE CARDS ***
Dealt to 8bc9a315 
Dealt to 835bf148 
Dealt to 9be811a5 
Dealt to fd6f7230 
Dealt to Hero [8s 2d]
835bf148: folds
fd6f7230: folds
8bc9a315: folds
Hero: folds
*** SHOWDOWN ***
9be811a5 collected $3 from pot
*** SUMMARY ***
Total pot $3
Seat 7: 8bc9a315 folded before Flop (didn't bet)
Seat 4: 835bf148 folded before Flop (didn't bet)
Seat 3: 9be811a5(big blind)won ($3)
Seat 5: fd6f7230 folded before Flop (didn't bet)
Seat 2: Hero(small blind) folded before Flop



Poker Hand #ring_883591847: NLH No Limit ($1/$2) - 2025/05/18 01:08:51
Table 'MR NLH 1/2' 7-max Seat #5 is the button
Seat 7: 8bc9a315 ($235.25 in chips)
Seat 4: 835bf148 ($572.25 in chips)
Seat 3: 9be811a5 ($347.81 in chips)
Seat 5: fd6f7230 ($443.82 in chips)
Seat 2: Hero ($398.88 in chips)
8bc9a315: posts small blind $1
Hero: posts big blind $2
*** HOLE CARDS ***
Dealt to 8bc9a315 
Dealt to 835bf148 
Dealt to 9be811a5 
Dealt to fd6f7230 
Dealt to Hero [Ah 9c]
9be811a5: folds
835bf148: folds
fd6f7230: folds
8bc9a315: folds
*** SHOWDOWN ***
Hero collected $3 from pot
*** SUMMARY ***
Total pot $3
Seat 7: 8bc9a315(small blind) folded before Flop
Seat 4: 835bf148 folded before Flop (didn't bet)
Seat 3: 9be811a5 folded before Flop (didn't bet)
Seat 5: fd6f7230 folded before Flop (didn't bet)
Seat 2: Hero(big blind)won ($3)



Poker Hand #ring_883590405: NLH No Limit ($1/$2) - 2025/05/18 01:08:00
Table 'MR NLH 1/2' 7-max Seat #4 is the button
Seat 7: 8bc9a315 ($237.25 in chips)
Seat 4: 835bf148 ($572.25 in chips)
Seat 3: 9be811a5 ($347.81 in chips)
Seat 5: fd6f7230 ($444.82 in chips)
Seat 2: Hero ($395.88 in chips)
fd6f7230: posts small blind $1
8bc9a315: posts big blind $2
*** HOLE CARDS ***
Dealt to 8bc9a315 
Dealt to 835bf148 
Dealt to 9be811a5 
Dealt to fd6f7230 
Dealt to Hero [Jh Qh]
Hero: raises $4 to $6
9be811a5: folds
835bf148: folds
fd6f7230: folds
8bc9a315: folds
Uncalled bet ($4) returned to Hero
*** SHOWDOWN ***
Hero collected $5 from pot
*** SUMMARY ***
Total pot $5
Seat 7: 8bc9a315(big blind) folded before Flop
Seat 4: 835bf148 folded before Flop (didn't bet)
Seat 3: 9be811a5 folded before Flop (didn't bet)
Seat 5: fd6f7230(small blind) folded before Flop
Seat 2: Herowon ($5)



Poker Hand #ring_883588416: NLH No Limit ($1/$2) - 2025/05/18 01:06:48
Table 'MR NLH 1/2' 7-max Seat #3 is the button
Seat 7: 8bc9a315 ($237.25 in chips)
Seat 4: 835bf148 ($587.25 in chips)
Seat 3: 9be811a5 ($353.81 in chips)
Seat 5: fd6f7230 ($425.94 in chips)
Seat 2: Hero ($395.88 in chips)
835bf148: posts small blind $1
fd6f7230: posts big blind $2
*** HOLE CARDS ***
Dealt to 8bc9a315 
Dealt to 835bf148 
Dealt to 9be811a5 
Dealt to fd6f7230 
Dealt to Hero [7s 4c]
8bc9a315: folds
Hero: folds
9be811a5: raises $4 to $6
835bf148: calls $5
fd6f7230: calls $4
*** FLOP *** [Qc 6c 8s]
835bf148: checks
fd6f7230: checks
9be811a5: checks
*** TURN *** [Qc 6c 8s] [Ks]
835bf148: checks
fd6f7230: checks
9be811a5: checks
*** RIVER *** [Qc 6c 8s Ks] [5d]
835bf148: bets $9
fd6f7230: raises $27 to $36
9be811a5: folds
835bf148: folds
Uncalled bet ($27) returned to fd6f7230
*** SHOWDOWN ***
fd6f7230 collected $36 from pot
*** SUMMARY ***
Total pot $36
Board [Qc 6c 8s Ks 5d]
Seat 7: 8bc9a315 folded before Flop (didn't bet)
Seat 4: 835bf148(small blind) folded on the River
Seat 3: 9be811a5 folded on the River
Seat 5: fd6f7230(big blind)won ($36) with Pair of Sixes and Pair of Fives
Seat 2: Hero folded before Flop (didn't bet)



Poker Hand #ring_883587442: NLH No Limit ($1/$2) - 2025/05/18 01:06:12
Table 'MR NLH 1/2' 7-max Seat #2 is the button
Seat 7: 8bc9a315 ($228.06 in chips)
Seat 4: 835bf148 ($589.25 in chips)
Seat 3: 9be811a5 ($361.81 in chips)
Seat 5: fd6f7230 ($425.94 in chips)
Seat 2: Hero ($395.88 in chips)
9be811a5: posts small blind $1
835bf148: posts big blind $2
*** HOLE CARDS ***
Dealt to 8bc9a315 
Dealt to 835bf148 
Dealt to 9be811a5 
Dealt to fd6f7230 
Dealt to Hero [Ts 7h]
fd6f7230: folds
8bc9a315: raises $6 to $8
Hero: folds
9be811a5: calls $7
835bf148: folds
*** FLOP *** [4d 3d Kc]
9be811a5: checks
8bc9a315: checks
*** TURN *** [4d 3d Kc] [Qc]
9be811a5: checks
8bc9a315: bets $13.5
9be811a5: folds
Uncalled bet ($13.5) returned to 8bc9a315
*** SHOWDOWN ***
8bc9a315 collected $18 from pot
*** SUMMARY ***
Total pot $18
Board [4d 3d Kc Qc]
Seat 7: 8bc9a315won ($18) with Ace-High
Seat 4: 835bf148(big blind) folded before Flop
Seat 3: 9be811a5(small blind) folded on the Turn
Seat 5: fd6f7230 folded before Flop (didn't bet)
Seat 2: Hero folded before Flop (didn't bet)



Poker Hand #ring_883586657: NLH No Limit ($1/$2) - 2025/05/18 01:05:43
Table 'MR NLH 1/2' 7-max Seat #7 is the button
Seat 7: 8bc9a315 ($228.06 in chips)
Seat 4: 835bf148 ($589.25 in chips)
Seat 3: 9be811a5 ($363.81 in chips)
Seat 5: fd6f7230 ($425.94 in chips)
Seat 2: Hero ($394.06 in chips)
Hero: posts small blind $1
9be811a5: posts big blind $2
*** HOLE CARDS ***
Dealt to 8bc9a315 
Dealt to 835bf148 
Dealt to 9be811a5 
Dealt to fd6f7230 
Dealt to Hero [3s 9s]
835bf148: folds
fd6f7230: folds
8bc9a315: folds
Hero: calls $1
9be811a5: checks
*** FLOP *** [8s 5c Kd]
Hero: checks
9be811a5: checks
*** TURN *** [8s 5c Kd] [2d]
Hero: bets $2
9be811a5: folds
Uncalled bet ($2) returned to Hero
*** SHOWDOWN ***
Hero collected $4 from pot
*** SUMMARY ***
Total pot $4
Board [8s 5c Kd 2d]
Seat 7: 8bc9a315 folded before Flop (didn't bet)
Seat 4: 835bf148 folded before Flop (didn't bet)
Seat 3: 9be811a5(big blind) folded on the Turn
Seat 5: fd6f7230 folded before Flop (didn't bet)
Seat 2: Hero(small blind)won ($4) with King-High



Poker Hand #ring_883586049: NLH No Limit ($1/$2) - 2025/05/18 01:05:21
Table 'MR NLH 1/2' 7-max Seat #5 is the button
Seat 7: 8bc9a315 ($229.06 in chips)
Seat 4: 835bf148 ($586.25 in chips)
Seat 3: 9be811a5 ($363.81 in chips)
Seat 5: fd6f7230 ($425.94 in chips)
Seat 2: Hero ($396.06 in chips)
8bc9a315: posts small blind $1
Hero: posts big blind $2
*** HOLE CARDS ***
Dealt to 8bc9a315 
Dealt to 835bf148 
Dealt to 9be811a5 
Dealt to fd6f7230 
Dealt to Hero [9h 5s]
9be811a5: folds
835bf148: raises $2 to $4
fd6f7230: folds
8bc9a315: folds
Hero: folds
Uncalled bet ($2) returned to 835bf148
*** SHOWDOWN ***
835bf148 collected $5 from pot
*** SUMMARY ***
Total pot $5
Seat 7: 8bc9a315(small blind) folded before Flop
Seat 4: 835bf148won ($5)
Seat 3: 9be811a5 folded before Flop (didn't bet)
Seat 5: fd6f7230 folded before Flop (didn't bet)
Seat 2: Hero(big blind) folded before Flop



Poker Hand #ring_883584790: NLH No Limit ($1/$2) - 2025/05/18 01:04:34
Table 'MR NLH 1/2' 7-max Seat #4 is the button
Seat 7: 8bc9a315 ($260.31 in chips)
Seat 4: 835bf148 ($586.25 in chips)
Seat 3: 9be811a5 ($363.81 in chips)
Seat 5: fd6f7230 ($398 in chips)
Seat 2: Hero ($396.06 in chips)
fd6f7230: posts small blind $1
8bc9a315: posts big blind $2
*** HOLE CARDS ***
Dealt to 8bc9a315 
Dealt to 835bf148 
Dealt to 9be811a5 
Dealt to fd6f7230 
Dealt to Hero [Qs 8c]
Hero: folds
9be811a5: folds
835bf148: folds
fd6f7230: raises $3 to $5
8bc9a315: calls $3
*** FLOP *** [8d 3c 6d]
fd6f7230: bets $7.5
8bc9a315: calls $7.5
*** TURN *** [8d 3c 6d] [2h]
fd6f7230: bets $18.75
8bc9a315: calls $18.75
*** RIVER *** [8d 3c 6d 2h] [Td]
fd6f7230: checks
8bc9a315: checks
fd6f7230: shows [Ac Ad]
8bc9a315: shows [6h Ah]
*** SHOWDOWN ***
fd6f7230 collected $62.5 from pot
*** SUMMARY ***
Total pot $62.5
Board [8d 3c 6d 2h Td]
Seat 7: 8bc9a315(big blind) showed [6h Ah] and lost with Pair of Sixes
Seat 4: 835bf148 folded before Flop (didn't bet)
Seat 3: 9be811a5 folded before Flop (didn't bet)
Seat 5: fd6f7230(small blind) showed [Ac Ad] and won ($62.5) with Pair of Aces
Seat 2: Hero folded before Flop (didn't bet)



Poker Hand #ring_883583950: NLH No Limit ($1/$2) - 2025/05/18 01:04:04
Table 'MR NLH 1/2' 7-max Seat #3 is the button
Seat 7: 8bc9a315 ($260.31 in chips)
Seat 4: 835bf148 ($587.25 in chips)
Seat 3: 9be811a5 ($363.81 in chips)
Seat 5: fd6f7230 ($400 in chips)
Seat 6: 7b0d8ba8 ($312.04 in chips)
Seat 2: Hero ($396.06 in chips)
835bf148: posts small blind $1
fd6f7230: posts big blind $2
*** HOLE CARDS ***
Dealt to 8bc9a315 
Dealt to 835bf148 
Dealt to 9be811a5 
Dealt to fd6f7230 
Dealt to 7b0d8ba8 
Dealt to Hero [5s Th]
7b0d8ba8: raises $4 to $6
8bc9a315: folds
Hero: folds
9be811a5: folds
835bf148: folds
fd6f7230: folds
Uncalled bet ($4) returned to 7b0d8ba8
*** SHOWDOWN ***
7b0d8ba8 collected $5 from pot
*** SUMMARY ***
Total pot $5
Seat 7: 8bc9a315 folded before Flop (didn't bet)
Seat 4: 835bf148(small blind) folded before Flop
Seat 3: 9be811a5 folded before Flop (didn't bet)
Seat 5: fd6f7230(big blind) folded before Flop
Seat 6: 7b0d8ba8won ($5)
Seat 2: Hero folded before Flop (didn't bet)



Poker Hand #ring_883581569: NLH No Limit ($1/$2) - 2025/05/18 01:02:38
Table 'MR NLH 1/2' 7-max Seat #2 is the button
Seat 7: 8bc9a315 ($260.31 in chips)
Seat 4: 835bf148 ($589.25 in chips)
Seat 3: 9be811a5 ($325.09 in chips)
Seat 5: fd6f7230 ($400 in chips)
Seat 6: 7b0d8ba8 ($312.04 in chips)
Seat 2: Hero ($437.06 in chips)
9be811a5: posts small blind $1
835bf148: posts big blind $2
*** HOLE CARDS ***
Dealt to 8bc9a315 
Dealt to 835bf148 
Dealt to 9be811a5 
Dealt to fd6f7230 
Dealt to 7b0d8ba8 
Dealt to Hero [Th 7h]
fd6f7230: folds
7b0d8ba8: folds
8bc9a315: folds
Hero: raises $4 to $6
9be811a5: calls $5
835bf148: folds
*** FLOP *** [Qh Ad Kh]
9be811a5: checks
Hero: checks
*** TURN *** [Qh Ad Kh] [Tc]
9be811a5: checks
Hero: bets $7
9be811a5: calls $7
*** RIVER *** [Qh Ad Kh Tc] [2c]
9be811a5: checks
Hero: bets $28
9be811a5: raises $42 to $70
Hero: folds
Uncalled bet ($42) returned to 9be811a5
*** SHOWDOWN ***
9be811a5 collected $84 from pot
*** SUMMARY ***
Total pot $84
Board [Qh Ad Kh Tc 2c]
Seat 7: 8bc9a315 folded before Flop (didn't bet)
Seat 4: 835bf148(big blind) folded before Flop
Seat 3: 9be811a5(small blind)won ($84) with Aces-High Straight
Seat 5: fd6f7230 folded before Flop (didn't bet)
Seat 6: 7b0d8ba8 folded before Flop (didn't bet)
Seat 2: Hero folded on the River



Poker Hand #ring_883580127: NLH No Limit ($1/$2) - 2025/05/18 01:01:45
Table 'MR NLH 1/2' 7-max Seat #7 is the button
Seat 7: 8bc9a315 ($262.31 in chips)
Seat 4: 835bf148 ($589.25 in chips)
Seat 3: 9be811a5 ($330.09 in chips)
Seat 5: fd6f7230 ($400 in chips)
Seat 6: 7b0d8ba8 ($312.04 in chips)
Seat 2: Hero ($430.6 in chips)
Hero: posts small blind $1
9be811a5: posts big blind $2
*** HOLE CARDS ***
Dealt to 8bc9a315 
Dealt to 835bf148 
Dealt to 9be811a5 
Dealt to fd6f7230 
Dealt to 7b0d8ba8 
Dealt to Hero [8d 7c]
835bf148: folds
fd6f7230: folds
7b0d8ba8: folds
8bc9a315: calls $2
Hero: calls $1
9be811a5: checks
*** FLOP *** [2c 8c Th]
Hero: checks
9be811a5: checks
8bc9a315: checks
*** TURN *** [2c 8c Th] [5c]
Hero: bets $3
9be811a5: calls $3
8bc9a315: folds
*** RIVER *** [2c 8c Th 5c] [9s]
Hero: checks
9be811a5: checks
Hero: shows [8d 7c]
9be811a5: shows [5d Ks]
*** SHOWDOWN ***
Hero collected $12 from pot
*** SUMMARY ***
Total pot $12
Board [2c 8c Th 5c 9s]
Seat 7: 8bc9a315 folded on the Turn
Seat 4: 835bf148 folded before Flop (didn't bet)
Seat 3: 9be811a5(big blind) showed [5d Ks] and lost with Pair of Fives
Seat 5: fd6f7230 folded before Flop (didn't bet)
Seat 6: 7b0d8ba8 folded before Flop (didn't bet)
Seat 2: Hero(small blind) showed [8d 7c] and won ($12) with Pair of Eights



Poker Hand #ring_883579581: NLH No Limit ($1/$2) - 2025/05/18 01:01:25
Table 'MR NLH 1/2' 7-max Seat #6 is the button
Seat 7: 8bc9a315 ($263.31 in chips)
Seat 4: 835bf148 ($589.25 in chips)
Seat 3: 9be811a5 ($330.09 in chips)
Seat 5: fd6f7230 ($135.04 in chips)
Seat 6: 7b0d8ba8 ($312.04 in chips)
Seat 2: Hero ($429.6 in chips)
8bc9a315: posts small blind $1
Hero: posts big blind $2
*** HOLE CARDS ***
Dealt to 8bc9a315 
Dealt to 835bf148 
Dealt to 9be811a5 
Dealt to fd6f7230 
Dealt to 7b0d8ba8 
Dealt to Hero [5s 2s]
9be811a5: folds
835bf148: folds
fd6f7230: folds
7b0d8ba8: folds
8bc9a315: folds
*** SHOWDOWN ***
Hero collected $3 from pot
*** SUMMARY ***
Total pot $3
Seat 7: 8bc9a315(small blind) folded before Flop
Seat 4: 835bf148 folded before Flop (didn't bet)
Seat 3: 9be811a5 folded before Flop (didn't bet)
Seat 5: fd6f7230 folded before Flop (didn't bet)
Seat 6: 7b0d8ba8 folded before Flop (didn't bet)
Seat 2: Hero(big blind)won ($3)



Poker Hand #ring_883577986: NLH No Limit ($1/$2) - 2025/05/18 01:00:27
Table 'MR NLH 1/2' 7-max Seat #5 is the button
Seat 7: 8bc9a315 ($265.31 in chips)
Seat 4: 835bf148 ($547.3 in chips)
Seat 3: 9be811a5 ($330.09 in chips)
Seat 5: fd6f7230 ($178.54 in chips)
Seat 6: 7b0d8ba8 ($313.04 in chips)
Seat 2: Hero ($429.6 in chips)
7b0d8ba8: posts small blind $1
8bc9a315: posts big blind $2
*** HOLE CARDS ***
Dealt to 8bc9a315 
Dealt to 835bf148 
Dealt to 9be811a5 
Dealt to fd6f7230 
Dealt to 7b0d8ba8 
Dealt to Hero [2h Kd]
Hero: folds
9be811a5: folds
835bf148: raises $4 to $6
fd6f7230: raises $15 to $21
7b0d8ba8: folds
8bc9a315: folds
835bf148: calls $15
*** FLOP *** [9c 2c 8d]
835bf148: checks
fd6f7230: bets $22.5
835bf148: raises $49.5 to $72
fd6f7230: folds
Uncalled bet ($49.5) returned to 835bf148
*** SHOWDOWN ***
835bf148 collected $90 from pot
*** SUMMARY ***
Total pot $90
Board [9c 2c 8d]
Seat 7: 8bc9a315(big blind) folded before Flop
Seat 4: 835bf148won ($90) with King-High
Seat 3: 9be811a5 folded before Flop (didn't bet)
Seat 5: fd6f7230 folded on the Flop
Seat 6: 7b0d8ba8(small blind) folded before Flop
Seat 2: Hero folded before Flop (didn't bet)



Poker Hand #ring_883577322: NLH No Limit ($1/$2) - 2025/05/18 01:00:03
Table 'MR NLH 1/2' 7-max Seat #4 is the button
Seat 7: 8bc9a315 ($265.31 in chips)
Seat 4: 835bf148 ($547.3 in chips)
Seat 3: 9be811a5 ($330.09 in chips)
Seat 5: fd6f7230 ($179.54 in chips)
Seat 6: 7b0d8ba8 ($315.04 in chips)
Seat 2: Hero ($426.6 in chips)
fd6f7230: posts small blind $1
7b0d8ba8: posts big blind $2
*** HOLE CARDS ***
Dealt to 8bc9a315 
Dealt to 835bf148 
Dealt to 9be811a5 
Dealt to fd6f7230 
Dealt to 7b0d8ba8 
Dealt to Hero [Kc Qh]
8bc9a315: folds
Hero: raises $4 to $6
9be811a5: folds
835bf148: folds
fd6f7230: folds
7b0d8ba8: folds
Uncalled bet ($4) returned to Hero
*** SHOWDOWN ***
Hero collected $5 from pot
*** SUMMARY ***
Total pot $5
Seat 7: 8bc9a315 folded before Flop (didn't bet)
Seat 4: 835bf148 folded before Flop (didn't bet)
Seat 3: 9be811a5 folded before Flop (didn't bet)
Seat 5: fd6f7230(small blind) folded before Flop
Seat 6: 7b0d8ba8(big blind) folded before Flop
Seat 2: Herowon ($5)



Poker Hand #ring_883576568: NLH No Limit ($1/$2) - 2025/05/18 00:59:36
Table 'MR NLH 1/2' 7-max Seat #3 is the button
Seat 7: 8bc9a315 ($265.31 in chips)
Seat 4: 835bf148 ($548.3 in chips)
Seat 3: 9be811a5 ($327.09 in chips)
Seat 5: fd6f7230 ($181.54 in chips)
Seat 6: 7b0d8ba8 ($315.04 in chips)
Seat 2: Hero ($426.6 in chips)
835bf148: posts small blind $1
fd6f7230: posts big blind $2
*** HOLE CARDS ***
Dealt to 8bc9a315 
Dealt to 835bf148 
Dealt to 9be811a5 
Dealt to fd6f7230 
Dealt to 7b0d8ba8 
Dealt to Hero [4d 8d]
7b0d8ba8: folds
8bc9a315: folds
Hero: folds
9be811a5: raises $4 to $6
835bf148: folds
fd6f7230: folds
Uncalled bet ($4) returned to 9be811a5
*** SHOWDOWN ***
9be811a5 collected $5 from pot
*** SUMMARY ***
Total pot $5
Seat 7: 8bc9a315 folded before Flop (didn't bet)
Seat 4: 835bf148(small blind) folded before Flop
Seat 3: 9be811a5won ($5)
Seat 5: fd6f7230(big blind) folded before Flop
Seat 6: 7b0d8ba8 folded before Flop (didn't bet)
Seat 2: Hero folded before Flop (didn't bet)



Poker Hand #ring_883574347: NLH No Limit ($1/$2) - 2025/05/18 00:58:18
Table 'MR NLH 1/2' 7-max Seat #2 is the button
Seat 7: 8bc9a315 ($87.31 in chips)
Seat 4: 835bf148 ($550.3 in chips)
Seat 3: 9be811a5 ($334.09 in chips)
Seat 5: fd6f7230 ($188.54 in chips)
Seat 6: 7b0d8ba8 ($300.57 in chips)
Seat 2: Hero ($426.6 in chips)
9be811a5: posts small blind $1
835bf148: posts big blind $2
*** HOLE CARDS ***
Dealt to 8bc9a315 
Dealt to 835bf148 
Dealt to 9be811a5 
Dealt to fd6f7230 
Dealt to 7b0d8ba8 
Dealt to Hero [3h 6d]
fd6f7230: raises $5 to $7
7b0d8ba8: calls $7
8bc9a315: folds
Hero: folds
9be811a5: calls $6
835bf148: folds
*** FLOP *** [Jc Qs 6c]
9be811a5: checks
fd6f7230: checks
7b0d8ba8: bets $15.18
9be811a5: folds
fd6f7230: folds
Uncalled bet ($15.18) returned to 7b0d8ba8
7b0d8ba8: shows [Th]
*** SHOWDOWN ***
7b0d8ba8 collected $23 from pot
*** SUMMARY ***
Total pot $23
Board [Jc Qs 6c]
Seat 7: 8bc9a315 folded before Flop (didn't bet)
Seat 4: 835bf148(big blind) folded before Flop
Seat 3: 9be811a5(small blind) folded on the Flop
Seat 5: fd6f7230 folded on the Flop
Seat 6: 7b0d8ba8 showed [Th] and won ($23) with Pair of Queens
Seat 2: Hero folded before Flop (didn't bet)



Poker Hand #ring_883573019: NLH No Limit ($1/$2) - 2025/05/18 00:57:30
Table 'MR NLH 1/2' 7-max Seat #7 is the button
Seat 7: 8bc9a315 ($137.31 in chips)
Seat 4: 835bf148 ($556.3 in chips)
Seat 3: 9be811a5 ($271.9 in chips)
Seat 5: fd6f7230 ($194.54 in chips)
Seat 6: 7b0d8ba8 ($300.57 in chips)
Seat 2: Hero ($432.6 in chips)
Hero: posts small blind $1
9be811a5: posts big blind $2
*** HOLE CARDS ***
Dealt to 8bc9a315 
Dealt to 835bf148 
Dealt to 9be811a5 
Dealt to fd6f7230 
Dealt to 7b0d8ba8 
Dealt to Hero [4s 7s]
835bf148: raises $4 to $6
fd6f7230: calls $6
7b0d8ba8: folds
8bc9a315: calls $6
Hero: calls $5
9be811a5: raises $44 to $50
835bf148: folds
fd6f7230: folds
8bc9a315: calls $44
Hero: folds
*** FLOP *** [3c 3s 8s]
9be811a5: bets $118
8bc9a315: folds
Uncalled bet ($118) returned to 9be811a5
*** SHOWDOWN ***
9be811a5 collected $118 from pot
*** SUMMARY ***
Total pot $118
Board [3c 3s 8s]
Seat 7: 8bc9a315 folded on the Flop
Seat 4: 835bf148 folded before Flop
Seat 3: 9be811a5(big blind)won ($118) with Pair of Treys
Seat 5: fd6f7230 folded before Flop
Seat 6: 7b0d8ba8 folded before Flop (didn't bet)
Seat 2: Hero(small blind) folded before Flop



Poker Hand #ring_883571670: NLH No Limit ($1/$2) - 2025/05/18 00:56:42
Table 'MR NLH 1/2' 7-max Seat #6 is the button
Seat 7: 8bc9a315 ($138.31 in chips)
Seat 4: 835bf148 ($573.55 in chips)
Seat 3: 9be811a5 ($271.9 in chips)
Seat 5: fd6f7230 ($176.47 in chips)
Seat 6: 7b0d8ba8 ($300.57 in chips)
Seat 2: Hero ($434.6 in chips)
8bc9a315: posts small blind $1
Hero: posts big blind $2
*** HOLE CARDS ***
Dealt to 8bc9a315 
Dealt to 835bf148 
Dealt to 9be811a5 
Dealt to fd6f7230 
Dealt to 7b0d8ba8 
Dealt to Hero [3h Ks]
9be811a5: folds
835bf148: raises $4 to $6
fd6f7230: raises $11.25 to $17.25
7b0d8ba8: folds
8bc9a315: folds
Hero: folds
835bf148: calls $11.25
*** FLOP *** [5d 8c 6d]
835bf148: checks
fd6f7230: bets $18.75
835bf148: folds
Uncalled bet ($18.75) returned to fd6f7230
*** SHOWDOWN ***
fd6f7230 collected $37.5 from pot
*** SUMMARY ***
Total pot $37.5
Board [5d 8c 6d]
Seat 7: 8bc9a315(small blind) folded before Flop
Seat 4: 835bf148 folded on the Flop
Seat 3: 9be811a5 folded before Flop (didn't bet)
Seat 5: fd6f7230won ($37.5) with Pair of Eights and Pair of Fives
Seat 6: 7b0d8ba8 folded before Flop (didn't bet)
Seat 2: Hero(big blind) folded before Flop



Poker Hand #ring_883570110: NLH No Limit ($1/$2) - 2025/05/18 00:55:47
Table 'MR NLH 1/2' 7-max Seat #5 is the button
Seat 7: 8bc9a315 ($130.98 in chips)
Seat 4: 835bf148 ($573.55 in chips)
Seat 3: 9be811a5 ($271.9 in chips)
Seat 5: fd6f7230 ($183.47 in chips)
Seat 6: 7b0d8ba8 ($301.57 in chips)
Seat 2: Hero ($434.6 in chips)
7b0d8ba8: posts small blind $1
8bc9a315: posts big blind $2
*** HOLE CARDS ***
Dealt to 8bc9a315 
Dealt to 835bf148 
Dealt to 9be811a5 
Dealt to fd6f7230 
Dealt to 7b0d8ba8 
Dealt to Hero [Qs 9h]
Hero: folds
9be811a5: folds
835bf148: folds
fd6f7230: raises $5 to $7
7b0d8ba8: folds
8bc9a315: calls $5
*** FLOP *** [4s 2c 2s]
8bc9a315: bets $7.5
fd6f7230: folds
Uncalled bet ($7.5) returned to 8bc9a315
*** SHOWDOWN ***
8bc9a315 collected $15 from pot
*** SUMMARY ***
Total pot $15
Board [4s 2c 2s]
Seat 7: 8bc9a315(big blind)won ($15) with Pair of Twos
Seat 4: 835bf148 folded before Flop (didn't bet)
Seat 3: 9be811a5 folded before Flop (didn't bet)
Seat 5: fd6f7230 folded on the Flop
Seat 6: 7b0d8ba8(small blind) folded before Flop
Seat 2: Hero folded before Flop (didn't bet)



Poker Hand #ring_883568958: NLH No Limit ($1/$2) - 2025/05/18 00:55:06
Table 'MR NLH 1/2' 7-max Seat #4 is the button
Seat 7: 8bc9a315 ($134.98 in chips)
Seat 4: 835bf148 ($573.55 in chips)
Seat 3: 9be811a5 ($271.9 in chips)
Seat 5: fd6f7230 ($187.47 in chips)
Seat 6: 7b0d8ba8 ($294.11 in chips)
Seat 2: Hero ($434.6 in chips)
fd6f7230: posts small blind $1
7b0d8ba8: posts big blind $2
*** HOLE CARDS ***
Dealt to 8bc9a315 
Dealt to 835bf148 
Dealt to 9be811a5 
Dealt to fd6f7230 
Dealt to 7b0d8ba8 
Dealt to Hero [7c 4s]
8bc9a315: calls $2
Hero: folds
9be811a5: folds
835bf148: folds
fd6f7230: calls $1
7b0d8ba8: raises $2 to $4
8bc9a315: calls $2
fd6f7230: calls $2
*** FLOP *** [6c 8s Qd]
fd6f7230: checks
7b0d8ba8: bets $7.92
8bc9a315: folds
fd6f7230: folds
Uncalled bet ($7.92) returned to 7b0d8ba8
*** SHOWDOWN ***
7b0d8ba8 collected $12 from pot
*** SUMMARY ***
Total pot $12
Board [6c 8s Qd]
Seat 7: 8bc9a315 folded on the Flop
Seat 4: 835bf148 folded before Flop (didn't bet)
Seat 3: 9be811a5 folded before Flop (didn't bet)
Seat 5: fd6f7230(small blind) folded on the Flop
Seat 6: 7b0d8ba8(big blind)won ($12) with Pair of Sixes
Seat 2: Hero folded before Flop (didn't bet)



Poker Hand #ring_883568299: NLH No Limit ($1/$2) - 2025/05/18 00:54:42
Table 'MR NLH 1/2' 7-max Seat #3 is the button
Seat 7: 8bc9a315 ($134.98 in chips)
Seat 4: 835bf148 ($574.55 in chips)
Seat 3: 9be811a5 ($271.9 in chips)
Seat 5: fd6f7230 ($189.47 in chips)
Seat 6: 7b0d8ba8 ($294.11 in chips)
Seat 2: Hero ($431.6 in chips)
835bf148: posts small blind $1
fd6f7230: posts big blind $2
*** HOLE CARDS ***
Dealt to 8bc9a315 
Dealt to 835bf148 
Dealt to 9be811a5 
Dealt to fd6f7230 
Dealt to 7b0d8ba8 
Dealt to Hero [6c 9c]
7b0d8ba8: folds
8bc9a315: folds
Hero: raises $4 to $6
9be811a5: folds
835bf148: folds
fd6f7230: folds
Uncalled bet ($4) returned to Hero
*** SHOWDOWN ***
Hero collected $5 from pot
*** SUMMARY ***
Total pot $5
Seat 7: 8bc9a315 folded before Flop (didn't bet)
Seat 4: 835bf148(small blind) folded before Flop
Seat 3: 9be811a5 folded before Flop (didn't bet)
Seat 5: fd6f7230(big blind) folded before Flop
Seat 6: 7b0d8ba8 folded before Flop (didn't bet)
Seat 2: Herowon ($5)



Poker Hand #ring_883567644: NLH No Limit ($1/$2) - 2025/05/18 00:54:20
Table 'MR NLH 1/2' 7-max Seat #2 is the button
Seat 7: 8bc9a315 ($131.98 in chips)
Seat 4: 835bf148 ($576.55 in chips)
Seat 3: 9be811a5 ($272.9 in chips)
Seat 5: fd6f7230 ($189.47 in chips)
Seat 6: 7b0d8ba8 ($294.11 in chips)
Seat 2: Hero ($431.6 in chips)
9be811a5: posts small blind $1
835bf148: posts big blind $2
*** HOLE CARDS ***
Dealt to 8bc9a315 
Dealt to 835bf148 
Dealt to 9be811a5 
Dealt to fd6f7230 
Dealt to 7b0d8ba8 
Dealt to Hero [3c Ks]
fd6f7230: folds
7b0d8ba8: folds
8bc9a315: raises $4 to $6
Hero: folds
9be811a5: folds
835bf148: folds
Uncalled bet ($4) returned to 8bc9a315
*** SHOWDOWN ***
8bc9a315 collected $5 from pot
*** SUMMARY ***
Total pot $5
Seat 7: 8bc9a315won ($5)
Seat 4: 835bf148(big blind) folded before Flop
Seat 3: 9be811a5(small blind) folded before Flop
Seat 5: fd6f7230 folded before Flop (didn't bet)
Seat 6: 7b0d8ba8 folded before Flop (didn't bet)
Seat 2: Hero folded before Flop (didn't bet)



Poker Hand #ring_883566444: NLH No Limit ($1/$2) - 2025/05/18 00:53:36
Table 'MR NLH 1/2' 7-max Seat #7 is the button
Seat 7: 8bc9a315 ($131.98 in chips)
Seat 4: 835bf148 ($576.55 in chips)
Seat 3: 9be811a5 ($278.9 in chips)
Seat 5: fd6f7230 ($189.47 in chips)
Seat 6: 7b0d8ba8 ($287.69 in chips)
Seat 2: Hero ($432.6 in chips)
Hero: posts small blind $1
9be811a5: posts big blind $2
*** HOLE CARDS ***
Dealt to 8bc9a315 
Dealt to 835bf148 
Dealt to 9be811a5 
Dealt to fd6f7230 
Dealt to 7b0d8ba8 
Dealt to Hero [8c As]
835bf148: folds
fd6f7230: folds
7b0d8ba8: raises $4 to $6
8bc9a315: folds
Hero: folds
9be811a5: calls $4
*** FLOP *** [4h Ac Ts]
9be811a5: checks
7b0d8ba8: bets $4.29
9be811a5: folds
Uncalled bet ($4.29) returned to 7b0d8ba8
*** SHOWDOWN ***
7b0d8ba8 collected $13 from pot
*** SUMMARY ***
Total pot $13
Board [4h Ac Ts]
Seat 7: 8bc9a315 folded before Flop (didn't bet)
Seat 4: 835bf148 folded before Flop (didn't bet)
Seat 3: 9be811a5(big blind) folded on the Flop
Seat 5: fd6f7230 folded before Flop (didn't bet)
Seat 6: 7b0d8ba8won ($13) with Ace-High
Seat 2: Hero(small blind) folded before Flop



Poker Hand #ring_883565812: NLH No Limit ($1/$2) - 2025/05/18 00:53:14
Table 'MR NLH 1/2' 7-max Seat #6 is the button
Seat 7: 8bc9a315 ($132.98 in chips)
Seat 4: 835bf148 ($576.55 in chips)
Seat 3: 9be811a5 ($278.9 in chips)
Seat 5: fd6f7230 ($189.47 in chips)
Seat 6: 7b0d8ba8 ($287.69 in chips)
Seat 2: Hero ($431.6 in chips)
8bc9a315: posts small blind $1
Hero: posts big blind $2
*** HOLE CARDS ***
Dealt to 8bc9a315 
Dealt to 835bf148 
Dealt to 9be811a5 
Dealt to fd6f7230 
Dealt to 7b0d8ba8 
Dealt to Hero [Qh Ah]
9be811a5: folds
835bf148: folds
fd6f7230: folds
7b0d8ba8: folds
8bc9a315: folds
*** SHOWDOWN ***
Hero collected $3 from pot
*** SUMMARY ***
Total pot $3
Seat 7: 8bc9a315(small blind) folded before Flop
Seat 4: 835bf148 folded before Flop (didn't bet)
Seat 3: 9be811a5 folded before Flop (didn't bet)
Seat 5: fd6f7230 folded before Flop (didn't bet)
Seat 6: 7b0d8ba8 folded before Flop (didn't bet)
Seat 2: Hero(big blind)won ($3)



Poker Hand #ring_883563667: NLH No Limit ($1/$2) - 2025/05/18 00:51:59
Table 'MR NLH 1/2' 7-max Seat #5 is the button
Seat 7: 8bc9a315 ($158.98 in chips)
Seat 4: 835bf148 ($552.43 in chips)
Seat 3: 9be811a5 ($278.9 in chips)
Seat 5: fd6f7230 ($189.47 in chips)
Seat 6: 7b0d8ba8 ($288.69 in chips)
Seat 2: Hero ($431.6 in chips)
7b0d8ba8: posts small blind $1
8bc9a315: posts big blind $2
*** HOLE CARDS ***
Dealt to 8bc9a315 
Dealt to 835bf148 
Dealt to 9be811a5 
Dealt to fd6f7230 
Dealt to 7b0d8ba8 
Dealt to Hero [7s 3s]
Hero: folds
9be811a5: folds
835bf148: raises $2 to $4
fd6f7230: folds
7b0d8ba8: folds
8bc9a315: calls $2
*** FLOP *** [6c 9d Th]
8bc9a315: checks
835bf148: bets $6
8bc9a315: calls $6
*** TURN *** [6c 9d Th] [Jc]
8bc9a315: checks
835bf148: bets $16
8bc9a315: calls $16
*** RIVER *** [6c 9d Th Jc] [8h]
8bc9a315: checks
835bf148: bets $80
8bc9a315: folds
Uncalled bet ($80) returned to 835bf148
*** SHOWDOWN ***
835bf148 collected $53 from pot
*** SUMMARY ***
Total pot $53
Board [6c 9d Th Jc 8h]
Seat 7: 8bc9a315(big blind) folded on the River
Seat 4: 835bf148won ($53) with Ace-High
Seat 3: 9be811a5 folded before Flop (didn't bet)
Seat 5: fd6f7230 folded before Flop (didn't bet)
Seat 6: 7b0d8ba8(small blind) folded before Flop
Seat 2: Hero folded before Flop (didn't bet)



Poker Hand #ring_883562281: NLH No Limit ($1/$2) - 2025/05/18 00:51:10
Table 'MR NLH 1/2' 7-max Seat #4 is the button
Seat 7: 8bc9a315 ($158.98 in chips)
Seat 4: 835bf148 ($552.43 in chips)
Seat 3: 9be811a5 ($278.9 in chips)
Seat 5: fd6f7230 ($190.47 in chips)
Seat 6: 7b0d8ba8 ($294.69 in chips)
Seat 2: Hero ($425.18 in chips)
fd6f7230: posts small blind $1
7b0d8ba8: posts big blind $2
*** HOLE CARDS ***
Dealt to 8bc9a315 
Dealt to 835bf148 
Dealt to 9be811a5 
Dealt to fd6f7230 
Dealt to 7b0d8ba8 
Dealt to Hero [9c 8d]
8bc9a315: folds
Hero: raises $4 to $6
9be811a5: folds
835bf148: folds
fd6f7230: folds
7b0d8ba8: calls $4
*** FLOP *** [Kc 2h Ah]
7b0d8ba8: checks
Hero: bets $6.5
7b0d8ba8: folds
Uncalled bet ($6.5) returned to Hero
*** SHOWDOWN ***
Hero collected $13 from pot
*** SUMMARY ***
Total pot $13
Board [Kc 2h Ah]
Seat 7: 8bc9a315 folded before Flop (didn't bet)
Seat 4: 835bf148 folded before Flop (didn't bet)
Seat 3: 9be811a5 folded before Flop (didn't bet)
Seat 5: fd6f7230(small blind) folded before Flop
Seat 6: 7b0d8ba8(big blind) folded on the Flop
Seat 2: Herowon ($13) with Ace-High



Poker Hand #ring_883560459: NLH No Limit ($1/$2) - 2025/05/18 00:50:05
Table 'MR NLH 1/2' 7-max Seat #3 is the button
Seat 7: 8bc9a315 ($166.98 in chips)
Seat 4: 835bf148 ($496.76 in chips)
Seat 3: 9be811a5 ($278.9 in chips)
Seat 5: fd6f7230 ($192.47 in chips)
Seat 1: ccd9ec44 ($51.23 in chips)
Seat 6: 7b0d8ba8 ($294.69 in chips)
Seat 2: Hero ($425.18 in chips)
835bf148: posts small blind $1
fd6f7230: posts big blind $2
*** HOLE CARDS ***
Dealt to 8bc9a315 
Dealt to 835bf148 
Dealt to 9be811a5 
Dealt to fd6f7230 
Dealt to ccd9ec44 
Dealt to 7b0d8ba8 
Dealt to Hero [5s 3h]
7b0d8ba8: folds
8bc9a315: raises $6 to $8
ccd9ec44: calls $8
Hero: folds
9be811a5: folds
835bf148: calls $7
fd6f7230: folds
*** FLOP *** [9h 6c 8s]
835bf148: bets $16
8bc9a315: folds
ccd9ec44: calls $16
*** TURN *** [9h 6c 8s] [6d]
835bf148: checks
ccd9ec44: bets $27.23 and is all-in
835bf148: calls $27.23
ccd9ec44: shows [2c 2d]
835bf148: shows [6h 6s]
*** RIVER *** [9h 6c 8s 6d] [Ah]
*** SHOWDOWN ***
835bf148 collected $112.46 from pot
*** SUMMARY ***
Total pot $112.46
Board [9h 6c 8s 6d Ah]
Seat 7: 8bc9a315 folded on the Flop
Seat 4: 835bf148(small blind) showed [6h 6s] and won ($112.46) with Four Sixes
Seat 3: 9be811a5 folded before Flop (didn't bet)
Seat 5: fd6f7230(big blind) folded before Flop
Seat 1: ccd9ec44 showed [2c 2d] and lost with Pair of Sixes and Pair of Twos
Seat 6: 7b0d8ba8 folded before Flop (didn't bet)
Seat 2: Hero folded before Flop (didn't bet)



Poker Hand #ring_883559412: NLH No Limit ($1/$2) - 2025/05/18 00:49:27
Table 'MR NLH 1/2' 7-max Seat #2 is the button
Seat 7: 8bc9a315 ($166.98 in chips)
Seat 4: 835bf148 ($498.76 in chips)
Seat 3: 9be811a5 ($279.9 in chips)
Seat 5: fd6f7230 ($189.47 in chips)
Seat 1: ccd9ec44 ($51.23 in chips)
Seat 6: 7b0d8ba8 ($294.69 in chips)
Seat 2: Hero ($425.18 in chips)
9be811a5: posts small blind $1
835bf148: posts big blind $2
*** HOLE CARDS ***
Dealt to 8bc9a315 
Dealt to 835bf148 
Dealt to 9be811a5 
Dealt to fd6f7230 
Dealt to ccd9ec44 
Dealt to 7b0d8ba8 
Dealt to Hero [8h 7d]
fd6f7230: raises $5 to $7
7b0d8ba8: folds
8bc9a315: folds
ccd9ec44: folds
Hero: folds
9be811a5: folds
835bf148: folds
Uncalled bet ($5) returned to fd6f7230
*** SHOWDOWN ***
fd6f7230 collected $5 from pot
*** SUMMARY ***
Total pot $5
Seat 7: 8bc9a315 folded before Flop (didn't bet)
Seat 4: 835bf148(big blind) folded before Flop
Seat 3: 9be811a5(small blind) folded before Flop
Seat 5: fd6f7230won ($5)
Seat 1: ccd9ec44 folded before Flop (didn't bet)
Seat 6: 7b0d8ba8 folded before Flop (didn't bet)
Seat 2: Hero folded before Flop (didn't bet)



Poker Hand #ring_883558261: NLH No Limit ($1/$2) - 2025/05/18 00:48:45
Table 'MR NLH 1/2' 7-max Seat #1 is the button
Seat 7: 8bc9a315 ($166.98 in chips)
Seat 4: 835bf148 ($498.76 in chips)
Seat 3: 9be811a5 ($281.9 in chips)
Seat 5: fd6f7230 ($189.47 in chips)
Seat 1: ccd9ec44 ($57.23 in chips)
Seat 6: 7b0d8ba8 ($300.69 in chips)
Seat 2: Hero ($411.18 in chips)
Hero: posts small blind $1
9be811a5: posts big blind $2
*** HOLE CARDS ***
Dealt to 8bc9a315 
Dealt to 835bf148 
Dealt to 9be811a5 
Dealt to fd6f7230 
Dealt to ccd9ec44 
Dealt to 7b0d8ba8 
Dealt to Hero [As Qs]
835bf148: folds
fd6f7230: folds
7b0d8ba8: raises $4 to $6
8bc9a315: folds
ccd9ec44: calls $6
Hero: raises $18.2 to $24.2
9be811a5: folds
7b0d8ba8: folds
ccd9ec44: folds
Uncalled bet ($18.2) returned to Hero
*** SHOWDOWN ***
Hero collected $20 from pot
*** SUMMARY ***
Total pot $20
Seat 7: 8bc9a315 folded before Flop (didn't bet)
Seat 4: 835bf148 folded before Flop (didn't bet)
Seat 3: 9be811a5(big blind) folded before Flop
Seat 5: fd6f7230 folded before Flop (didn't bet)
Seat 1: ccd9ec44 folded before Flop
Seat 6: 7b0d8ba8 folded before Flop
Seat 2: Hero(small blind)won ($20)



Poker Hand #ring_883557061: NLH No Limit ($1/$2) - 2025/05/18 00:48:04
Table 'MR NLH 1/2' 7-max Seat #7 is the button
Seat 7: 8bc9a315 ($177.98 in chips)
Seat 4: 835bf148 ($498.76 in chips)
Seat 3: 9be811a5 ($292.9 in chips)
Seat 5: fd6f7230 ($164.47 in chips)
Seat 1: ccd9ec44 ($58.23 in chips)
Seat 6: 7b0d8ba8 ($300.69 in chips)
Seat 2: Hero ($413.18 in chips)
ccd9ec44: posts small blind $1
Hero: posts big blind $2
*** HOLE CARDS ***
Dealt to 8bc9a315 
Dealt to 835bf148 
Dealt to 9be811a5 
Dealt to fd6f7230 
Dealt to ccd9ec44 
Dealt to 7b0d8ba8 
Dealt to Hero [7s 6c]
9be811a5: calls $2
835bf148: folds
fd6f7230: calls $2
7b0d8ba8: folds
8bc9a315: raises $9 to $11
ccd9ec44: folds
Hero: folds
9be811a5: calls $9
fd6f7230: raises $36 to $47
8bc9a315: folds
9be811a5: folds
Uncalled bet ($36) returned to fd6f7230
*** SHOWDOWN ***
fd6f7230 collected $36 from pot
*** SUMMARY ***
Total pot $36
Seat 7: 8bc9a315 folded before Flop
Seat 4: 835bf148 folded before Flop (didn't bet)
Seat 3: 9be811a5 folded before Flop
Seat 5: fd6f7230won ($36)
Seat 1: ccd9ec44(small blind) folded before Flop
Seat 6: 7b0d8ba8 folded before Flop (didn't bet)
Seat 2: Hero(big blind) folded before Flop



Poker Hand #ring_883555121: NLH No Limit ($1/$2) - 2025/05/18 00:46:56
Table 'MR NLH 1/2' 7-max Seat #6 is the button
Seat 7: 8bc9a315 ($182.62 in chips)
Seat 4: 835bf148 ($498.76 in chips)
Seat 3: 9be811a5 ($297.55 in chips)
Seat 5: fd6f7230 ($170.47 in chips)
Seat 1: ccd9ec44 ($60.23 in chips)
Seat 6: 7b0d8ba8 ($300.69 in chips)
Seat 2: Hero ($413.18 in chips)
8bc9a315: posts small blind $1
ccd9ec44: posts big blind $2
*** HOLE CARDS ***
Dealt to 8bc9a315 
Dealt to 835bf148 
Dealt to 9be811a5 
Dealt to fd6f7230 
Dealt to ccd9ec44 
Dealt to 7b0d8ba8 
Dealt to Hero [8c 3c]
Hero: folds
9be811a5: raises $4 to $6
835bf148: folds
fd6f7230: calls $6
7b0d8ba8: folds
8bc9a315: raises $15 to $21
ccd9ec44: folds
9be811a5: raises $37.5 to $58.5
fd6f7230: folds
8bc9a315: calls $37.5
*** FIRST FLOP *** [9d 7c Th]
8bc9a315: checks
9be811a5: bets $125
8bc9a315: calls $124.12 and is all-in
Uncalled bet ($0.88) returned to 9be811a5
9be811a5: shows [Qc Qs] (Pair of Queens)
8bc9a315: shows [Kd Qh] (King-High)
*** FIRST TURN *** [9d 7c Th] [9s]
*** SECOND TURN *** [9d 7c Th] [7h]
*** FIRST RIVER *** [9d 7c Th 9s] [Jh]
*** SECOND RIVER *** [9d 7c Th 7h] [Qd]
*** FIRST SHOWDOWN ***
8bc9a315 collected $186.88 from pot
*** SECOND SHOWDOWN ***
9be811a5 collected $186.36 from pot
*** SUMMARY ***
Total pot $373.24
Hand was run two timesFIRST Board [9d 7c Th 9s Jh]
SECOND Board [7h Qd]
Seat 7: 8bc9a315(small blind) showed [Kd Qh] and won ($186.88) with Kings-High Straight / Pair of Queens and Pair of Sevens
Seat 4: 835bf148 folded before Flop (didn't bet)
Seat 3: 9be811a5 showed [Qc Qs] and won ($186.36) with Pair of Queens and Pair of Nines / Queens Full over Sevens
Seat 5: fd6f7230 folded before Flop
Seat 1: ccd9ec44(big blind) folded before Flop
Seat 6: 7b0d8ba8 folded before Flop (didn't bet)
Seat 2: Hero folded before Flop (didn't bet)



Poker Hand #ring_883553370: NLH No Limit ($1/$2) - 2025/05/18 00:45:54
Table 'MR NLH 1/2' 7-max Seat #5 is the button
Seat 7: 8bc9a315 ($224.62 in chips)
Seat 4: 835bf148 ($460.08 in chips)
Seat 3: 9be811a5 ($297.55 in chips)
Seat 5: fd6f7230 ($170.47 in chips)
Seat 1: ccd9ec44 ($60.23 in chips)
Seat 6: 7b0d8ba8 ($301.69 in chips)
Seat 2: Hero ($413.18 in chips)
7b0d8ba8: posts small blind $1
8bc9a315: posts big blind $2
*** HOLE CARDS ***
Dealt to 8bc9a315 
Dealt to 835bf148 
Dealt to 9be811a5 
Dealt to fd6f7230 
Dealt to ccd9ec44 
Dealt to 7b0d8ba8 
Dealt to Hero [2h 6h]
ccd9ec44: folds
Hero: folds
9be811a5: folds
835bf148: raises $2 to $4
fd6f7230: folds
7b0d8ba8: folds
8bc9a315: calls $2
*** FLOP *** [Jc 8h 2c]
8bc9a315: bets $4.5
835bf148: raises $9.5 to $14
8bc9a315: calls $9.5
*** TURN *** [Jc 8h 2c] [Kd]
8bc9a315: checks
835bf148: bets $24
8bc9a315: calls $24
*** RIVER *** [Jc 8h 2c Kd] [5s]
8bc9a315: checks
835bf148: checks
835bf148: shows [Jd Ad]
8bc9a315: shows [8c Qh]
*** SHOWDOWN ***
835bf148 collected $85 from pot
*** SUMMARY ***
Total pot $85
Board [Jc 8h 2c Kd 5s]
Seat 7: 8bc9a315(big blind) showed [8c Qh] and lost with Pair of Eights
Seat 4: 835bf148 showed [Jd Ad] and won ($85) with Pair of Jacks
Seat 3: 9be811a5 folded before Flop (didn't bet)
Seat 5: fd6f7230 folded before Flop (didn't bet)
Seat 1: ccd9ec44 folded before Flop (didn't bet)
Seat 6: 7b0d8ba8(small blind) folded before Flop
Seat 2: Hero folded before Flop (didn't bet)



Poker Hand #ring_883552331: NLH No Limit ($1/$2) - 2025/05/18 00:45:17
Table 'MR NLH 1/2' 7-max Seat #4 is the button
Seat 7: 8bc9a315 ($224.62 in chips)
Seat 4: 835bf148 ($460.08 in chips)
Seat 3: 9be811a5 ($297.55 in chips)
Seat 5: fd6f7230 ($171.47 in chips)
Seat 1: ccd9ec44 ($60.23 in chips)
Seat 6: 7b0d8ba8 ($303.69 in chips)
Seat 2: Hero ($410.18 in chips)
fd6f7230: posts small blind $1
7b0d8ba8: posts big blind $2
*** HOLE CARDS ***
Dealt to 8bc9a315 
Dealt to 835bf148 
Dealt to 9be811a5 
Dealt to fd6f7230 
Dealt to ccd9ec44 
Dealt to 7b0d8ba8 
Dealt to Hero [9s Ts]
8bc9a315: folds
ccd9ec44: folds
Hero: raises $4 to $6
9be811a5: folds
835bf148: folds
fd6f7230: folds
7b0d8ba8: folds
Uncalled bet ($4) returned to Hero
*** SHOWDOWN ***
Hero collected $5 from pot
*** SUMMARY ***
Total pot $5
Seat 7: 8bc9a315 folded before Flop (didn't bet)
Seat 4: 835bf148 folded before Flop (didn't bet)
Seat 3: 9be811a5 folded before Flop (didn't bet)
Seat 5: fd6f7230(small blind) folded before Flop
Seat 1: ccd9ec44 folded before Flop (didn't bet)
Seat 6: 7b0d8ba8(big blind) folded before Flop
Seat 2: Herowon ($5)



Poker Hand #ring_883550645: NLH No Limit ($1/$2) - 2025/05/18 00:44:18
Table 'MR NLH 1/2' 7-max Seat #3 is the button
Seat 7: 8bc9a315 ($209.97 in chips)
Seat 4: 835bf148 ($461.08 in chips)
Seat 3: 9be811a5 ($297.55 in chips)
Seat 5: fd6f7230 ($173.47 in chips)
Seat 1: ccd9ec44 ($60.23 in chips)
Seat 6: 7b0d8ba8 ($317.19 in chips)
Seat 2: Hero ($410.18 in chips)
835bf148: posts small blind $1
fd6f7230: posts big blind $2
*** HOLE CARDS ***
Dealt to 8bc9a315 
Dealt to 835bf148 
Dealt to 9be811a5 
Dealt to fd6f7230 
Dealt to ccd9ec44 
Dealt to 7b0d8ba8 
Dealt to Hero [7h Qd]
7b0d8ba8: raises $4 to $6
8bc9a315: raises $7.5 to $13.5
ccd9ec44: folds
Hero: folds
9be811a5: folds
835bf148: folds
fd6f7230: folds
7b0d8ba8: calls $7.5
*** FLOP *** [Ad Ah 6h]
7b0d8ba8: checks
8bc9a315: checks
*** TURN *** [Ad Ah 6h] [9h]
7b0d8ba8: checks
8bc9a315: bets $15
7b0d8ba8: folds
Uncalled bet ($15) returned to 8bc9a315
*** SHOWDOWN ***
8bc9a315 collected $30 from pot
*** SUMMARY ***
Total pot $30
Board [Ad Ah 6h 9h]
Seat 7: 8bc9a315won ($30) with Three Aces
Seat 4: 835bf148(small blind) folded before Flop
Seat 3: 9be811a5 folded before Flop (didn't bet)
Seat 5: fd6f7230(big blind) folded before Flop
Seat 1: ccd9ec44 folded before Flop (didn't bet)
Seat 6: 7b0d8ba8 folded on the Turn
Seat 2: Hero folded before Flop (didn't bet)



Poker Hand #ring_883549614: NLH No Limit ($1/$2) - 2025/05/18 00:43:41
Table 'MR NLH 1/2' 7-max Seat #2 is the button
Seat 7: 8bc9a315 ($209.97 in chips)
Seat 4: 835bf148 ($448.08 in chips)
Seat 3: 9be811a5 ($298.55 in chips)
Seat 5: fd6f7230 ($173.47 in chips)
Seat 1: ccd9ec44 ($66.23 in chips)
Seat 6: 7b0d8ba8 ($323.19 in chips)
Seat 2: Hero ($410.18 in chips)
9be811a5: posts small blind $1
835bf148: posts big blind $2
*** HOLE CARDS ***
Dealt to 8bc9a315 
Dealt to 835bf148 
Dealt to 9be811a5 
Dealt to fd6f7230 
Dealt to ccd9ec44 
Dealt to 7b0d8ba8 
Dealt to Hero [Qh 8s]
fd6f7230: folds
7b0d8ba8: raises $4 to $6
8bc9a315: folds
ccd9ec44: calls $6
Hero: folds
9be811a5: folds
835bf148: raises $24 to $30
7b0d8ba8: folds
ccd9ec44: folds
Uncalled bet ($24) returned to 835bf148
*** SHOWDOWN ***
835bf148 collected $19 from pot
*** SUMMARY ***
Total pot $19
Seat 7: 8bc9a315 folded before Flop (didn't bet)
Seat 4: 835bf148(big blind)won ($19)
Seat 3: 9be811a5(small blind) folded before Flop
Seat 5: fd6f7230 folded before Flop (didn't bet)
Seat 1: ccd9ec44 folded before Flop
Seat 6: 7b0d8ba8 folded before Flop
Seat 2: Hero folded before Flop (didn't bet)



Poker Hand #ring_883547868: NLH No Limit ($1/$2) - 2025/05/18 00:42:40
Table 'MR NLH 1/2' 7-max Seat #1 is the button
Seat 7: 8bc9a315 ($209.97 in chips)
Seat 4: 835bf148 ($448.08 in chips)
Seat 3: 9be811a5 ($305.55 in chips)
Seat 5: fd6f7230 ($180.47 in chips)
Seat 1: ccd9ec44 ($66.23 in chips)
Seat 6: 7b0d8ba8 ($309.68 in chips)
Seat 2: Hero ($411.18 in chips)
Hero: posts small blind $1
9be811a5: posts big blind $2
*** HOLE CARDS ***
Dealt to 8bc9a315 
Dealt to 835bf148 
Dealt to 9be811a5 
Dealt to fd6f7230 
Dealt to ccd9ec44 
Dealt to 7b0d8ba8 
Dealt to Hero [2s Jd]
835bf148: folds
fd6f7230: raises $5 to $7
7b0d8ba8: calls $7
8bc9a315: folds
ccd9ec44: folds
Hero: folds
9be811a5: calls $5
*** FLOP *** [2h Ad 6s]
9be811a5: checks
fd6f7230: checks
7b0d8ba8: bets $14.52
9be811a5: folds
fd6f7230: folds
Uncalled bet ($14.52) returned to 7b0d8ba8
*** SHOWDOWN ***
7b0d8ba8 collected $22 from pot
*** SUMMARY ***
Total pot $22
Board [2h Ad 6s]
Seat 7: 8bc9a315 folded before Flop (didn't bet)
Seat 4: 835bf148 folded before Flop (didn't bet)
Seat 3: 9be811a5(big blind) folded on the Flop
Seat 5: fd6f7230 folded on the Flop
Seat 1: ccd9ec44 folded before Flop (didn't bet)
Seat 6: 7b0d8ba8won ($22) with Pair of Aces and Pair of Twos
Seat 2: Hero(small blind) folded before Flop



Poker Hand #ring_883545783: NLH No Limit ($1/$2) - 2025/05/18 00:41:26
Table 'MR NLH 1/2' 7-max Seat #7 is the button
Seat 7: 8bc9a315 ($209.97 in chips)
Seat 4: 835bf148 ($448.08 in chips)
Seat 3: 9be811a5 ($305.55 in chips)
Seat 5: fd6f7230 ($180.47 in chips)
Seat 1: ccd9ec44 ($51.81 in chips)
Seat 6: 7b0d8ba8 ($317.68 in chips)
Seat 2: Hero ($419.18 in chips)
ccd9ec44: posts small blind $1
Hero: posts big blind $2
*** HOLE CARDS ***
Dealt to 8bc9a315 
Dealt to 835bf148 
Dealt to 9be811a5 
Dealt to fd6f7230 
Dealt to ccd9ec44 
Dealt to 7b0d8ba8 
Dealt to Hero [7c Jc]
9be811a5: folds
835bf148: folds
fd6f7230: folds
7b0d8ba8: calls $2
8bc9a315: folds
ccd9ec44: raises $6 to $8
Hero: calls $6
7b0d8ba8: calls $6
*** FLOP *** [Kd 9c Ts]
ccd9ec44: bets $43.81 and is all-in
Hero: folds
7b0d8ba8: folds
Uncalled bet ($43.81) returned to ccd9ec44
*** SHOWDOWN ***
ccd9ec44 collected $24 from pot
*** SUMMARY ***
Total pot $24
Board [Kd 9c Ts]
Seat 7: 8bc9a315 folded before Flop (didn't bet)
Seat 4: 835bf148 folded before Flop (didn't bet)
Seat 3: 9be811a5 folded before Flop (didn't bet)
Seat 5: fd6f7230 folded before Flop (didn't bet)
Seat 1: ccd9ec44(small blind)won ($24) with Pair of Tens and Pair of Nines
Seat 6: 7b0d8ba8 folded on the Flop
Seat 2: Hero(big blind) folded on the Flop



Poker Hand #ring_883543987: NLH No Limit ($1/$2) - 2025/05/18 00:40:25
Table 'MR NLH 1/2' 7-max Seat #6 is the button
Seat 7: 8bc9a315 ($217.97 in chips)
Seat 4: 835bf148 ($448.08 in chips)
Seat 3: 9be811a5 ($283.92 in chips)
Seat 5: fd6f7230 ($180.47 in chips)
Seat 1: ccd9ec44 ($67.73 in chips)
Seat 6: 7b0d8ba8 ($317.68 in chips)
Seat 2: Hero ($419.18 in chips)
8bc9a315: posts small blind $1
ccd9ec44: posts big blind $2
*** HOLE CARDS ***
Dealt to 8bc9a315 
Dealt to 835bf148 
Dealt to 9be811a5 
Dealt to fd6f7230 
Dealt to ccd9ec44 
Dealt to 7b0d8ba8 
Dealt to Hero [9s Th]
Hero: folds
9be811a5: calls $2
835bf148: folds
fd6f7230: folds
7b0d8ba8: folds
8bc9a315: calls $1
ccd9ec44: raises $6 to $8
9be811a5: calls $6
8bc9a315: calls $6
*** FLOP *** [Ts 8h Td]
8bc9a315: checks
ccd9ec44: checks
9be811a5: bets $7.92
8bc9a315: folds
ccd9ec44: calls $7.92
*** TURN *** [Ts 8h Td] [7h]
ccd9ec44: checks
9be811a5: checks
*** RIVER *** [Ts 8h Td 7h] [4d]
ccd9ec44: checks
9be811a5: checks
ccd9ec44: shows [Qd 9h]
9be811a5: shows [As 8s]
*** SHOWDOWN ***
9be811a5 collected $39.84 from pot
*** SUMMARY ***
Total pot $39.84
Board [Ts 8h Td 7h 4d]
Seat 7: 8bc9a315(small blind) folded on the Flop
Seat 4: 835bf148 folded before Flop (didn't bet)
Seat 3: 9be811a5 showed [As 8s] and won ($39.84) with Pair of Tens and Pair of Eights
Seat 5: fd6f7230 folded before Flop (didn't bet)
Seat 1: ccd9ec44(big blind) showed [Qd 9h] and lost with Pair of Tens
Seat 6: 7b0d8ba8 folded before Flop (didn't bet)
Seat 2: Hero folded before Flop (didn't bet)



Poker Hand #ring_883542224: NLH No Limit ($1/$2) - 2025/05/18 00:39:24
Table 'MR NLH 1/2' 7-max Seat #5 is the button
Seat 7: 8bc9a315 ($203.55 in chips)
Seat 4: 835bf148 ($448.08 in chips)
Seat 3: 9be811a5 ($283.92 in chips)
Seat 5: fd6f7230 ($180.47 in chips)
Seat 1: ccd9ec44 ($75.73 in chips)
Seat 6: 7b0d8ba8 ($325.68 in chips)
Seat 2: Hero ($419.18 in chips)
7b0d8ba8: posts small blind $1
8bc9a315: posts big blind $2
*** HOLE CARDS ***
Dealt to 8bc9a315 
Dealt to 835bf148 
Dealt to 9be811a5 
Dealt to fd6f7230 
Dealt to ccd9ec44 
Dealt to 7b0d8ba8 
Dealt to Hero [Ts 2h]
ccd9ec44: calls $2
Hero: folds
9be811a5: folds
835bf148: folds
fd6f7230: folds
7b0d8ba8: calls $1
8bc9a315: raises $6 to $8
ccd9ec44: calls $6
7b0d8ba8: calls $6
*** FLOP *** [Kc Ks 2s]
7b0d8ba8: checks
8bc9a315: checks
ccd9ec44: checks
*** TURN *** [Kc Ks 2s] [5s]
7b0d8ba8: checks
8bc9a315: bets $12
ccd9ec44: folds
7b0d8ba8: folds
Uncalled bet ($12) returned to 8bc9a315
*** SHOWDOWN ***
8bc9a315 collected $24 from pot
*** SUMMARY ***
Total pot $24
Board [Kc Ks 2s 5s]
Seat 7: 8bc9a315(big blind)won ($24) with Pair of Kings
Seat 4: 835bf148 folded before Flop (didn't bet)
Seat 3: 9be811a5 folded before Flop (didn't bet)
Seat 5: fd6f7230 folded before Flop (didn't bet)
Seat 1: ccd9ec44 folded on the Turn
Seat 6: 7b0d8ba8(small blind) folded on the Turn
Seat 2: Hero folded before Flop (didn't bet)



Poker Hand #ring_883539871: NLH No Limit ($1/$2) - 2025/05/18 00:38:01
Table 'MR NLH 1/2' 7-max Seat #4 is the button
Seat 7: 8bc9a315 ($203.55 in chips)
Seat 4: 835bf148 ($448.08 in chips)
Seat 3: 9be811a5 ($283.92 in chips)
Seat 5: fd6f7230 ($149.67 in chips)
Seat 1: ccd9ec44 ($101.73 in chips)
Seat 6: 7b0d8ba8 ($333.68 in chips)
Seat 2: Hero ($419.18 in chips)
fd6f7230: posts small blind $1
7b0d8ba8: posts big blind $2
*** HOLE CARDS ***
Dealt to 8bc9a315 
Dealt to 835bf148 
Dealt to 9be811a5 
Dealt to fd6f7230 
Dealt to ccd9ec44 
Dealt to 7b0d8ba8 
Dealt to Hero [4s Kh]
8bc9a315: folds
ccd9ec44: calls $2
Hero: folds
9be811a5: folds
835bf148: folds
fd6f7230: raises $6 to $8
7b0d8ba8: calls $6
ccd9ec44: calls $6
*** FLOP *** [Kc Kd 5s]
fd6f7230: checks
7b0d8ba8: checks
ccd9ec44: checks
*** TURN *** [Kc Kd 5s] [6c]
fd6f7230: bets $18
7b0d8ba8: folds
ccd9ec44: calls $18
*** RIVER *** [Kc Kd 5s 6c] [4h]
fd6f7230: bets $45
ccd9ec44: folds
Uncalled bet ($45) returned to fd6f7230
*** SHOWDOWN ***
fd6f7230 collected $60 from pot
*** SUMMARY ***
Total pot $60
Board [Kc Kd 5s 6c 4h]
Seat 7: 8bc9a315 folded before Flop (didn't bet)
Seat 4: 835bf148 folded before Flop (didn't bet)
Seat 3: 9be811a5 folded before Flop (didn't bet)
Seat 5: fd6f7230(small blind)won ($60) with Sixes Full over Kings
Seat 1: ccd9ec44 folded on the River
Seat 6: 7b0d8ba8(big blind) folded on the Turn
Seat 2: Hero folded before Flop (didn't bet)



Poker Hand #ring_883538390: NLH No Limit ($1/$2) - 2025/05/18 00:37:10
Table 'MR NLH 1/2' 7-max Seat #3 is the button
Seat 7: 8bc9a315 ($203.55 in chips)
Seat 4: 835bf148 ($450.08 in chips)
Seat 3: 9be811a5 ($283.92 in chips)
Seat 5: fd6f7230 ($151.67 in chips)
Seat 1: ccd9ec44 ($98 in chips)
Seat 6: 7b0d8ba8 ($333.68 in chips)
Seat 2: Hero ($419.18 in chips)
835bf148: posts small blind $1
fd6f7230: posts big blind $2
*** HOLE CARDS ***
Dealt to 8bc9a315 
Dealt to 835bf148 
Dealt to 9be811a5 
Dealt to fd6f7230 
Dealt to ccd9ec44 
Dealt to 7b0d8ba8 
Dealt to Hero [3h 5d]
7b0d8ba8: folds
8bc9a315: folds
ccd9ec44: calls $2
Hero: folds
9be811a5: folds
835bf148: calls $1
fd6f7230: checks
*** FLOP *** [9d 8s Th]
835bf148: checks
fd6f7230: checks
ccd9ec44: bets $96 and is all-in
835bf148: folds
fd6f7230: folds
Uncalled bet ($96) returned to ccd9ec44
*** SHOWDOWN ***
ccd9ec44 collected $6 from pot
*** SUMMARY ***
Total pot $6
Board [9d 8s Th]
Seat 7: 8bc9a315 folded before Flop (didn't bet)
Seat 4: 835bf148(small blind) folded on the Flop
Seat 3: 9be811a5 folded before Flop (didn't bet)
Seat 5: fd6f7230(big blind) folded on the Flop
Seat 1: ccd9ec44won ($6) with Tens-High Straight
Seat 6: 7b0d8ba8 folded before Flop (didn't bet)
Seat 2: Hero folded before Flop (didn't bet)



Poker Hand #ring_883536641: NLH No Limit ($1/$2) - 2025/05/18 00:36:10
Table 'MR NLH 1/2' 7-max Seat #2 is the button
Seat 7: 8bc9a315 ($220.13 in chips)
Seat 4: 835bf148 ($452.08 in chips)
Seat 3: 9be811a5 ($251.58 in chips)
Seat 5: fd6f7230 ($151.67 in chips)
Seat 1: ccd9ec44 ($98 in chips)
Seat 6: 7b0d8ba8 ($333.68 in chips)
Seat 2: Hero ($435.76 in chips)
9be811a5: posts small blind $1
835bf148: posts big blind $2
*** HOLE CARDS ***
Dealt to 8bc9a315 
Dealt to 835bf148 
Dealt to 9be811a5 
Dealt to fd6f7230 
Dealt to ccd9ec44 
Dealt to 7b0d8ba8 
Dealt to Hero [8h 6h]
fd6f7230: folds
7b0d8ba8: folds
8bc9a315: raises $6 to $8
ccd9ec44: folds
Hero: calls $8
9be811a5: calls $7
835bf148: folds
*** FLOP *** [3c 8d Jd]
9be811a5: bets $8.58
8bc9a315: calls $8.58
Hero: calls $8.58
*** TURN *** [3c 8d Jd] [Ks]
9be811a5: checks
8bc9a315: checks
Hero: checks
*** RIVER *** [3c 8d Jd Ks] [Kc]
9be811a5: checks
8bc9a315: checks
Hero: checks
Hero: shows [8h 6h]
9be811a5: shows [9c 9s]
8bc9a315: shows [7d 7c]
*** SHOWDOWN ***
9be811a5 collected $51.74 from pot
*** SUMMARY ***
Total pot $51.74
Board [3c 8d Jd Ks Kc]
Seat 7: 8bc9a315 showed [7d 7c] and lost with Pair of Kings and Pair of Sevens
Seat 4: 835bf148(big blind) folded before Flop
Seat 3: 9be811a5(small blind) showed [9c 9s] and won ($51.74) with Pair of Kings and Pair of Nines
Seat 5: fd6f7230 folded before Flop (didn't bet)
Seat 1: ccd9ec44 folded before Flop (didn't bet)
Seat 6: 7b0d8ba8 folded before Flop (didn't bet)
Seat 2: Hero showed [8h 6h] and lost with Pair of Kings and Pair of Eights



Poker Hand #ring_883535604: NLH No Limit ($1/$2) - 2025/05/18 00:35:34
Table 'MR NLH 1/2' 7-max Seat #1 is the button
Seat 7: 8bc9a315 ($220.13 in chips)
Seat 4: 835bf148 ($452.08 in chips)
Seat 3: 9be811a5 ($253.58 in chips)
Seat 5: fd6f7230 ($151.67 in chips)
Seat 1: ccd9ec44 ($100 in chips)
Seat 6: 7b0d8ba8 ($333.68 in chips)
Seat 2: Hero ($431.76 in chips)
Hero: posts small blind $1
9be811a5: posts big blind $2
ccd9ec44: posts big blind $2
*** HOLE CARDS ***
Dealt to 8bc9a315 
Dealt to 835bf148 
Dealt to 9be811a5 
Dealt to fd6f7230 
Dealt to ccd9ec44 
Dealt to 7b0d8ba8 
Dealt to Hero [9s Js]
835bf148: folds
fd6f7230: folds
7b0d8ba8: folds
8bc9a315: folds
ccd9ec44: checks
Hero: raises $4 to $6
9be811a5: folds
ccd9ec44: folds
Uncalled bet ($4) returned to Hero
*** SHOWDOWN ***
Hero collected $6 from pot
*** SUMMARY ***
Total pot $6
Seat 7: 8bc9a315 folded before Flop (didn't bet)
Seat 4: 835bf148 folded before Flop (didn't bet)
Seat 3: 9be811a5(big blind) folded before Flop
Seat 5: fd6f7230 folded before Flop (didn't bet)
Seat 1: ccd9ec44 folded before Flop
Seat 6: 7b0d8ba8 folded before Flop (didn't bet)
Seat 2: Hero(small blind)won ($6)



Poker Hand #ring_883534625: NLH No Limit ($1/$2) - 2025/05/18 00:35:01
Table 'MR NLH 1/2' 7-max Seat #7 is the button
Seat 7: 8bc9a315 ($220.13 in chips)
Seat 4: 835bf148 ($452.08 in chips)
Seat 3: 9be811a5 ($246.21 in chips)
Seat 5: fd6f7230 ($151.67 in chips)
Seat 6: 7b0d8ba8 ($339.68 in chips)
Seat 2: Hero ($433.76 in chips)
Hero: posts big blind $2
*** HOLE CARDS ***
Dealt to 8bc9a315 
Dealt to 835bf148 
Dealt to 9be811a5 
Dealt to fd6f7230 
Dealt to 7b0d8ba8 
Dealt to Hero [2h Ts]
9be811a5: raises $4 to $6
835bf148: folds
fd6f7230: folds
7b0d8ba8: calls $6
8bc9a315: folds
Hero: folds
*** FLOP *** [9d 8c Kc]
9be811a5: bets $7
7b0d8ba8: folds
Uncalled bet ($7) returned to 9be811a5
*** SHOWDOWN ***
9be811a5 collected $14 from pot
*** SUMMARY ***
Total pot $14
Board [9d 8c Kc]
Seat 7: 8bc9a315 folded before Flop (didn't bet)
Seat 4: 835bf148 folded before Flop (didn't bet)
Seat 3: 9be811a5won ($14) with Ace-High
Seat 5: fd6f7230 folded before Flop (didn't bet)
Seat 6: 7b0d8ba8 folded on the Flop
Seat 2: Hero(big blind) folded before Flop



Poker Hand #ring_883532995: NLH No Limit ($1/$2) - 2025/05/18 00:34:03
Table 'MR NLH 1/2' 7-max Seat #6 is the button
Seat 7: 8bc9a315 ($221.13 in chips)
Seat 4: 835bf148 ($452.08 in chips)
Seat 3: 9be811a5 ($246.21 in chips)
Seat 5: fd6f7230 ($151.67 in chips)
Seat 1: ccd9ec44 ($61.69 in chips)
Seat 6: 7b0d8ba8 ($283.08 in chips)
Seat 2: Hero ($433.76 in chips)
8bc9a315: posts small blind $1
ccd9ec44: posts big blind $2
*** HOLE CARDS ***
Dealt to 8bc9a315 
Dealt to 835bf148 
Dealt to 9be811a5 
Dealt to fd6f7230 
Dealt to ccd9ec44 
Dealt to 7b0d8ba8 
Dealt to Hero [8d 6c]
Hero: folds
9be811a5: folds
835bf148: folds
fd6f7230: folds
7b0d8ba8: raises $4 to $6
8bc9a315: folds
ccd9ec44: raises $6.5 to $12.5
7b0d8ba8: raises $23.4 to $35.9
ccd9ec44: calls $23.4
*** FLOP *** [Jd Ah Jc]
ccd9ec44: bets $25.79 and is all-in
7b0d8ba8: calls $25.79
ccd9ec44: shows [Qd Kd] (Pair of Jacks)
7b0d8ba8: shows [3d Ad] (Pair of Aces and Pair of Jacks)
*** TURN *** [Jd Ah Jc] [8s]
*** RIVER *** [Jd Ah Jc 8s] [7d]
*** SHOWDOWN ***
7b0d8ba8 collected $124.38 from pot
*** SUMMARY ***
Total pot $124.38
Board [Jd Ah Jc 8s 7d]
Seat 7: 8bc9a315(small blind) folded before Flop
Seat 4: 835bf148 folded before Flop (didn't bet)
Seat 3: 9be811a5 folded before Flop (didn't bet)
Seat 5: fd6f7230 folded before Flop (didn't bet)
Seat 1: ccd9ec44(big blind) showed [Qd Kd] and lost with Pair of Jacks
Seat 6: 7b0d8ba8 showed [3d Ad] and won ($124.38) with Pair of Aces and Pair of Jacks
Seat 2: Hero folded before Flop (didn't bet)



Poker Hand #ring_883531574: NLH No Limit ($1/$2) - 2025/05/18 00:33:14
Table 'MR NLH 1/2' 7-max Seat #5 is the button
Seat 7: 8bc9a315 ($218 in chips)
Seat 4: 835bf148 ($452.08 in chips)
Seat 3: 9be811a5 ($246.21 in chips)
Seat 5: fd6f7230 ($151.67 in chips)
Seat 1: ccd9ec44 ($69.69 in chips)
Seat 6: 7b0d8ba8 ($284.08 in chips)
Seat 2: Hero ($430.64 in chips)
7b0d8ba8: posts small blind $1
8bc9a315: posts big blind $2
*** HOLE CARDS ***
Dealt to 8bc9a315 
Dealt to 835bf148 
Dealt to 9be811a5 
Dealt to fd6f7230 
Dealt to ccd9ec44 
Dealt to 7b0d8ba8 
Dealt to Hero [Ad Qc]
ccd9ec44: calls $2
Hero: raises $6 to $8
9be811a5: folds
835bf148: folds
fd6f7230: folds
7b0d8ba8: folds
8bc9a315: calls $6
ccd9ec44: calls $6
*** FLOP *** [6c 5d 9c]
8bc9a315: bets $12.5
ccd9ec44: folds
Hero: calls $12.5
*** TURN *** [6c 5d 9c] [8h]
8bc9a315: checks
Hero: checks
*** RIVER *** [6c 5d 9c 8h] [7h]
8bc9a315: checks
Hero: checks
Hero: shows [Ad Qc]
8bc9a315: shows [9d Ks]
*** SHOWDOWN ***
Hero collected $25 from pot
8bc9a315 collected $25 from pot
*** SUMMARY ***
Total pot $50
Board [6c 5d 9c 8h 7h]
Seat 7: 8bc9a315(big blind) showed [9d Ks] and won ($25) with Nines-High Straight
Seat 4: 835bf148 folded before Flop (didn't bet)
Seat 3: 9be811a5 folded before Flop (didn't bet)
Seat 5: fd6f7230 folded before Flop (didn't bet)
Seat 1: ccd9ec44 folded on the Flop
Seat 6: 7b0d8ba8(small blind) folded before Flop
Seat 2: Hero showed [Ad Qc] and won ($25) with Nines-High Straight



Poker Hand #ring_883529700: NLH No Limit ($1/$2) - 2025/05/18 00:32:09
Table 'MR NLH 1/2' 7-max Seat #4 is the button
Seat 4: 835bf148 ($452.08 in chips)
Seat 3: 9be811a5 ($246.21 in chips)
Seat 5: fd6f7230 ($152.67 in chips)
Seat 1: ccd9ec44 ($66.61 in chips)
Seat 6: 7b0d8ba8 ($290.08 in chips)
Seat 2: Hero ($427.57 in chips)
fd6f7230: posts small blind $1
7b0d8ba8: posts big blind $2
*** HOLE CARDS ***
Dealt to 835bf148 
Dealt to 9be811a5 
Dealt to fd6f7230 
Dealt to ccd9ec44 
Dealt to 7b0d8ba8 
Dealt to Hero [Ad Ks]
ccd9ec44: calls $2
Hero: raises $4 to $6
9be811a5: folds
835bf148: folds
fd6f7230: folds
7b0d8ba8: calls $4
ccd9ec44: calls $4
*** FLOP *** [5h 5s 8h]
7b0d8ba8: checks
ccd9ec44: checks
Hero: checks
*** TURN *** [5h 5s 8h] [3c]
7b0d8ba8: checks
ccd9ec44: checks
Hero: checks
*** RIVER *** [5h 5s 8h 3c] [3h]
7b0d8ba8: checks
ccd9ec44: checks
Hero: checks
ccd9ec44: shows [Ac 2s]
Hero: shows [Ad Ks]
7b0d8ba8: shows [Qc 6c]
*** SHOWDOWN ***
ccd9ec44 collected $9.5 from pot
Hero collected $9.5 from pot
*** SUMMARY ***
Total pot $19
Board [5h 5s 8h 3c 3h]
Seat 4: 835bf148 folded before Flop (didn't bet)
Seat 3: 9be811a5 folded before Flop (didn't bet)
Seat 5: fd6f7230(small blind) folded before Flop
Seat 1: ccd9ec44 showed [Ac 2s] and won ($9.5) with Pair of Fives and Pair of Treys
Seat 6: 7b0d8ba8(big blind) showed [Qc 6c] and lost with Pair of Fives and Pair of Treys
Seat 2: Hero showed [Ad Ks] and won ($9.5) with Pair of Fives and Pair of Treys



Poker Hand #ring_883528792: NLH No Limit ($1/$2) - 2025/05/18 00:31:37
Table 'MR NLH 1/2' 7-max Seat #3 is the button
Seat 4: 835bf148 ($440.08 in chips)
Seat 3: 9be811a5 ($254.21 in chips)
Seat 5: fd6f7230 ($154.67 in chips)
Seat 1: ccd9ec44 ($68.61 in chips)
Seat 6: 7b0d8ba8 ($290.08 in chips)
Seat 2: Hero ($427.57 in chips)
835bf148: posts small blind $1
fd6f7230: posts big blind $2
*** HOLE CARDS ***
Dealt to 835bf148 
Dealt to 9be811a5 
Dealt to fd6f7230 
Dealt to ccd9ec44 
Dealt to 7b0d8ba8 
Dealt to Hero [9s 2c]
7b0d8ba8: folds
ccd9ec44: calls $2
Hero: folds
9be811a5: raises $6 to $8
835bf148: raises $24 to $32
fd6f7230: folds
ccd9ec44: folds
9be811a5: folds
Uncalled bet ($24) returned to 835bf148
*** SHOWDOWN ***
835bf148 collected $20 from pot
*** SUMMARY ***
Total pot $20
Seat 4: 835bf148(small blind)won ($20)
Seat 3: 9be811a5 folded before Flop
Seat 5: fd6f7230(big blind) folded before Flop
Seat 1: ccd9ec44 folded before Flop
Seat 6: 7b0d8ba8 folded before Flop (didn't bet)
Seat 2: Hero folded before Flop (didn't bet)



Poker Hand #ring_883526877: NLH No Limit ($1/$2) - 2025/05/18 00:30:29
Table 'MR NLH 1/2' 7-max Seat #2 is the button
Seat 4: 835bf148 ($400 in chips)
Seat 3: 9be811a5 ($264.21 in chips)
Seat 5: fd6f7230 ($154.67 in chips)
Seat 1: ccd9ec44 ($100.61 in chips)
Seat 6: 7b0d8ba8 ($290.08 in chips)
Seat 2: Hero ($429.57 in chips)
9be811a5: posts small blind $1
835bf148: posts big blind $2
*** HOLE CARDS ***
Dealt to 835bf148 
Dealt to 9be811a5 
Dealt to fd6f7230 
Dealt to ccd9ec44 
Dealt to 7b0d8ba8 
Dealt to Hero [Qh 3h]
fd6f7230: folds
7b0d8ba8: folds
ccd9ec44: calls $2
Hero: calls $2
9be811a5: calls $1
835bf148: raises $8 to $10
ccd9ec44: calls $8
Hero: folds
9be811a5: calls $8
*** FLOP *** [As 5d Js]
9be811a5: checks
835bf148: checks
ccd9ec44: checks
*** TURN *** [As 5d Js] [8h]
9be811a5: checks
835bf148: bets $22
ccd9ec44: calls $22
9be811a5: folds
*** RIVER *** [As 5d Js 8h] [3s]
835bf148: bets $22
ccd9ec44: folds
Uncalled bet ($22) returned to 835bf148
*** SHOWDOWN ***
835bf148 collected $76 from pot
*** SUMMARY ***
Total pot $76
Board [As 5d Js 8h 3s]
Seat 4: 835bf148(big blind)won ($76) with Ace-High
Seat 3: 9be811a5(small blind) folded on the Turn
Seat 5: fd6f7230 folded before Flop (didn't bet)
Seat 1: ccd9ec44 folded on the River
Seat 6: 7b0d8ba8 folded before Flop (didn't bet)
Seat 2: Hero folded before Flop



Poker Hand #ring_883525806: NLH No Limit ($1/$2) - 2025/05/18 00:29:52
Table 'MR NLH 1/2' 7-max Seat #1 is the button
Seat 4: 835bf148 ($400 in chips)
Seat 3: 9be811a5 ($266.21 in chips)
Seat 5: fd6f7230 ($154.67 in chips)
Seat 1: ccd9ec44 ($97.83 in chips)
Seat 6: 7b0d8ba8 ($290.08 in chips)
Seat 2: Hero ($430.57 in chips)
Hero: posts small blind $1
9be811a5: posts big blind $2
*** HOLE CARDS ***
Dealt to 835bf148 
Dealt to 9be811a5 
Dealt to fd6f7230 
Dealt to ccd9ec44 
Dealt to 7b0d8ba8 
Dealt to Hero [3s 9h]
835bf148: folds
fd6f7230: folds
7b0d8ba8: folds
ccd9ec44: calls $2
Hero: folds
9be811a5: checks
*** FLOP *** [Qd 9s 5s]
9be811a5: checks
ccd9ec44: checks
*** TURN *** [Qd 9s 5s] [Js]
9be811a5: checks
ccd9ec44: checks
*** RIVER *** [Qd 9s 5s Js] [Ah]
9be811a5: checks
ccd9ec44: checks
ccd9ec44: shows [3c Jc]
9be811a5: shows [8s 4h]
*** SHOWDOWN ***
ccd9ec44 collected $5 from pot
*** SUMMARY ***
Total pot $5
Board [Qd 9s 5s Js Ah]
Seat 4: 835bf148 folded before Flop (didn't bet)
Seat 3: 9be811a5(big blind) showed [8s 4h] and lost with Ace-High
Seat 5: fd6f7230 folded before Flop (didn't bet)
Seat 1: ccd9ec44 showed [3c Jc] and won ($5) with Pair of Jacks
Seat 6: 7b0d8ba8 folded before Flop (didn't bet)
Seat 2: Hero(small blind) folded before Flop



Poker Hand #ring_883523938: NLH No Limit ($1/$2) - 2025/05/18 00:28:44
Table 'MR NLH 1/2' 7-max Seat #6 is the button
Seat 4: 835bf148 ($399 in chips)
Seat 3: 9be811a5 ($266.21 in chips)
Seat 5: fd6f7230 ($154.67 in chips)
Seat 1: ccd9ec44 ($103.83 in chips)
Seat 6: 7b0d8ba8 ($290.08 in chips)
Seat 2: Hero ($393.49 in chips)
ccd9ec44: posts small blind $1
Hero: posts big blind $2
*** HOLE CARDS ***
Dealt to 835bf148 
Dealt to 9be811a5 
Dealt to fd6f7230 
Dealt to ccd9ec44 
Dealt to 7b0d8ba8 
Dealt to Hero [As Jc]
9be811a5: folds
835bf148: raises $4 to $6
fd6f7230: folds
7b0d8ba8: folds
ccd9ec44: calls $5
Hero: calls $4
*** FLOP *** [8c 8h 3s]
ccd9ec44: checks
Hero: bets $9
835bf148: calls $9
ccd9ec44: folds
*** TURN *** [8c 8h 3s] [5h]
Hero: checks
835bf148: bets $20
Hero: raises $55 to $75
835bf148: folds
Uncalled bet ($55) returned to Hero
*** SHOWDOWN ***
Hero collected $76 from pot
*** SUMMARY ***
Total pot $76
Board [8c 8h 3s 5h]
Seat 4: 835bf148 folded on the Turn
Seat 3: 9be811a5 folded before Flop (didn't bet)
Seat 5: fd6f7230 folded before Flop (didn't bet)
Seat 1: ccd9ec44(small blind) folded on the Flop
Seat 6: 7b0d8ba8 folded before Flop (didn't bet)
Seat 2: Hero(big blind)won ($76) with Pair of Eights



Poker Hand #ring_883523208: NLH No Limit ($1/$2) - 2025/05/18 00:28:19
Table 'MR NLH 1/2' 7-max Seat #5 is the button
Seat 4: 835bf148 ($399 in chips)
Seat 3: 9be811a5 ($266.21 in chips)
Seat 5: fd6f7230 ($154.67 in chips)
Seat 1: ccd9ec44 ($105.83 in chips)
Seat 6: 7b0d8ba8 ($288.08 in chips)
Seat 2: Hero ($393.49 in chips)
7b0d8ba8: posts small blind $1
ccd9ec44: posts big blind $2
*** HOLE CARDS ***
Dealt to 835bf148 
Dealt to 9be811a5 
Dealt to fd6f7230 
Dealt to ccd9ec44 
Dealt to 7b0d8ba8 
Dealt to Hero [7s 3d]
Hero: folds
9be811a5: folds
835bf148: folds
fd6f7230: folds
7b0d8ba8: raises $2 to $4
ccd9ec44: folds
Uncalled bet ($2) returned to 7b0d8ba8
*** SHOWDOWN ***
7b0d8ba8 collected $4 from pot
*** SUMMARY ***
Total pot $4
Seat 4: 835bf148 folded before Flop (didn't bet)
Seat 3: 9be811a5 folded before Flop (didn't bet)
Seat 5: fd6f7230 folded before Flop (didn't bet)
Seat 1: ccd9ec44(big blind) folded before Flop
Seat 6: 7b0d8ba8(small blind)won ($4)
Seat 2: Hero folded before Flop (didn't bet)



Poker Hand #ring_883521754: NLH No Limit ($1/$2) - 2025/05/18 00:27:26
Table 'MR NLH 1/2' 7-max Seat #4 is the button
Seat 4: 835bf148 ($399 in chips)
Seat 3: 9be811a5 ($266.21 in chips)
Seat 5: fd6f7230 ($161.17 in chips)
Seat 1: ccd9ec44 ($98 in chips)
Seat 6: 7b0d8ba8 ($290.08 in chips)
Seat 2: Hero ($393.49 in chips)
fd6f7230: posts small blind $1
7b0d8ba8: posts big blind $2
*** HOLE CARDS ***
Dealt to 835bf148 
Dealt to 9be811a5 
Dealt to fd6f7230 
Dealt to ccd9ec44 
Dealt to 7b0d8ba8 
Dealt to Hero [Qs 3h]
ccd9ec44: calls $2
Hero: folds
9be811a5: folds
835bf148: folds
fd6f7230: calls $1
7b0d8ba8: checks
*** FLOP *** [7c 2c 6s]
fd6f7230: checks
7b0d8ba8: checks
ccd9ec44: checks
*** TURN *** [7c 2c 6s] [Kc]
fd6f7230: bets $4.5
7b0d8ba8: folds
ccd9ec44: calls $4.5
*** RIVER *** [7c 2c 6s Kc] [6d]
fd6f7230: checks
ccd9ec44: checks
ccd9ec44: shows [Th Kd]
fd6f7230: shows [Ks 8c]
*** SHOWDOWN ***
ccd9ec44 collected $15 from pot
*** SUMMARY ***
Total pot $15
Board [7c 2c 6s Kc 6d]
Seat 4: 835bf148 folded before Flop (didn't bet)
Seat 3: 9be811a5 folded before Flop (didn't bet)
Seat 5: fd6f7230(small blind) showed [Ks 8c] and lost with Pair of Kings and Pair of Sixes
Seat 1: ccd9ec44 showed [Th Kd] and won ($15) with Pair of Kings and Pair of Sixes
Seat 6: 7b0d8ba8(big blind) folded on the Turn
Seat 2: Hero folded before Flop (didn't bet)



Poker Hand #ring_883521108: NLH No Limit ($1/$2) - 2025/05/18 00:27:03
Table 'MR NLH 1/2' 7-max Seat #3 is the button
Seat 4: 835bf148 ($400 in chips)
Seat 3: 9be811a5 ($266.21 in chips)
Seat 5: fd6f7230 ($163.17 in chips)
Seat 1: ccd9ec44 ($98 in chips)
Seat 6: 7b0d8ba8 ($290.08 in chips)
Seat 2: Hero ($390.49 in chips)
835bf148: posts small blind $1
fd6f7230: posts big blind $2
*** HOLE CARDS ***
Dealt to 835bf148 
Dealt to 9be811a5 
Dealt to fd6f7230 
Dealt to ccd9ec44 
Dealt to 7b0d8ba8 
Dealt to Hero [Kc Kh]
7b0d8ba8: folds
ccd9ec44: folds
Hero: raises $4 to $6
9be811a5: folds
835bf148: folds
fd6f7230: folds
Uncalled bet ($4) returned to Hero
*** SHOWDOWN ***
Hero collected $5 from pot
*** SUMMARY ***
Total pot $5
Seat 4: 835bf148(small blind) folded before Flop
Seat 3: 9be811a5 folded before Flop (didn't bet)
Seat 5: fd6f7230(big blind) folded before Flop
Seat 1: ccd9ec44 folded before Flop (didn't bet)
Seat 6: 7b0d8ba8 folded before Flop (didn't bet)
Seat 2: Herowon ($5)



Poker Hand #ring_883519026: NLH No Limit ($1/$2) - 2025/05/18 00:25:50
Table 'MR NLH 1/2' 7-max Seat #2 is the button
Seat 4: 835bf148 ($482.05 in chips)
Seat 3: 9be811a5 ($167.88 in chips)
Seat 5: fd6f7230 ($163.17 in chips)
Seat 1: ccd9ec44 ($100 in chips)
Seat 6: 7b0d8ba8 ($290.08 in chips)
Seat 2: Hero ($390.49 in chips)
9be811a5: posts small blind $1
835bf148: posts big blind $2
ccd9ec44: posts big blind $2
*** HOLE CARDS ***
Dealt to 835bf148 
Dealt to 9be811a5 
Dealt to fd6f7230 
Dealt to ccd9ec44 
Dealt to 7b0d8ba8 
Dealt to Hero [4c 8s]
fd6f7230: folds
7b0d8ba8: folds
ccd9ec44: checks
Hero: folds
9be811a5: raises $4 to $6
835bf148: raises $10 to $16
ccd9ec44: folds
9be811a5: calls $10
*** FLOP *** [2d As 4s]
9be811a5: checks
835bf148: bets $10
9be811a5: calls $10
*** TURN *** [2d As 4s] [Jd]
9be811a5: checks
835bf148: bets $16
9be811a5: calls $16
*** RIVER *** [2d As 4s Jd] [9s]
9be811a5: bets $64.5
835bf148: calls $64.5
9be811a5: shows [6s 7s]
835bf148: shows [Ah Kd]
*** SHOWDOWN ***
9be811a5 collected $215 from pot
*** SUMMARY ***
Total pot $215
Board [2d As 4s Jd 9s]
Seat 4: 835bf148(big blind) showed [Ah Kd] and lost with Pair of Aces
Seat 3: 9be811a5(small blind) showed [6s 7s] and won ($215) with Ace High Flush
Seat 5: fd6f7230 folded before Flop (didn't bet)
Seat 1: ccd9ec44 folded before Flop
Seat 6: 7b0d8ba8 folded before Flop (didn't bet)
Seat 2: Hero folded before Flop (didn't bet)



Poker Hand #ring_883517544: NLH No Limit ($1/$2) - 2025/05/18 00:24:58
Table 'MR NLH 1/2' 7-max Seat #6 is the button
Seat 4: 835bf148 ($482.05 in chips)
Seat 3: 9be811a5 ($174.88 in chips)
Seat 5: fd6f7230 ($150.61 in chips)
Seat 6: 7b0d8ba8 ($290.08 in chips)
Seat 2: Hero ($397.49 in chips)
Hero: posts small blind $1
9be811a5: posts big blind $2
*** HOLE CARDS ***
Dealt to 835bf148 
Dealt to 9be811a5 
Dealt to fd6f7230 
Dealt to 7b0d8ba8 
Dealt to Hero [4c 4d]
835bf148: folds
fd6f7230: raises $5 to $7
7b0d8ba8: folds
Hero: calls $6
9be811a5: calls $5
*** FLOP *** [8c 7d 8s]
Hero: checks
9be811a5: checks
fd6f7230: checks
*** TURN *** [8c 7d 8s] [9h]
Hero: checks
9be811a5: checks
fd6f7230: bets $15.75
Hero: folds
9be811a5: folds
Uncalled bet ($15.75) returned to fd6f7230
*** SHOWDOWN ***
fd6f7230 collected $21 from pot
*** SUMMARY ***
Total pot $21
Board [8c 7d 8s 9h]
Seat 4: 835bf148 folded before Flop (didn't bet)
Seat 3: 9be811a5(big blind) folded on the Turn
Seat 5: fd6f7230won ($21) with Pair of Nines and Pair of Eights
Seat 6: 7b0d8ba8 folded before Flop (didn't bet)
Seat 2: Hero(small blind) folded on the Turn



Poker Hand #ring_883516661: NLH No Limit ($1/$2) - 2025/05/18 00:24:27
Table 'MR NLH 1/2' 7-max Seat #5 is the button
Seat 4: 835bf148 ($482.05 in chips)
Seat 3: 9be811a5 ($171.88 in chips)
Seat 5: fd6f7230 ($150.61 in chips)
Seat 6: 7b0d8ba8 ($291.08 in chips)
Seat 2: Hero ($399.49 in chips)
7b0d8ba8: posts small blind $1
Hero: posts big blind $2
*** HOLE CARDS ***
Dealt to 835bf148 
Dealt to 9be811a5 
Dealt to fd6f7230 
Dealt to 7b0d8ba8 
Dealt to Hero [6c 5s]
9be811a5: raises $4 to $6
835bf148: folds
fd6f7230: folds
7b0d8ba8: folds
Hero: folds
Uncalled bet ($4) returned to 9be811a5
*** SHOWDOWN ***
9be811a5 collected $5 from pot
*** SUMMARY ***
Total pot $5
Seat 4: 835bf148 folded before Flop (didn't bet)
Seat 3: 9be811a5won ($5)
Seat 5: fd6f7230 folded before Flop (didn't bet)
Seat 6: 7b0d8ba8(small blind) folded before Flop
Seat 2: Hero(big blind) folded before Flop



Poker Hand #ring_883516104: NLH No Limit ($1/$2) - 2025/05/18 00:24:07
Table 'MR NLH 1/2' 7-max Seat #4 is the button
Seat 4: 835bf148 ($482.05 in chips)
Seat 3: 9be811a5 ($171.88 in chips)
Seat 5: fd6f7230 ($151.61 in chips)
Seat 6: 7b0d8ba8 ($290.08 in chips)
Seat 2: Hero ($399.49 in chips)
fd6f7230: posts small blind $1
7b0d8ba8: posts big blind $2
*** HOLE CARDS ***
Dealt to 835bf148 
Dealt to 9be811a5 
Dealt to fd6f7230 
Dealt to 7b0d8ba8 
Dealt to Hero [3h 9s]
Hero: folds
9be811a5: folds
835bf148: folds
fd6f7230: folds
*** SHOWDOWN ***
7b0d8ba8 collected $3 from pot
*** SUMMARY ***
Total pot $3
Seat 4: 835bf148 folded before Flop (didn't bet)
Seat 3: 9be811a5 folded before Flop (didn't bet)
Seat 5: fd6f7230(small blind) folded before Flop
Seat 6: 7b0d8ba8(big blind)won ($3)
Seat 2: Hero folded before Flop (didn't bet)



Poker Hand #ring_883515412: NLH No Limit ($1/$2) - 2025/05/18 00:23:42
Table 'MR NLH 1/2' 7-max Seat #3 is the button
Seat 4: 835bf148 ($483.05 in chips)
Seat 3: 9be811a5 ($171.88 in chips)
Seat 5: fd6f7230 ($153.61 in chips)
Seat 6: 7b0d8ba8 ($290.08 in chips)
Seat 2: Hero ($396.49 in chips)
835bf148: posts small blind $1
fd6f7230: posts big blind $2
*** HOLE CARDS ***
Dealt to 835bf148 
Dealt to 9be811a5 
Dealt to fd6f7230 
Dealt to 7b0d8ba8 
Dealt to Hero [Ad 5d]
7b0d8ba8: folds
Hero: raises $4 to $6
9be811a5: folds
835bf148: folds
fd6f7230: folds
Uncalled bet ($4) returned to Hero
*** SHOWDOWN ***
Hero collected $5 from pot
*** SUMMARY ***
Total pot $5
Seat 4: 835bf148(small blind) folded before Flop
Seat 3: 9be811a5 folded before Flop (didn't bet)
Seat 5: fd6f7230(big blind) folded before Flop
Seat 6: 7b0d8ba8 folded before Flop (didn't bet)
Seat 2: Herowon ($5)



Poker Hand #ring_883514896: NLH No Limit ($1/$2) - 2025/05/18 00:23:25
Table 'MR NLH 1/2' 7-max Seat #2 is the button
Seat 4: 835bf148 ($485.05 in chips)
Seat 3: 9be811a5 ($172.88 in chips)
Seat 5: fd6f7230 ($150.61 in chips)
Seat 6: 7b0d8ba8 ($290.08 in chips)
Seat 2: Hero ($396.49 in chips)
9be811a5: posts small blind $1
835bf148: posts big blind $2
*** HOLE CARDS ***
Dealt to 835bf148 
Dealt to 9be811a5 
Dealt to fd6f7230 
Dealt to 7b0d8ba8 
Dealt to Hero [5d 4s]
fd6f7230: raises $5 to $7
7b0d8ba8: folds
Hero: folds
9be811a5: folds
835bf148: folds
Uncalled bet ($5) returned to fd6f7230
*** SHOWDOWN ***
fd6f7230 collected $5 from pot
*** SUMMARY ***
Total pot $5
Seat 4: 835bf148(big blind) folded before Flop
Seat 3: 9be811a5(small blind) folded before Flop
Seat 5: fd6f7230won ($5)
Seat 6: 7b0d8ba8 folded before Flop (didn't bet)
Seat 2: Hero folded before Flop (didn't bet)



Poker Hand #ring_883511725: NLH No Limit ($1/$2) - 2025/05/18 00:21:33
Table 'MR NLH 1/2' 7-max Seat #6 is the button
Seat 4: 835bf148 ($485.05 in chips)
Seat 3: 9be811a5 ($202.68 in chips)
Seat 5: fd6f7230 ($150.61 in chips)
Seat 6: 7b0d8ba8 ($235 in chips)
Seat 2: Hero ($426.29 in chips)
Hero: posts small blind $1
9be811a5: posts big blind $2
*** HOLE CARDS ***
Dealt to 835bf148 
Dealt to 9be811a5 
Dealt to fd6f7230 
Dealt to 7b0d8ba8 
Dealt to Hero [Jh Ah]
835bf148: folds
fd6f7230: folds
7b0d8ba8: calls $2
Hero: raises $8 to $10
9be811a5: calls $8
7b0d8ba8: calls $8
*** FLOP *** [2h Qs Td]
Hero: checks
9be811a5: checks
7b0d8ba8: bets $19.8
Hero: calls $19.8
9be811a5: calls $19.8
*** TURN *** [2h Qs Td] [Tc]
Hero: checks
9be811a5: checks
7b0d8ba8: checks
*** RIVER *** [2h Qs Td Tc] [Qh]
Hero: checks
9be811a5: checks
7b0d8ba8: bets $59.01
Hero: folds
9be811a5: folds
Uncalled bet ($59.01) returned to 7b0d8ba8
*** SHOWDOWN ***
7b0d8ba8 collected $89.4 from pot
*** SUMMARY ***
Total pot $89.4
Board [2h Qs Td Tc Qh]
Seat 4: 835bf148 folded before Flop (didn't bet)
Seat 3: 9be811a5(big blind) folded on the River
Seat 5: fd6f7230 folded before Flop (didn't bet)
Seat 6: 7b0d8ba8won ($89.4) with Queens Full over Tens
Seat 2: Hero(small blind) folded on the River



Poker Hand #ring_883510029: NLH No Limit ($1/$2) - 2025/05/18 00:20:35
Table 'MR NLH 1/2' 7-max Seat #5 is the button
Seat 4: 835bf148 ($485.05 in chips)
Seat 3: 9be811a5 ($227.68 in chips)
Seat 5: fd6f7230 ($150.61 in chips)
Seat 6: 7b0d8ba8 ($188.87 in chips)
Seat 2: Hero ($451.29 in chips)
7b0d8ba8: posts small blind $1
Hero: posts big blind $2
*** HOLE CARDS ***
Dealt to 835bf148 
Dealt to 9be811a5 
Dealt to fd6f7230 
Dealt to 7b0d8ba8 
Dealt to Hero [Ah Ks]
9be811a5: calls $2
835bf148: folds
fd6f7230: folds
7b0d8ba8: calls $1
Hero: raises $8 to $10
9be811a5: calls $8
7b0d8ba8: calls $8
*** FLOP *** [5s 8c 7s]
7b0d8ba8: checks
Hero: bets $15
9be811a5: calls $15
7b0d8ba8: raises $49.5 to $64.5
Hero: folds
9be811a5: folds
Uncalled bet ($49.5) returned to 7b0d8ba8
7b0d8ba8: shows [2s]
*** SHOWDOWN ***
7b0d8ba8 collected $75 from pot
*** SUMMARY ***
Total pot $75
Board [5s 8c 7s]
Seat 4: 835bf148 folded before Flop (didn't bet)
Seat 3: 9be811a5 folded on the Flop
Seat 5: fd6f7230 folded before Flop (didn't bet)
Seat 6: 7b0d8ba8(small blind) showed [2s] and won ($75) with Eight-High
Seat 2: Hero(big blind) folded on the Flop



Poker Hand #ring_883509284: NLH No Limit ($1/$2) - 2025/05/18 00:20:09
Table 'MR NLH 1/2' 7-max Seat #4 is the button
Seat 4: 835bf148 ($485.05 in chips)
Seat 3: 9be811a5 ($227.68 in chips)
Seat 5: fd6f7230 ($151.61 in chips)
Seat 6: 7b0d8ba8 ($190.87 in chips)
Seat 2: Hero ($448.29 in chips)
fd6f7230: posts small blind $1
7b0d8ba8: posts big blind $2
*** HOLE CARDS ***
Dealt to 835bf148 
Dealt to 9be811a5 
Dealt to fd6f7230 
Dealt to 7b0d8ba8 
Dealt to Hero [Qd Jd]
Hero: raises $4 to $6
9be811a5: folds
835bf148: folds
fd6f7230: folds
7b0d8ba8: folds
Uncalled bet ($4) returned to Hero
*** SHOWDOWN ***
Hero collected $5 from pot
*** SUMMARY ***
Total pot $5
Seat 4: 835bf148 folded before Flop (didn't bet)
Seat 3: 9be811a5 folded before Flop (didn't bet)
Seat 5: fd6f7230(small blind) folded before Flop
Seat 6: 7b0d8ba8(big blind) folded before Flop
Seat 2: Herowon ($5)



Poker Hand #ring_883508654: NLH No Limit ($1/$2) - 2025/05/18 00:19:47
Table 'MR NLH 1/2' 7-max Seat #3 is the button
Seat 4: 835bf148 ($486.05 in chips)
Seat 3: 9be811a5 ($227.68 in chips)
Seat 5: fd6f7230 ($153.61 in chips)
Seat 6: 7b0d8ba8 ($187.87 in chips)
Seat 2: Hero ($448.29 in chips)
835bf148: posts small blind $1
fd6f7230: posts big blind $2
*** HOLE CARDS ***
Dealt to 835bf148 
Dealt to 9be811a5 
Dealt to fd6f7230 
Dealt to 7b0d8ba8 
Dealt to Hero [Th 4c]
7b0d8ba8: raises $4 to $6
Hero: folds
9be811a5: folds
835bf148: folds
fd6f7230: folds
Uncalled bet ($4) returned to 7b0d8ba8
*** SHOWDOWN ***
7b0d8ba8 collected $5 from pot
*** SUMMARY ***
Total pot $5
Seat 4: 835bf148(small blind) folded before Flop
Seat 3: 9be811a5 folded before Flop (didn't bet)
Seat 5: fd6f7230(big blind) folded before Flop
Seat 6: 7b0d8ba8won ($5)
Seat 2: Hero folded before Flop (didn't bet)



Poker Hand #ring_883508157: NLH No Limit ($1/$2) - 2025/05/18 00:19:30
Table 'MR NLH 1/2' 7-max Seat #2 is the button
Seat 4: 835bf148 ($485.05 in chips)
Seat 3: 9be811a5 ($228.68 in chips)
Seat 5: fd6f7230 ($153.61 in chips)
Seat 6: 7b0d8ba8 ($187.87 in chips)
Seat 2: Hero ($448.29 in chips)
9be811a5: posts small blind $1
835bf148: posts big blind $2
*** HOLE CARDS ***
Dealt to 835bf148 
Dealt to 9be811a5 
Dealt to fd6f7230 
Dealt to 7b0d8ba8 
Dealt to Hero [Jh 4c]
fd6f7230: folds
7b0d8ba8: folds
Hero: folds
9be811a5: folds
*** SHOWDOWN ***
835bf148 collected $3 from pot
*** SUMMARY ***
Total pot $3
Seat 4: 835bf148(big blind)won ($3)
Seat 3: 9be811a5(small blind) folded before Flop
Seat 5: fd6f7230 folded before Flop (didn't bet)
Seat 6: 7b0d8ba8 folded before Flop (didn't bet)
Seat 2: Hero folded before Flop (didn't bet)



Poker Hand #ring_883507619: NLH No Limit ($1/$2) - 2025/05/18 00:19:11
Table 'MR NLH 1/2' 7-max Seat #6 is the button
Seat 4: 835bf148 ($485.05 in chips)
Seat 3: 9be811a5 ($227.68 in chips)
Seat 5: fd6f7230 ($153.61 in chips)
Seat 6: 7b0d8ba8 ($187.87 in chips)
Seat 2: Hero ($449.29 in chips)
Hero: posts small blind $1
9be811a5: posts big blind $2
*** HOLE CARDS ***
Dealt to 835bf148 
Dealt to 9be811a5 
Dealt to fd6f7230 
Dealt to 7b0d8ba8 
Dealt to Hero [Jd 5h]
835bf148: folds
fd6f7230: folds
7b0d8ba8: folds
Hero: folds
*** SHOWDOWN ***
9be811a5 collected $3 from pot
*** SUMMARY ***
Total pot $3
Seat 4: 835bf148 folded before Flop (didn't bet)
Seat 3: 9be811a5(big blind)won ($3)
Seat 5: fd6f7230 folded before Flop (didn't bet)
Seat 6: 7b0d8ba8 folded before Flop (didn't bet)
Seat 2: Hero(small blind) folded before Flop



Poker Hand #ring_883506304: NLH No Limit ($1/$2) - 2025/05/18 00:18:25
Table 'MR NLH 1/2' 7-max Seat #5 is the button
Seat 4: 835bf148 ($485.05 in chips)
Seat 3: 9be811a5 ($233.68 in chips)
Seat 5: fd6f7230 ($169.11 in chips)
Seat 6: 7b0d8ba8 ($188.87 in chips)
Seat 2: Hero ($429 in chips)
7b0d8ba8: posts small blind $1
Hero: posts big blind $2
*** HOLE CARDS ***
Dealt to 835bf148 
Dealt to 9be811a5 
Dealt to fd6f7230 
Dealt to 7b0d8ba8 
Dealt to Hero [9h Js]
9be811a5: raises $4 to $6
835bf148: folds
fd6f7230: calls $6
7b0d8ba8: folds
Hero: calls $4
*** FLOP *** [9s Td 9d]
Hero: checks
9be811a5: checks
fd6f7230: bets $9.5
Hero: raises $30.4 to $39.9
9be811a5: folds
fd6f7230: folds
Uncalled bet ($30.4) returned to Hero
Hero: shows [Js]
*** SHOWDOWN ***
Hero collected $38 from pot
*** SUMMARY ***
Total pot $38
Board [9s Td 9d]
Seat 4: 835bf148 folded before Flop (didn't bet)
Seat 3: 9be811a5 folded on the Flop
Seat 5: fd6f7230 folded on the Flop
Seat 6: 7b0d8ba8(small blind) folded before Flop
Seat 2: Hero(big blind) showed [Js] and won ($38) with Three Nines



Poker Hand #ring_883505046: NLH No Limit ($1/$2) - 2025/05/18 00:17:43
Table 'MR NLH 1/2' 7-max Seat #4 is the button
Seat 4: 835bf148 ($485.05 in chips)
Seat 3: 9be811a5 ($233.68 in chips)
Seat 5: fd6f7230 ($170.11 in chips)
Seat 1: 14c40e8f ($152.32 in chips)
Seat 6: 7b0d8ba8 ($190.87 in chips)
Seat 2: Hero ($426 in chips)
fd6f7230: posts small blind $1
7b0d8ba8: posts big blind $2
*** HOLE CARDS ***
Dealt to 835bf148 
Dealt to 9be811a5 
Dealt to fd6f7230 
Dealt to 14c40e8f 
Dealt to 7b0d8ba8 
Dealt to Hero [Ac Qd]
14c40e8f: folds
Hero: raises $4 to $6
9be811a5: folds
835bf148: folds
fd6f7230: folds
7b0d8ba8: folds
Uncalled bet ($4) returned to Hero
*** SHOWDOWN ***
Hero collected $5 from pot
*** SUMMARY ***
Total pot $5
Seat 4: 835bf148 folded before Flop (didn't bet)
Seat 3: 9be811a5 folded before Flop (didn't bet)
Seat 5: fd6f7230(small blind) folded before Flop
Seat 1: 14c40e8f folded before Flop (didn't bet)
Seat 6: 7b0d8ba8(big blind) folded before Flop
Seat 2: Herowon ($5)



Poker Hand #ring_883503208: NLH No Limit ($1/$2) - 2025/05/18 00:16:39
Table 'MR NLH 1/2' 7-max Seat #3 is the button
Seat 4: 835bf148 ($486.05 in chips)
Seat 3: 9be811a5 ($233.68 in chips)
Seat 5: fd6f7230 ($172.11 in chips)
Seat 1: 14c40e8f ($188.32 in chips)
Seat 6: 7b0d8ba8 ($190.87 in chips)
Seat 2: Hero ($390.87 in chips)
835bf148: posts small blind $1
fd6f7230: posts big blind $2
*** HOLE CARDS ***
Dealt to 835bf148 
Dealt to 9be811a5 
Dealt to fd6f7230 
Dealt to 14c40e8f 
Dealt to 7b0d8ba8 
Dealt to Hero [2d 4d]
7b0d8ba8: folds
14c40e8f: raises $4 to $6
Hero: calls $6
9be811a5: folds
835bf148: folds
fd6f7230: folds
*** FLOP *** [3c 7c 4c]
14c40e8f: checks
Hero: checks
*** TURN *** [3c 7c 4c] [Ks]
14c40e8f: checks
Hero: checks
*** RIVER *** [3c 7c 4c Ks] [2s]
14c40e8f: bets $11.25
Hero: raises $18.75 to $30
14c40e8f: calls $18.75
14c40e8f: shows [Kh 9h]
Hero: shows [2d 4d]
*** SHOWDOWN ***
Hero collected $75 from pot
*** SUMMARY ***
Total pot $75
Board [3c 7c 4c Ks 2s]
Seat 4: 835bf148(small blind) folded before Flop
Seat 3: 9be811a5 folded before Flop (didn't bet)
Seat 5: fd6f7230(big blind) folded before Flop
Seat 1: 14c40e8f showed [Kh 9h] and lost with Pair of Kings
Seat 6: 7b0d8ba8 folded before Flop (didn't bet)
Seat 2: Hero showed [2d 4d] and won ($75) with Pair of Fours and Pair of Twos



Poker Hand #ring_883502546: NLH No Limit ($1/$2) - 2025/05/18 00:16:15
Table 'MR NLH 1/2' 7-max Seat #2 is the button
Seat 4: 835bf148 ($488.05 in chips)
Seat 3: 9be811a5 ($234.68 in chips)
Seat 5: fd6f7230 ($169.11 in chips)
Seat 1: 14c40e8f ($188.32 in chips)
Seat 6: 7b0d8ba8 ($190.87 in chips)
Seat 2: Hero ($390.87 in chips)
9be811a5: posts small blind $1
835bf148: posts big blind $2
*** HOLE CARDS ***
Dealt to 835bf148 
Dealt to 9be811a5 
Dealt to fd6f7230 
Dealt to 14c40e8f 
Dealt to 7b0d8ba8 
Dealt to Hero [9s Jd]
fd6f7230: raises $5 to $7
7b0d8ba8: folds
14c40e8f: folds
Hero: folds
9be811a5: folds
835bf148: folds
Uncalled bet ($5) returned to fd6f7230
*** SHOWDOWN ***
fd6f7230 collected $5 from pot
*** SUMMARY ***
Total pot $5
Seat 4: 835bf148(big blind) folded before Flop
Seat 3: 9be811a5(small blind) folded before Flop
Seat 5: fd6f7230won ($5)
Seat 1: 14c40e8f folded before Flop (didn't bet)
Seat 6: 7b0d8ba8 folded before Flop (didn't bet)
Seat 2: Hero folded before Flop (didn't bet)



Poker Hand #ring_883501028: NLH No Limit ($1/$2) - 2025/05/18 00:15:24
Table 'MR NLH 1/2' 7-max Seat #1 is the button
Seat 4: 835bf148 ($476.67 in chips)
Seat 3: 9be811a5 ($246.68 in chips)
Seat 5: fd6f7230 ($169.11 in chips)
Seat 1: 14c40e8f ($188.32 in chips)
Seat 6: 7b0d8ba8 ($190.87 in chips)
Seat 2: Hero ($391.87 in chips)
Hero: posts small blind $1
9be811a5: posts big blind $2
*** HOLE CARDS ***
Dealt to 835bf148 
Dealt to 9be811a5 
Dealt to fd6f7230 
Dealt to 14c40e8f 
Dealt to 7b0d8ba8 
Dealt to Hero [6h 2s]
835bf148: raises $4 to $6
fd6f7230: folds
7b0d8ba8: folds
14c40e8f: folds
Hero: folds
9be811a5: calls $4
*** FLOP *** [9d 5d Qc]
9be811a5: checks
835bf148: bets $6
9be811a5: calls $6
*** TURN *** [9d 5d Qc] [As]
9be811a5: checks
835bf148: bets $6
9be811a5: folds
Uncalled bet ($6) returned to 835bf148
*** SHOWDOWN ***
835bf148 collected $25 from pot
*** SUMMARY ***
Total pot $25
Board [9d 5d Qc As]
Seat 4: 835bf148won ($25) with Pair of Aces
Seat 3: 9be811a5(big blind) folded on the Turn
Seat 5: fd6f7230 folded before Flop (didn't bet)
Seat 1: 14c40e8f folded before Flop (didn't bet)
Seat 6: 7b0d8ba8 folded before Flop (didn't bet)
Seat 2: Hero(small blind) folded before Flop



Poker Hand #ring_883499874: NLH No Limit ($1/$2) - 2025/05/18 00:14:44
Table 'MR NLH 1/2' 7-max Seat #6 is the button
Seat 4: 835bf148 ($476.67 in chips)
Seat 3: 9be811a5 ($246.68 in chips)
Seat 5: fd6f7230 ($156.55 in chips)
Seat 1: 14c40e8f ($195.32 in chips)
Seat 6: 7b0d8ba8 ($190.87 in chips)
Seat 2: Hero ($398.87 in chips)
14c40e8f: posts small blind $1
Hero: posts big blind $2
*** HOLE CARDS ***
Dealt to 835bf148 
Dealt to 9be811a5 
Dealt to fd6f7230 
Dealt to 14c40e8f 
Dealt to 7b0d8ba8 
Dealt to Hero [6h Kc]
9be811a5: folds
835bf148: folds
fd6f7230: raises $5 to $7
7b0d8ba8: folds
14c40e8f: calls $6
Hero: calls $5
*** FLOP *** [2d 2c Ac]
14c40e8f: checks
Hero: checks
fd6f7230: bets $10.5
14c40e8f: folds
Hero: folds
Uncalled bet ($10.5) returned to fd6f7230
*** SHOWDOWN ***
fd6f7230 collected $21 from pot
*** SUMMARY ***
Total pot $21
Board [2d 2c Ac]
Seat 4: 835bf148 folded before Flop (didn't bet)
Seat 3: 9be811a5 folded before Flop (didn't bet)
Seat 5: fd6f7230won ($21) with Pair of Aces and Pair of Twos
Seat 1: 14c40e8f(small blind) folded on the Flop
Seat 6: 7b0d8ba8 folded before Flop (didn't bet)
Seat 2: Hero(big blind) folded on the Flop



Poker Hand #ring_883498033: NLH No Limit ($1/$2) - 2025/05/18 00:13:40
Table 'MR NLH 1/2' 7-max Seat #5 is the button
Seat 4: 835bf148 ($476.67 in chips)
Seat 3: 9be811a5 ($246.68 in chips)
Seat 5: fd6f7230 ($156.55 in chips)
Seat 1: 14c40e8f ($207.82 in chips)
Seat 6: 7b0d8ba8 ($191.87 in chips)
Seat 2: Hero ($387.04 in chips)
7b0d8ba8: posts small blind $1
14c40e8f: posts big blind $2
*** HOLE CARDS ***
Dealt to 835bf148 
Dealt to 9be811a5 
Dealt to fd6f7230 
Dealt to 14c40e8f 
Dealt to 7b0d8ba8 
Dealt to Hero [Jc Js]
Hero: raises $4 to $6
9be811a5: folds
835bf148: folds
fd6f7230: folds
7b0d8ba8: folds
14c40e8f: calls $4
*** FLOP *** [Qs 9d 5h]
14c40e8f: checks
Hero: bets $6.5
14c40e8f: calls $6.5
*** TURN *** [Qs 9d 5h] [Kh]
14c40e8f: checks
Hero: checks
*** RIVER *** [Qs 9d 5h Kh] [2s]
14c40e8f: checks
Hero: bets $13
14c40e8f: folds
Uncalled bet ($13) returned to Hero
*** SHOWDOWN ***
Hero collected $26 from pot
*** SUMMARY ***
Total pot $26
Board [Qs 9d 5h Kh 2s]
Seat 4: 835bf148 folded before Flop (didn't bet)
Seat 3: 9be811a5 folded before Flop (didn't bet)
Seat 5: fd6f7230 folded before Flop (didn't bet)
Seat 1: 14c40e8f(big blind) folded on the River
Seat 6: 7b0d8ba8(small blind) folded before Flop
Seat 2: Herowon ($26) with Pair of Jacks



Poker Hand #ring_883496747: NLH No Limit ($1/$2) - 2025/05/18 00:12:55
Table 'MR NLH 1/2' 7-max Seat #4 is the button
Seat 4: 835bf148 ($476.67 in chips)
Seat 3: 9be811a5 ($246.68 in chips)
Seat 5: fd6f7230 ($157.55 in chips)
Seat 1: 14c40e8f ($198 in chips)
Seat 6: 7b0d8ba8 ($202.16 in chips)
Seat 2: Hero ($387.04 in chips)
fd6f7230: posts small blind $1
7b0d8ba8: posts big blind $2
*** HOLE CARDS ***
Dealt to 835bf148 
Dealt to 9be811a5 
Dealt to fd6f7230 
Dealt to 14c40e8f 
Dealt to 7b0d8ba8 
Dealt to Hero [6s Ac]
14c40e8f: raises $4 to $6
Hero: folds
9be811a5: folds
835bf148: folds
fd6f7230: folds
7b0d8ba8: calls $4
*** FLOP *** [Th Qs Jd]
7b0d8ba8: checks
14c40e8f: checks
*** TURN *** [Th Qs Jd] [5d]
7b0d8ba8: checks
14c40e8f: checks
*** RIVER *** [Th Qs Jd 5d] [5c]
7b0d8ba8: bets $4.29
14c40e8f: calls $4.29
14c40e8f: shows [Jc 7c]
7b0d8ba8: shows [6c 8s]
*** SHOWDOWN ***
14c40e8f collected $21.58 from pot
*** SUMMARY ***
Total pot $21.58
Board [Th Qs Jd 5d 5c]
Seat 4: 835bf148 folded before Flop (didn't bet)
Seat 3: 9be811a5 folded before Flop (didn't bet)
Seat 5: fd6f7230(small blind) folded before Flop
Seat 1: 14c40e8f showed [Jc 7c] and won ($21.58) with Pair of Jacks and Pair of Fives
Seat 6: 7b0d8ba8(big blind) showed [6c 8s] and lost with Pair of Fives
Seat 2: Hero folded before Flop (didn't bet)



Poker Hand #ring_883495027: NLH No Limit ($1/$2) - 2025/05/18 00:11:54
Table 'MR NLH 1/2' 7-max Seat #3 is the button
Seat 4: 835bf148 ($473.03 in chips)
Seat 3: 9be811a5 ($246.68 in chips)
Seat 5: fd6f7230 ($161.55 in chips)
Seat 1: 14c40e8f ($198 in chips)
Seat 6: 7b0d8ba8 ($202.16 in chips)
Seat 2: Hero ($387.04 in chips)
835bf148: posts small blind $1
fd6f7230: posts big blind $2
*** HOLE CARDS ***
Dealt to 835bf148 
Dealt to 9be811a5 
Dealt to fd6f7230 
Dealt to 14c40e8f 
Dealt to 7b0d8ba8 
Dealt to Hero [Kh 6s]
7b0d8ba8: folds
14c40e8f: folds
Hero: folds
9be811a5: folds
835bf148: raises $2 to $4
fd6f7230: calls $2
*** FLOP *** [4d 5h 2h]
835bf148: checks
fd6f7230: checks
*** TURN *** [4d 5h 2h] [Td]
835bf148: checks
fd6f7230: checks
*** RIVER *** [4d 5h 2h Td] [Kd]
835bf148: checks
fd6f7230: checks
835bf148: shows [7s Ad]
fd6f7230: shows [8c Jh]
*** SHOWDOWN ***
835bf148 collected $8 from pot
*** SUMMARY ***
Total pot $8
Board [4d 5h 2h Td Kd]
Seat 4: 835bf148(small blind) showed [7s Ad] and won ($8) with Ace-High
Seat 3: 9be811a5 folded before Flop (didn't bet)
Seat 5: fd6f7230(big blind) showed [8c Jh] and lost with King-High
Seat 1: 14c40e8f folded before Flop (didn't bet)
Seat 6: 7b0d8ba8 folded before Flop (didn't bet)
Seat 2: Hero folded before Flop (didn't bet)



Poker Hand #ring_883492635: NLH No Limit ($1/$2) - 2025/05/18 00:10:29
Table 'MR NLH 1/2' 7-max Seat #2 is the button
Seat 4: 835bf148 ($451.42 in chips)
Seat 3: 9be811a5 ($252.68 in chips)
Seat 5: fd6f7230 ($161.55 in chips)
Seat 1: 14c40e8f ($198 in chips)
Seat 6: 7b0d8ba8 ($202.16 in chips)
Seat 2: Hero ($405.04 in chips)
9be811a5: posts small blind $1
835bf148: posts big blind $2
*** HOLE CARDS ***
Dealt to 835bf148 
Dealt to 9be811a5 
Dealt to fd6f7230 
Dealt to 14c40e8f 
Dealt to 7b0d8ba8 
Dealt to Hero [Ah 8h]
fd6f7230: folds
7b0d8ba8: folds
14c40e8f: folds
Hero: raises $4 to $6
9be811a5: calls $5
835bf148: calls $4
*** FLOP *** [As 9s Ts]
9be811a5: checks
835bf148: checks
Hero: checks
*** TURN *** [As 9s Ts] [2d]
9be811a5: checks
835bf148: bets $12
Hero: calls $12
9be811a5: folds
*** RIVER *** [As 9s Ts 2d] [Jd]
835bf148: bets $60
Hero: folds
Uncalled bet ($60) returned to 835bf148
*** SHOWDOWN ***
835bf148 collected $42 from pot
*** SUMMARY ***
Total pot $42
Board [As 9s Ts 2d Jd]
Seat 4: 835bf148(big blind)won ($42) with Pair of Nines
Seat 3: 9be811a5(small blind) folded on the Turn
Seat 5: fd6f7230 folded before Flop (didn't bet)
Seat 1: 14c40e8f folded before Flop (didn't bet)
Seat 6: 7b0d8ba8 folded before Flop (didn't bet)
Seat 2: Hero folded on the River



Poker Hand #ring_883492109: NLH No Limit ($1/$2) - 2025/05/18 00:10:11
Table 'MR NLH 1/2' 7-max Seat #1 is the button
Seat 4: 835bf148 ($451.42 in chips)
Seat 3: 9be811a5 ($251.68 in chips)
Seat 5: fd6f7230 ($161.55 in chips)
Seat 1: 14c40e8f ($198 in chips)
Seat 6: 7b0d8ba8 ($202.16 in chips)
Seat 2: Hero ($406.04 in chips)
Hero: posts small blind $1
9be811a5: posts big blind $2
*** HOLE CARDS ***
Dealt to 835bf148 
Dealt to 9be811a5 
Dealt to fd6f7230 
Dealt to 14c40e8f 
Dealt to 7b0d8ba8 
Dealt to Hero [Tc 2h]
835bf148: folds
fd6f7230: folds
7b0d8ba8: folds
14c40e8f: folds
Hero: folds
*** SHOWDOWN ***
9be811a5 collected $3 from pot
*** SUMMARY ***
Total pot $3
Seat 4: 835bf148 folded before Flop (didn't bet)
Seat 3: 9be811a5(big blind)won ($3)
Seat 5: fd6f7230 folded before Flop (didn't bet)
Seat 1: 14c40e8f folded before Flop (didn't bet)
Seat 6: 7b0d8ba8 folded before Flop (didn't bet)
Seat 2: Hero(small blind) folded before Flop



Poker Hand #ring_883490761: NLH No Limit ($1/$2) - 2025/05/18 00:09:23
Table 'MR NLH 1/2' 7-max Seat #6 is the button
Seat 4: 835bf148 ($451.42 in chips)
Seat 3: 9be811a5 ($251.68 in chips)
Seat 5: fd6f7230 ($179.8 in chips)
Seat 1: 14c40e8f ($199 in chips)
Seat 6: 7b0d8ba8 ($202.16 in chips)
Seat 2: Hero ($388.97 in chips)
14c40e8f: posts small blind $1
Hero: posts big blind $2
*** HOLE CARDS ***
Dealt to 835bf148 
Dealt to 9be811a5 
Dealt to fd6f7230 
Dealt to 14c40e8f 
Dealt to 7b0d8ba8 
Dealt to Hero [3s 3h]
9be811a5: folds
835bf148: folds
fd6f7230: raises $5 to $7
7b0d8ba8: folds
14c40e8f: folds
Hero: calls $5
*** FLOP *** [6h 4d 3c]
Hero: checks
fd6f7230: bets $11.25
Hero: raises $30 to $41.25
fd6f7230: folds
Uncalled bet ($30) returned to Hero
*** SHOWDOWN ***
Hero collected $37.5 from pot
*** SUMMARY ***
Total pot $37.5
Board [6h 4d 3c]
Seat 4: 835bf148 folded before Flop (didn't bet)
Seat 3: 9be811a5 folded before Flop (didn't bet)
Seat 5: fd6f7230 folded on the Flop
Seat 1: 14c40e8f(small blind) folded before Flop
Seat 6: 7b0d8ba8 folded before Flop (didn't bet)
Seat 2: Hero(big blind)won ($37.5) with Three Treys



Poker Hand #ring_883490178: NLH No Limit ($1/$2) - 2025/05/18 00:09:02
Table 'MR NLH 1/2' 7-max Seat #5 is the button
Seat 4: 835bf148 ($451.42 in chips)
Seat 3: 9be811a5 ($251.68 in chips)
Seat 5: fd6f7230 ($179.8 in chips)
Seat 1: 14c40e8f ($198 in chips)
Seat 6: 7b0d8ba8 ($203.16 in chips)
Seat 2: Hero ($388.97 in chips)
7b0d8ba8: posts small blind $1
14c40e8f: posts big blind $2
*** HOLE CARDS ***
Dealt to 835bf148 
Dealt to 9be811a5 
Dealt to fd6f7230 
Dealt to 14c40e8f 
Dealt to 7b0d8ba8 
Dealt to Hero [2h 6s]
Hero: folds
9be811a5: folds
835bf148: folds
fd6f7230: folds
7b0d8ba8: folds
*** SHOWDOWN ***
14c40e8f collected $3 from pot
*** SUMMARY ***
Total pot $3
Seat 4: 835bf148 folded before Flop (didn't bet)
Seat 3: 9be811a5 folded before Flop (didn't bet)
Seat 5: fd6f7230 folded before Flop (didn't bet)
Seat 1: 14c40e8f(big blind)won ($3)
Seat 6: 7b0d8ba8(small blind) folded before Flop
Seat 2: Hero folded before Flop (didn't bet)



Poker Hand #ring_883488411: NLH No Limit ($1/$2) - 2025/05/18 00:08:00
Table 'MR NLH 1/2' 7-max Seat #4 is the button
Seat 4: 835bf148 ($451.42 in chips)
Seat 3: 9be811a5 ($257.68 in chips)
Seat 5: fd6f7230 ($199 in chips)
Seat 1: 14c40e8f ($200 in chips)
Seat 6: 7b0d8ba8 ($178.54 in chips)
Seat 2: Hero ($388.97 in chips)
fd6f7230: posts small blind $1
7b0d8ba8: posts big blind $2
14c40e8f: posts big blind $2
*** HOLE CARDS ***
Dealt to 835bf148 
Dealt to 9be811a5 
Dealt to fd6f7230 
Dealt to 14c40e8f 
Dealt to 7b0d8ba8 
Dealt to Hero [8s 3h]
14c40e8f: checks
Hero: folds
9be811a5: calls $2
835bf148: folds
fd6f7230: calls $1
7b0d8ba8: raises $4 to $6
14c40e8f: folds
9be811a5: calls $4
fd6f7230: calls $4
*** FLOP *** [2d Jc Td]
fd6f7230: checks
7b0d8ba8: checks
9be811a5: checks
*** TURN *** [2d Jc Td] [Kc]
fd6f7230: checks
7b0d8ba8: bets $13.2
9be811a5: folds
fd6f7230: calls $13.2
*** RIVER *** [2d Jc Td Kc] [Ad]
fd6f7230: checks
7b0d8ba8: checks
fd6f7230: shows [Kh 9h]
7b0d8ba8: shows [9c Ac]
*** SHOWDOWN ***
7b0d8ba8 collected $46.4 from pot
*** SUMMARY ***
Total pot $46.4
Board [2d Jc Td Kc Ad]
Seat 4: 835bf148 folded before Flop (didn't bet)
Seat 3: 9be811a5 folded on the Turn
Seat 5: fd6f7230(small blind) showed [Kh 9h] and lost with Pair of Kings
Seat 1: 14c40e8f folded before Flop
Seat 6: 7b0d8ba8(big blind) showed [9c Ac] and won ($46.4) with Pair of Aces
Seat 2: Hero folded before Flop (didn't bet)



Poker Hand #ring_883487838: NLH No Limit ($1/$2) - 2025/05/18 00:07:40
Table 'MR NLH 1/2' 7-max Seat #0 is the button
Seat 4: 835bf148 ($449.42 in chips)
Seat 5: fd6f7230 ($201 in chips)
Seat 6: 7b0d8ba8 ($178.54 in chips)
Seat 2: Hero ($388.97 in chips)
835bf148: posts small blind $1
fd6f7230: posts big blind $2
*** HOLE CARDS ***
Dealt to 835bf148 
Dealt to fd6f7230 
Dealt to 7b0d8ba8 
Dealt to Hero [7c 3h]
7b0d8ba8: folds
Hero: folds
835bf148: raises $2 to $4
fd6f7230: folds
Uncalled bet ($2) returned to 835bf148
*** SHOWDOWN ***
835bf148 collected $4 from pot
*** SUMMARY ***
Total pot $4
Seat 4: 835bf148(small blind)won ($4)
Seat 5: fd6f7230(big blind) folded before Flop
Seat 6: 7b0d8ba8 folded before Flop (didn't bet)
Seat 2: Hero folded before Flop (didn't bet)



Poker Hand #ring_883486918: NLH No Limit ($1/$2) - 2025/05/18 00:07:06
Table 'MR NLH 1/2' 7-max Seat #2 is the button
Seat 4: 835bf148 ($451.42 in chips)
Seat 3: 9be811a5 ($258.68 in chips)
Seat 5: fd6f7230 ($198 in chips)
Seat 6: 7b0d8ba8 ($178.54 in chips)
Seat 2: Hero ($388.97 in chips)
9be811a5: posts small blind $1
835bf148: posts big blind $2
*** HOLE CARDS ***
Dealt to 835bf148 
Dealt to 9be811a5 
Dealt to fd6f7230 
Dealt to 7b0d8ba8 
Dealt to Hero [Kd 8h]
fd6f7230: raises $5 to $7
7b0d8ba8: folds
Hero: folds
9be811a5: folds
835bf148: folds
Uncalled bet ($5) returned to fd6f7230
*** SHOWDOWN ***
fd6f7230 collected $5 from pot
*** SUMMARY ***
Total pot $5
Seat 4: 835bf148(big blind) folded before Flop
Seat 3: 9be811a5(small blind) folded before Flop
Seat 5: fd6f7230won ($5)
Seat 6: 7b0d8ba8 folded before Flop (didn't bet)
Seat 2: Hero folded before Flop (didn't bet)



Poker Hand #ring_883484112: NLH No Limit ($1/$2) - 2025/05/18 00:05:28
Table 'MR NLH 1/2' 7-max Seat #7 is the button
Seat 4: 835bf148 ($473.42 in chips)
Seat 3: 9be811a5 ($264.68 in chips)
Seat 5: fd6f7230 ($200 in chips)
Seat 6: 7b0d8ba8 ($178.54 in chips)
Seat 2: Hero ($209.45 in chips)
Seat 7: 22edd203 ($166.34 in chips)
Hero: posts small blind $1
9be811a5: posts big blind $2
fd6f7230: posts big blind $2
*** HOLE CARDS ***
Dealt to 835bf148 
Dealt to 9be811a5 
Dealt to fd6f7230 
Dealt to 7b0d8ba8 
Dealt to Hero [Jh Qs]
Dealt to 22edd203 
835bf148: raises $4 to $6
fd6f7230: folds
7b0d8ba8: folds
22edd203: calls $6
Hero: calls $5
9be811a5: calls $4
*** FIRST FLOP *** [6d 9s Qc]
Hero: checks
9be811a5: checks
835bf148: bets $16
22edd203: calls $16
Hero: calls $16
9be811a5: folds
*** FIRST TURN *** [6d 9s Qc] [Ts]
Hero: checks
835bf148: checks
22edd203: bets $55.5
Hero: raises $97.54 to $153.04
835bf148: folds
22edd203: calls $88.84 and is all-in
Uncalled bet ($8.7) returned to Hero
Hero: shows [Jh Qs]
22edd203: shows [Td 9d]
*** FIRST RIVER *** [6d 9s Qc Ts] [Kc]
*** SECOND RIVER *** [6d 9s Qc Ts] [Ks]
7b0d8ba8: shows [8d]
*** FIRST SHOWDOWN ***
Hero collected $181.59 from pot
*** SECOND SHOWDOWN ***
Hero collected $181.09 from pot
*** SUMMARY ***
Total pot $362.68
Hand was run two timesFIRST Board [6d 9s Qc Ts Kc]
SECOND Board [Ks]
Seat 4: 835bf148 folded on the Turn
Seat 3: 9be811a5(big blind) folded on the Flop
Seat 5: fd6f7230 folded before Flop
Seat 6: 7b0d8ba8 folded before Flop (didn't bet)
Seat 2: Hero(small blind) showed [Jh Qs] and won ($362.68) with Kings-High Straight / Kings-High Straight
Seat 7: 22edd203 showed [Td 9d] and lost with Pair of Tens and Pair of Nines / Pair of Tens and Pair of Nines



Poker Hand #ring_883482625: NLH No Limit ($1/$2) - 2025/05/18 00:04:36
Table 'MR NLH 1/2' 7-max Seat #6 is the button
Seat 4: 835bf148 ($473.42 in chips)
Seat 3: 9be811a5 ($264.68 in chips)
Seat 6: 7b0d8ba8 ($191.04 in chips)
Seat 2: Hero ($197.62 in chips)
Seat 7: 22edd203 ($167.34 in chips)
22edd203: posts small blind $1
Hero: posts big blind $2
*** HOLE CARDS ***
Dealt to 835bf148 
Dealt to 9be811a5 
Dealt to 7b0d8ba8 
Dealt to Hero [9d 7h]
Dealt to 22edd203 
9be811a5: folds
835bf148: folds
7b0d8ba8: raises $4 to $6
22edd203: folds
Hero: calls $4
*** FLOP *** [3c 7d 2d]
Hero: checks
7b0d8ba8: checks
*** TURN *** [3c 7d 2d] [Js]
Hero: checks
7b0d8ba8: checks
*** RIVER *** [3c 7d 2d Js] [8s]
Hero: bets $6.5
7b0d8ba8: calls $6.5
Hero: shows [9d 7h]
7b0d8ba8: shows [Ah Kd]
*** SHOWDOWN ***
Hero collected $26 from pot
*** SUMMARY ***
Total pot $26
Board [3c 7d 2d Js 8s]
Seat 4: 835bf148 folded before Flop (didn't bet)
Seat 3: 9be811a5 folded before Flop (didn't bet)
Seat 6: 7b0d8ba8 showed [Ah Kd] and lost with Ace-High
Seat 2: Hero(big blind) showed [9d 7h] and won ($26) with Pair of Sevens
Seat 7: 22edd203(small blind) folded before Flop



Poker Hand #ring_883482080: NLH No Limit ($1/$2) - 2025/05/18 00:04:17
Table 'MR NLH 1/2' 7-max Seat #4 is the button
Seat 4: 835bf148 ($473.42 in chips)
Seat 3: 9be811a5 ($264.68 in chips)
Seat 6: 7b0d8ba8 ($192.04 in chips)
Seat 2: Hero ($197.62 in chips)
Seat 7: 22edd203 ($166.34 in chips)
7b0d8ba8: posts small blind $1
22edd203: posts big blind $2
*** HOLE CARDS ***
Dealt to 835bf148 
Dealt to 9be811a5 
Dealt to 7b0d8ba8 
Dealt to Hero [9s 2h]
Dealt to 22edd203 
Hero: folds
9be811a5: folds
835bf148: folds
7b0d8ba8: folds
*** SHOWDOWN ***
22edd203 collected $3 from pot
*** SUMMARY ***
Total pot $3
Seat 4: 835bf148 folded before Flop (didn't bet)
Seat 3: 9be811a5 folded before Flop (didn't bet)
Seat 6: 7b0d8ba8(small blind) folded before Flop
Seat 2: Hero folded before Flop (didn't bet)
Seat 7: 22edd203(big blind)won ($3)



Poker Hand #ring_883480844: NLH No Limit ($1/$2) - 2025/05/18 00:03:34
Table 'MR NLH 1/2' 7-max Seat #3 is the button
Seat 4: 835bf148 ($474.42 in chips)
Seat 3: 9be811a5 ($243.2 in chips)
Seat 6: 7b0d8ba8 ($194.04 in chips)
Seat 2: Hero ($197.62 in chips)
Seat 7: 22edd203 ($187.34 in chips)
835bf148: posts small blind $1
7b0d8ba8: posts big blind $2
*** HOLE CARDS ***
Dealt to 835bf148 
Dealt to 9be811a5 
Dealt to 7b0d8ba8 
Dealt to Hero [5c 2s]
Dealt to 22edd203 
22edd203: raises $4 to $6
Hero: folds
9be811a5: raises $15 to $21
835bf148: folds
7b0d8ba8: folds
22edd203: calls $15
*** FLOP *** [3d 2h Th]
22edd203: checks
9be811a5: bets $45
22edd203: folds
Uncalled bet ($45) returned to 9be811a5
*** SHOWDOWN ***
9be811a5 collected $45 from pot
*** SUMMARY ***
Total pot $45
Board [3d 2h Th]
Seat 4: 835bf148(small blind) folded before Flop
Seat 3: 9be811a5won ($45) with Pair of Jacks
Seat 6: 7b0d8ba8(big blind) folded before Flop
Seat 2: Hero folded before Flop (didn't bet)
Seat 7: 22edd203 folded on the Flop



Poker Hand #ring_883479495: NLH No Limit ($1/$2) - 2025/05/18 00:02:47
Table 'MR NLH 1/2' 7-max Seat #2 is the button
Seat 4: 835bf148 ($498.42 in chips)
Seat 3: 9be811a5 ($216.13 in chips)
Seat 6: 7b0d8ba8 ($194.04 in chips)
Seat 2: Hero ($203.62 in chips)
Seat 7: 22edd203 ($187.34 in chips)
9be811a5: posts small blind $1
835bf148: posts big blind $2
*** HOLE CARDS ***
Dealt to 835bf148 
Dealt to 9be811a5 
Dealt to 7b0d8ba8 
Dealt to Hero [Jc As]
Dealt to 22edd203 
7b0d8ba8: folds
22edd203: folds
Hero: raises $4 to $6
9be811a5: calls $5
835bf148: calls $4
*** FLOP *** [4c 7d 5d]
9be811a5: bets $18
835bf148: calls $18
Hero: folds
*** TURN *** [4c 7d 5d] [3s]
9be811a5: bets $54
835bf148: folds
Uncalled bet ($54) returned to 9be811a5
*** SHOWDOWN ***
9be811a5 collected $54 from pot
*** SUMMARY ***
Total pot $54
Board [4c 7d 5d 3s]
Seat 4: 835bf148(big blind) folded on the Turn
Seat 3: 9be811a5(small blind)won ($54) with Sevens-High Straight
Seat 6: 7b0d8ba8 folded before Flop (didn't bet)
Seat 2: Hero folded on the Flop
Seat 7: 22edd203 folded before Flop (didn't bet)



Poker Hand #ring_883478669: NLH No Limit ($1/$2) - 2025/05/18 00:02:20
Table 'MR NLH 1/2' 7-max Seat #7 is the button
Seat 4: 835bf148 ($498.42 in chips)
Seat 3: 9be811a5 ($214.13 in chips)
Seat 6: 7b0d8ba8 ($194.04 in chips)
Seat 2: Hero ($205.62 in chips)
Seat 7: 22edd203 ($187.34 in chips)
Hero: posts small blind $1
9be811a5: posts big blind $2
*** HOLE CARDS ***
Dealt to 835bf148 
Dealt to 9be811a5 
Dealt to 7b0d8ba8 
Dealt to Hero [Td 6c]
Dealt to 22edd203 
835bf148: folds
7b0d8ba8: folds
22edd203: folds
Hero: calls $1
9be811a5: raises $6 to $8
Hero: folds
Uncalled bet ($6) returned to 9be811a5
*** SHOWDOWN ***
9be811a5 collected $4 from pot
*** SUMMARY ***
Total pot $4
Seat 4: 835bf148 folded before Flop (didn't bet)
Seat 3: 9be811a5(big blind)won ($4)
Seat 6: 7b0d8ba8 folded before Flop (didn't bet)
Seat 2: Hero(small blind) folded before Flop
Seat 7: 22edd203 folded before Flop (didn't bet)



Poker Hand #ring_883477266: NLH No Limit ($1/$2) - 2025/05/18 00:01:31
Table 'MR NLH 1/2' 7-max Seat #6 is the button
Seat 4: 835bf148 ($498.42 in chips)
Seat 3: 9be811a5 ($197.71 in chips)
Seat 6: 7b0d8ba8 ($200.04 in chips)
Seat 2: Hero ($211.62 in chips)
Seat 7: 22edd203 ($193.34 in chips)
22edd203: posts small blind $1
Hero: posts big blind $2
*** HOLE CARDS ***
Dealt to 835bf148 
Dealt to 9be811a5 
Dealt to 7b0d8ba8 
Dealt to Hero [Qh Th]
Dealt to 22edd203 
9be811a5: raises $4 to $6
835bf148: folds
7b0d8ba8: calls $6
22edd203: calls $5
Hero: calls $4
*** FLOP *** [5d 3h Js]
22edd203: checks
Hero: checks
9be811a5: bets $18
7b0d8ba8: folds
22edd203: folds
Hero: folds
Uncalled bet ($18) returned to 9be811a5
*** SHOWDOWN ***
9be811a5 collected $24 from pot
*** SUMMARY ***
Total pot $24
Board [5d 3h Js]
Seat 4: 835bf148 folded before Flop (didn't bet)
Seat 3: 9be811a5won ($24) with Pair of Jacks
Seat 6: 7b0d8ba8 folded on the Flop
Seat 2: Hero(big blind) folded on the Flop
Seat 7: 22edd203(small blind) folded on the Flop



Poker Hand #ring_883476544: NLH No Limit ($1/$2) - 2025/05/18 00:01:05
Table 'MR NLH 1/2' 7-max Seat #4 is the button
Seat 4: 835bf148 ($498.42 in chips)
Seat 3: 9be811a5 ($197.71 in chips)
Seat 6: 7b0d8ba8 ($201.04 in chips)
Seat 2: Hero ($208.62 in chips)
Seat 7: 22edd203 ($195.34 in chips)
7b0d8ba8: posts small blind $1
22edd203: posts big blind $2
*** HOLE CARDS ***
Dealt to 835bf148 
Dealt to 9be811a5 
Dealt to 7b0d8ba8 
Dealt to Hero [Ah 2h]
Dealt to 22edd203 
Hero: raises $4 to $6
9be811a5: folds
835bf148: folds
7b0d8ba8: folds
22edd203: folds
Uncalled bet ($4) returned to Hero
*** SHOWDOWN ***
Hero collected $5 from pot
*** SUMMARY ***
Total pot $5
Seat 4: 835bf148 folded before Flop (didn't bet)
Seat 3: 9be811a5 folded before Flop (didn't bet)
Seat 6: 7b0d8ba8(small blind) folded before Flop
Seat 2: Herowon ($5)
Seat 7: 22edd203(big blind) folded before Flop



Poker Hand #ring_883475895: NLH No Limit ($1/$2) - 2025/05/18 00:00:42
Table 'MR NLH 1/2' 7-max Seat #3 is the button
Seat 4: 835bf148 ($499.42 in chips)
Seat 3: 9be811a5 ($197.71 in chips)
Seat 6: 7b0d8ba8 ($203.04 in chips)
Seat 2: Hero ($205.62 in chips)
Seat 7: 22edd203 ($195.34 in chips)
835bf148: posts small blind $1
7b0d8ba8: posts big blind $2
*** HOLE CARDS ***
Dealt to 835bf148 
Dealt to 9be811a5 
Dealt to 7b0d8ba8 
Dealt to Hero [Jh Ts]
Dealt to 22edd203 
22edd203: folds
Hero: raises $4 to $6
9be811a5: folds
835bf148: folds
7b0d8ba8: folds
Uncalled bet ($4) returned to Hero
*** SHOWDOWN ***
Hero collected $5 from pot
*** SUMMARY ***
Total pot $5
Seat 4: 835bf148(small blind) folded before Flop
Seat 3: 9be811a5 folded before Flop (didn't bet)
Seat 6: 7b0d8ba8(big blind) folded before Flop
Seat 2: Herowon ($5)
Seat 7: 22edd203 folded before Flop (didn't bet)



Poker Hand #ring_883475244: NLH No Limit ($1/$2) - 2025/05/18 00:00:20
Table 'MR NLH 1/2' 7-max Seat #2 is the button
Seat 5: d207e7f0 ($195.81 in chips)
Seat 4: 835bf148 ($498.42 in chips)
Seat 3: 9be811a5 ($198.71 in chips)
Seat 6: 7b0d8ba8 ($203.04 in chips)
Seat 2: Hero ($205.62 in chips)
Seat 7: 22edd203 ($195.34 in chips)
9be811a5: posts small blind $1
835bf148: posts big blind $2
*** HOLE CARDS ***
Dealt to d207e7f0 
Dealt to 835bf148 
Dealt to 9be811a5 
Dealt to 7b0d8ba8 
Dealt to Hero [4h 3c]
Dealt to 22edd203 
d207e7f0: folds
7b0d8ba8: folds
22edd203: folds
Hero: folds
9be811a5: folds
*** SHOWDOWN ***
835bf148 collected $3 from pot
*** SUMMARY ***
Total pot $3
Seat 5: d207e7f0 folded before Flop (didn't bet)
Seat 4: 835bf148(big blind)won ($3)
Seat 3: 9be811a5(small blind) folded before Flop
Seat 6: 7b0d8ba8 folded before Flop (didn't bet)
Seat 2: Hero folded before Flop (didn't bet)
Seat 7: 22edd203 folded before Flop (didn't bet)



Poker Hand #ring_883473837: NLH No Limit ($1/$2) - 2025/05/17 23:59:30
Table 'MR NLH 1/2' 7-max Seat #1 is the button
Seat 5: d207e7f0 ($195.81 in chips)
Seat 4: 835bf148 ($498.42 in chips)
Seat 3: 9be811a5 ($203.71 in chips)
Seat 1: d6b45ee4 ($162.28 in chips)
Seat 6: 7b0d8ba8 ($203.04 in chips)
Seat 2: Hero ($201.07 in chips)
Seat 7: 22edd203 ($195.34 in chips)
Hero: posts small blind $1
9be811a5: posts big blind $2
*** HOLE CARDS ***
Dealt to d207e7f0 
Dealt to 835bf148 
Dealt to 9be811a5 
Dealt to d6b45ee4 
Dealt to 7b0d8ba8 
Dealt to Hero [Ad 3c]
Dealt to 22edd203 
835bf148: folds
d207e7f0: folds
7b0d8ba8: folds
22edd203: folds
d6b45ee4: folds
Hero: raises $3 to $5
9be811a5: calls $3
*** FLOP *** [4c Ts 7s]
Hero: checks
9be811a5: checks
*** TURN *** [4c Ts 7s] [Ac]
Hero: checks
9be811a5: checks
*** RIVER *** [4c Ts 7s Ac] [Td]
Hero: bets $5
9be811a5: folds
Uncalled bet ($5) returned to Hero
*** SHOWDOWN ***
Hero collected $10 from pot
*** SUMMARY ***
Total pot $10
Board [4c Ts 7s Ac Td]
Seat 5: d207e7f0 folded before Flop (didn't bet)
Seat 4: 835bf148 folded before Flop (didn't bet)
Seat 3: 9be811a5(big blind) folded on the River
Seat 1: d6b45ee4 folded before Flop (didn't bet)
Seat 6: 7b0d8ba8 folded before Flop (didn't bet)
Seat 2: Hero(small blind)won ($10) with Pair of Aces and Pair of Tens
Seat 7: 22edd203 folded before Flop (didn't bet)



Poker Hand #ring_883471629: NLH No Limit ($1/$2) - 2025/05/17 23:58:13
Table 'MR NLH 1/2' 7-max Seat #7 is the button
Seat 5: d207e7f0 ($197.81 in chips)
Seat 4: 835bf148 ($498.42 in chips)
Seat 3: 9be811a5 ($203.71 in chips)
Seat 1: d6b45ee4 ($171.24 in chips)
Seat 6: 7b0d8ba8 ($203.04 in chips)
Seat 2: Hero ($191 in chips)
Seat 7: 22edd203 ($195.34 in chips)
d6b45ee4: posts small blind $1
Hero: posts big blind $2
*** HOLE CARDS ***
Dealt to d207e7f0 
Dealt to 835bf148 
Dealt to 9be811a5 
Dealt to d6b45ee4 
Dealt to 7b0d8ba8 
Dealt to Hero [2d Kc]
Dealt to 22edd203 
9be811a5: folds
835bf148: folds
d207e7f0: calls $2
7b0d8ba8: folds
22edd203: folds
d6b45ee4: calls $1
Hero: checks
*** FLOP *** [2h 3c Jd]
d6b45ee4: checks
Hero: bets $3
d207e7f0: folds
d6b45ee4: calls $3
*** TURN *** [2h 3c Jd] [7s]
d6b45ee4: checks
Hero: checks
*** RIVER *** [2h 3c Jd 7s] [9d]
d6b45ee4: bets $3.96
Hero: calls $3.96
d6b45ee4: shows [5c 6d]
Hero: shows [2d Kc]
*** SHOWDOWN ***
Hero collected $19.92 from pot
*** SUMMARY ***
Total pot $19.92
Board [2h 3c Jd 7s 9d]
Seat 5: d207e7f0 folded on the Flop
Seat 4: 835bf148 folded before Flop (didn't bet)
Seat 3: 9be811a5 folded before Flop (didn't bet)
Seat 1: d6b45ee4(small blind) showed [5c 6d] and lost with Jack-High
Seat 6: 7b0d8ba8 folded before Flop (didn't bet)
Seat 2: Hero(big blind) showed [2d Kc] and won ($19.92) with Pair of Twos
Seat 7: 22edd203 folded before Flop (didn't bet)



Poker Hand #ring_883470782: NLH No Limit ($1/$2) - 2025/05/17 23:57:44
Table 'MR NLH 1/2' 7-max Seat #6 is the button
Seat 5: d207e7f0 ($197.81 in chips)
Seat 4: 835bf148 ($495.42 in chips)
Seat 3: 9be811a5 ($203.71 in chips)
Seat 1: d6b45ee4 ($173.24 in chips)
Seat 6: 7b0d8ba8 ($203.04 in chips)
Seat 2: Hero ($191 in chips)
Seat 7: 22edd203 ($196.34 in chips)
22edd203: posts small blind $1
d6b45ee4: posts big blind $2
*** HOLE CARDS ***
Dealt to d207e7f0 
Dealt to 835bf148 
Dealt to 9be811a5 
Dealt to d6b45ee4 
Dealt to 7b0d8ba8 
Dealt to Hero [Ks 3c]
Dealt to 22edd203 
Hero: folds
9be811a5: folds
835bf148: raises $4 to $6
d207e7f0: folds
7b0d8ba8: folds
22edd203: folds
d6b45ee4: folds
Uncalled bet ($4) returned to 835bf148
*** SHOWDOWN ***
835bf148 collected $5 from pot
*** SUMMARY ***
Total pot $5
Seat 5: d207e7f0 folded before Flop (didn't bet)
Seat 4: 835bf148won ($5)
Seat 3: 9be811a5 folded before Flop (didn't bet)
Seat 1: d6b45ee4(big blind) folded before Flop
Seat 6: 7b0d8ba8 folded before Flop (didn't bet)
Seat 2: Hero folded before Flop (didn't bet)
Seat 7: 22edd203(small blind) folded before Flop



Poker Hand #ring_883469621: NLH No Limit ($1/$2) - 2025/05/17 23:57:05
Table 'MR NLH 1/2' 7-max Seat #5 is the button
Seat 5: d207e7f0 ($197.81 in chips)
Seat 4: 835bf148 ($515.42 in chips)
Seat 3: 9be811a5 ($209.71 in chips)
Seat 1: d6b45ee4 ($173.24 in chips)
Seat 6: 7b0d8ba8 ($204.04 in chips)
Seat 2: Hero ($191 in chips)
Seat 7: 22edd203 ($169.34 in chips)
7b0d8ba8: posts small blind $1
22edd203: posts big blind $2
*** HOLE CARDS ***
Dealt to d207e7f0 
Dealt to 835bf148 
Dealt to 9be811a5 
Dealt to d6b45ee4 
Dealt to 7b0d8ba8 
Dealt to Hero [2s Td]
Dealt to 22edd203 
d6b45ee4: folds
Hero: folds
9be811a5: raises $4 to $6
835bf148: raises $14 to $20
d207e7f0: folds
7b0d8ba8: folds
22edd203: raises $47 to $67
9be811a5: folds
835bf148: folds
Uncalled bet ($47) returned to 22edd203
*** SHOWDOWN ***
22edd203 collected $47 from pot
*** SUMMARY ***
Total pot $47
Seat 5: d207e7f0 folded before Flop (didn't bet)
Seat 4: 835bf148 folded before Flop
Seat 3: 9be811a5 folded before Flop
Seat 1: d6b45ee4 folded before Flop (didn't bet)
Seat 6: 7b0d8ba8(small blind) folded before Flop
Seat 2: Hero folded before Flop (didn't bet)
Seat 7: 22edd203(big blind)won ($47)



Poker Hand #ring_883468588: NLH No Limit ($1/$2) - 2025/05/17 23:56:30
Table 'MR NLH 1/2' 7-max Seat #4 is the button
Seat 5: d207e7f0 ($198.81 in chips)
Seat 4: 835bf148 ($506.42 in chips)
Seat 3: 9be811a5 ($209.71 in chips)
Seat 1: d6b45ee4 ($173.24 in chips)
Seat 6: 7b0d8ba8 ($206.04 in chips)
Seat 2: Hero ($197 in chips)
Seat 7: 22edd203 ($169.34 in chips)
d207e7f0: posts small blind $1
7b0d8ba8: posts big blind $2
*** HOLE CARDS ***
Dealt to d207e7f0 
Dealt to 835bf148 
Dealt to 9be811a5 
Dealt to d6b45ee4 
Dealt to 7b0d8ba8 
Dealt to Hero [Jc Ah]
Dealt to 22edd203 
22edd203: folds
d6b45ee4: folds
Hero: raises $4 to $6
9be811a5: folds
835bf148: raises $12 to $18
d207e7f0: folds
7b0d8ba8: folds
Hero: folds
Uncalled bet ($12) returned to 835bf148
*** SHOWDOWN ***
835bf148 collected $15 from pot
*** SUMMARY ***
Total pot $15
Seat 5: d207e7f0(small blind) folded before Flop
Seat 4: 835bf148won ($15)
Seat 3: 9be811a5 folded before Flop (didn't bet)
Seat 1: d6b45ee4 folded before Flop (didn't bet)
Seat 6: 7b0d8ba8(big blind) folded before Flop
Seat 2: Hero folded before Flop
Seat 7: 22edd203 folded before Flop (didn't bet)



Poker Hand #ring_883467303: NLH No Limit ($1/$2) - 2025/05/17 23:55:45
Table 'MR NLH 1/2' 7-max Seat #3 is the button
Seat 5: d207e7f0 ($200.81 in chips)
Seat 4: 835bf148 ($507.42 in chips)
Seat 3: 9be811a5 ($215.71 in chips)
Seat 1: d6b45ee4 ($173.24 in chips)
Seat 6: 7b0d8ba8 ($206.04 in chips)
Seat 2: Hero ($197 in chips)
Seat 7: 22edd203 ($161.01 in chips)
835bf148: posts small blind $1
d207e7f0: posts big blind $2
*** HOLE CARDS ***
Dealt to d207e7f0 
Dealt to 835bf148 
Dealt to 9be811a5 
Dealt to d6b45ee4 
Dealt to 7b0d8ba8 
Dealt to Hero [6d 3c]
Dealt to 22edd203 
7b0d8ba8: folds
22edd203: raises $4 to $6
d6b45ee4: folds
Hero: folds
9be811a5: calls $6
835bf148: folds
d207e7f0: folds
*** FLOP *** [Qc Jh 9d]
22edd203: bets $7.5
9be811a5: folds
Uncalled bet ($7.5) returned to 22edd203
*** SHOWDOWN ***
22edd203 collected $15 from pot
*** SUMMARY ***
Total pot $15
Board [Qc Jh 9d]
Seat 5: d207e7f0(big blind) folded before Flop
Seat 4: 835bf148(small blind) folded before Flop
Seat 3: 9be811a5 folded on the Flop
Seat 1: d6b45ee4 folded before Flop (didn't bet)
Seat 6: 7b0d8ba8 folded before Flop (didn't bet)
Seat 2: Hero folded before Flop (didn't bet)
Seat 7: 22edd203won ($15) with Ace-High



Poker Hand #ring_883466344: NLH No Limit ($1/$2) - 2025/05/17 23:55:12
Table 'MR NLH 1/2' 7-max Seat #2 is the button
Seat 5: d207e7f0 ($200.81 in chips)
Seat 4: 835bf148 ($509.42 in chips)
Seat 3: 9be811a5 ($216.71 in chips)
Seat 1: d6b45ee4 ($173.24 in chips)
Seat 6: 7b0d8ba8 ($206.04 in chips)
Seat 2: Hero ($197 in chips)
Seat 7: 22edd203 ($158.01 in chips)
9be811a5: posts small blind $1
835bf148: posts big blind $2
*** HOLE CARDS ***
Dealt to d207e7f0 
Dealt to 835bf148 
Dealt to 9be811a5 
Dealt to d6b45ee4 
Dealt to 7b0d8ba8 
Dealt to Hero [Jh 9s]
Dealt to 22edd203 
d207e7f0: folds
7b0d8ba8: folds
22edd203: raises $4 to $6
d6b45ee4: folds
Hero: folds
9be811a5: folds
835bf148: folds
Uncalled bet ($4) returned to 22edd203
*** SHOWDOWN ***
22edd203 collected $5 from pot
*** SUMMARY ***
Total pot $5
Seat 5: d207e7f0 folded before Flop (didn't bet)
Seat 4: 835bf148(big blind) folded before Flop
Seat 3: 9be811a5(small blind) folded before Flop
Seat 1: d6b45ee4 folded before Flop (didn't bet)
Seat 6: 7b0d8ba8 folded before Flop (didn't bet)
Seat 2: Hero folded before Flop (didn't bet)
Seat 7: 22edd203won ($5)



Poker Hand #ring_883464789: NLH No Limit ($1/$2) - 2025/05/17 23:54:20
Table 'MR NLH 1/2' 7-max Seat #1 is the button
Seat 5: d207e7f0 ($202.81 in chips)
Seat 4: 835bf148 ($509.42 in chips)
Seat 3: 9be811a5 ($218.71 in chips)
Seat 1: d6b45ee4 ($173.24 in chips)
Seat 6: 7b0d8ba8 ($217.04 in chips)
Seat 2: Hero ($198 in chips)
Seat 7: 22edd203 ($143.72 in chips)
Hero: posts small blind $1
9be811a5: posts big blind $2
*** HOLE CARDS ***
Dealt to d207e7f0 
Dealt to 835bf148 
Dealt to 9be811a5 
Dealt to d6b45ee4 
Dealt to 7b0d8ba8 
Dealt to Hero [2c 6h]
Dealt to 22edd203 
835bf148: folds
d207e7f0: calls $2
7b0d8ba8: calls $2
22edd203: raises $9 to $11
d6b45ee4: folds
Hero: folds
9be811a5: folds
d207e7f0: folds
7b0d8ba8: calls $9
*** FLOP *** [4d 2h Ah]
7b0d8ba8: checks
22edd203: bets $20.25
7b0d8ba8: folds
Uncalled bet ($20.25) returned to 22edd203
*** SHOWDOWN ***
22edd203 collected $27 from pot
*** SUMMARY ***
Total pot $27
Board [4d 2h Ah]
Seat 5: d207e7f0 folded before Flop
Seat 4: 835bf148 folded before Flop (didn't bet)
Seat 3: 9be811a5(big blind) folded before Flop
Seat 1: d6b45ee4 folded before Flop (didn't bet)
Seat 6: 7b0d8ba8 folded on the Flop
Seat 2: Hero(small blind) folded before Flop
Seat 7: 22edd203won ($27) with Pair of Aces



Poker Hand #ring_883463734: NLH No Limit ($1/$2) - 2025/05/17 23:53:43
Table 'MR NLH 1/2' 7-max Seat #7 is the button
Seat 5: d207e7f0 ($202.81 in chips)
Seat 4: 835bf148 ($509.42 in chips)
Seat 3: 9be811a5 ($218.71 in chips)
Seat 1: d6b45ee4 ($174.24 in chips)
Seat 6: 7b0d8ba8 ($223.04 in chips)
Seat 2: Hero ($200 in chips)
Seat 7: 22edd203 ($134.72 in chips)
d6b45ee4: posts small blind $1
Hero: posts big blind $2
*** HOLE CARDS ***
Dealt to d207e7f0 
Dealt to 835bf148 
Dealt to 9be811a5 
Dealt to d6b45ee4 
Dealt to 7b0d8ba8 
Dealt to Hero [2d 9h]
Dealt to 22edd203 
9be811a5: folds
835bf148: folds
d207e7f0: folds
7b0d8ba8: raises $4 to $6
22edd203: raises $15 to $21
d6b45ee4: folds
Hero: folds
7b0d8ba8: folds
Uncalled bet ($15) returned to 22edd203
*** SHOWDOWN ***
22edd203 collected $15 from pot
*** SUMMARY ***
Total pot $15
Seat 5: d207e7f0 folded before Flop (didn't bet)
Seat 4: 835bf148 folded before Flop (didn't bet)
Seat 3: 9be811a5 folded before Flop (didn't bet)
Seat 1: d6b45ee4(small blind) folded before Flop
Seat 6: 7b0d8ba8 folded before Flop
Seat 2: Hero(big blind) folded before Flop
Seat 7: 22edd203won ($15)



