Poker Hand #ring_872857077: NLH No Limit ($1/$2) - 2025/05/12 10:26:02
Table 'MR NLH 1/2' 7-max Seat #4 is the button
Seat 6: d0a398 ($487.14 in chips)
Seat 4: 2205c02c ($199.04 in chips)
Seat 2: 277971b4 ($1,066.1 in chips)
Seat 5: 4eb4e745 ($311.05 in chips)
Seat 1: 4ce1b43 ($412.82 in chips)
Seat 7: Hero ($169.09 in chips)
Seat 3: 13d0232d ($382.71 in chips)
4eb4e745: posts small blind $1
d0a398: posts big blind $2
*** HOLE CARDS ***
Dealt to d0a398 
Dealt to 2205c02c 
Dealt to 277971b4 
Dealt to 4eb4e745 
Dealt to 4ce1b43 
Dealt to Hero [5s 8d]
Dealt to 13d0232d 
Hero: folds
4ce1b43: raises $3 to $5
277971b4: folds
13d0232d: folds
2205c02c: folds
4eb4e745: folds
d0a398: folds
Uncalled bet ($3) returned to 4ce1b43
*** SHOWDOWN ***
4ce1b43 collected $5 from pot
*** SUMMARY ***
Total pot $5
Seat 6: d0a398(big blind) folded before Flop
Seat 4: 2205c02c folded before Flop (didn't bet)
Seat 2: 277971b4 folded before Flop (didn't bet)
Seat 5: 4eb4e745(small blind) folded before Flop
Seat 1: 4ce1b43won ($5)
Seat 7: Hero folded before Flop (didn't bet)
Seat 3: 13d0232d folded before Flop (didn't bet)



Poker Hand #ring_872856737: NLH No Limit ($1/$2) - 2025/05/12 10:25:37
Table 'MR NLH 1/2' 7-max Seat #3 is the button
Seat 6: d0a398 ($487.14 in chips)
Seat 4: 2205c02c ($200.04 in chips)
Seat 2: 277971b4 ($1,066.1 in chips)
Seat 5: 4eb4e745 ($313.05 in chips)
Seat 1: 4ce1b43 ($412.82 in chips)
Seat 7: Hero ($166.09 in chips)
Seat 3: 13d0232d ($382.71 in chips)
2205c02c: posts small blind $1
4eb4e745: posts big blind $2
*** HOLE CARDS ***
Dealt to d0a398 
Dealt to 2205c02c 
Dealt to 277971b4 
Dealt to 4eb4e745 
Dealt to 4ce1b43 
Dealt to Hero [As 5s]
Dealt to 13d0232d 
d0a398: folds
Hero: raises $4 to $6
4ce1b43: folds
277971b4: folds
13d0232d: folds
2205c02c: folds
4eb4e745: folds
Uncalled bet ($4) returned to Hero
*** SHOWDOWN ***
Hero collected $5 from pot
*** SUMMARY ***
Total pot $5
Seat 6: d0a398 folded before Flop (didn't bet)
Seat 4: 2205c02c(small blind) folded before Flop
Seat 2: 277971b4 folded before Flop (didn't bet)
Seat 5: 4eb4e745(big blind) folded before Flop
Seat 1: 4ce1b43 folded before Flop (didn't bet)
Seat 7: Herowon ($5)
Seat 3: 13d0232d folded before Flop (didn't bet)



Poker Hand #ring_872856052: NLH No Limit ($1/$2) - 2025/05/12 10:24:50
Table 'MR NLH 1/2' 7-max Seat #2 is the button
Seat 6: d0a398 ($477.32 in chips)
Seat 4: 2205c02c ($210.33 in chips)
Seat 2: 277971b4 ($1,066.1 in chips)
Seat 5: 4eb4e745 ($313.05 in chips)
Seat 1: 4ce1b43 ($412.82 in chips)
Seat 7: Hero ($166.09 in chips)
Seat 3: 13d0232d ($383.71 in chips)
13d0232d: posts small blind $1
2205c02c: posts big blind $2
*** HOLE CARDS ***
Dealt to d0a398 
Dealt to 2205c02c 
Dealt to 277971b4 
Dealt to 4eb4e745 
Dealt to 4ce1b43 
Dealt to Hero [Qc 4d]
Dealt to 13d0232d 
4eb4e745: folds
d0a398: raises $4 to $6
Hero: folds
4ce1b43: folds
277971b4: folds
13d0232d: folds
2205c02c: calls $4
*** FLOP *** [Ad 7c 6c]
2205c02c: checks
d0a398: bets $4.29
2205c02c: calls $4.29
*** TURN *** [Ad 7c 6c] [Jc]
2205c02c: checks
d0a398: bets $21.58
2205c02c: folds
Uncalled bet ($21.58) returned to d0a398
*** SHOWDOWN ***
d0a398 collected $21.58 from pot
*** SUMMARY ***
Total pot $21.58
Board [Ad 7c 6c Jc]
Seat 6: d0a398won ($21.58) with Ace-High
Seat 4: 2205c02c(big blind) folded on the Turn
Seat 2: 277971b4 folded before Flop (didn't bet)
Seat 5: 4eb4e745 folded before Flop (didn't bet)
Seat 1: 4ce1b43 folded before Flop (didn't bet)
Seat 7: Hero folded before Flop (didn't bet)
Seat 3: 13d0232d(small blind) folded before Flop



Poker Hand #ring_872855613: NLH No Limit ($1/$2) - 2025/05/12 10:24:21
Table 'MR NLH 1/2' 7-max Seat #1 is the button
Seat 6: d0a398 ($477.32 in chips)
Seat 4: 2205c02c ($210.33 in chips)
Seat 2: 277971b4 ($1,067.1 in chips)
Seat 5: 4eb4e745 ($313.05 in chips)
Seat 1: 4ce1b43 ($403.82 in chips)
Seat 7: Hero ($172.09 in chips)
Seat 3: 13d0232d ($385.71 in chips)
277971b4: posts small blind $1
13d0232d: posts big blind $2
*** HOLE CARDS ***
Dealt to d0a398 
Dealt to 2205c02c 
Dealt to 277971b4 
Dealt to 4eb4e745 
Dealt to 4ce1b43 
Dealt to Hero [8d Td]
Dealt to 13d0232d 
2205c02c: folds
4eb4e745: folds
d0a398: folds
Hero: raises $4 to $6
4ce1b43: raises $12 to $18
277971b4: folds
13d0232d: folds
Hero: folds
Uncalled bet ($12) returned to 4ce1b43
*** SHOWDOWN ***
4ce1b43 collected $15 from pot
*** SUMMARY ***
Total pot $15
Seat 6: d0a398 folded before Flop (didn't bet)
Seat 4: 2205c02c folded before Flop (didn't bet)
Seat 2: 277971b4(small blind) folded before Flop
Seat 5: 4eb4e745 folded before Flop (didn't bet)
Seat 1: 4ce1b43won ($15)
Seat 7: Hero folded before Flop
Seat 3: 13d0232d(big blind) folded before Flop



Poker Hand #ring_872854969: NLH No Limit ($1/$2) - 2025/05/12 10:23:37
Table 'MR NLH 1/2' 7-max Seat #7 is the button
Seat 6: d0a398 ($477.32 in chips)
Seat 4: 2205c02c ($203 in chips)
Seat 2: 277971b4 ($1,074.1 in chips)
Seat 5: 4eb4e745 ($313.05 in chips)
Seat 1: 4ce1b43 ($404.82 in chips)
Seat 7: Hero ($172.09 in chips)
Seat 3: 13d0232d ($385.71 in chips)
4ce1b43: posts small blind $1
277971b4: posts big blind $2
*** HOLE CARDS ***
Dealt to d0a398 
Dealt to 2205c02c 
Dealt to 277971b4 
Dealt to 4eb4e745 
Dealt to 4ce1b43 
Dealt to Hero [3h 4c]
Dealt to 13d0232d 
13d0232d: folds
2205c02c: raises $5 to $7
4eb4e745: folds
d0a398: folds
Hero: folds
4ce1b43: folds
277971b4: calls $5
*** FLOP *** [2s Qs 3d]
277971b4: checks
2205c02c: bets $7.5
277971b4: folds
Uncalled bet ($7.5) returned to 2205c02c
*** SHOWDOWN ***
2205c02c collected $15 from pot
*** SUMMARY ***
Total pot $15
Board [2s Qs 3d]
Seat 6: d0a398 folded before Flop (didn't bet)
Seat 4: 2205c02cwon ($15) with Ace-High
Seat 2: 277971b4(big blind) folded on the Flop
Seat 5: 4eb4e745 folded before Flop (didn't bet)
Seat 1: 4ce1b43(small blind) folded before Flop
Seat 7: Hero folded before Flop (didn't bet)
Seat 3: 13d0232d folded before Flop (didn't bet)



Poker Hand #ring_872853785: NLH No Limit ($1/$2) - 2025/05/12 10:22:13
Table 'MR NLH 1/2' 7-max Seat #6 is the button
Seat 6: d0a398 ($477.32 in chips)
Seat 4: 2205c02c ($203 in chips)
Seat 2: 277971b4 ($1,074.1 in chips)
Seat 5: 4eb4e745 ($323.66 in chips)
Seat 1: 4ce1b43 ($406.82 in chips)
Seat 7: Hero ($208.07 in chips)
Seat 3: 13d0232d ($341.42 in chips)
Hero: posts small blind $1
4ce1b43: posts big blind $2
*** HOLE CARDS ***
Dealt to d0a398 
Dealt to 2205c02c 
Dealt to 277971b4 
Dealt to 4eb4e745 
Dealt to 4ce1b43 
Dealt to Hero [Th Js]
Dealt to 13d0232d 
277971b4: folds
13d0232d: raises $3 to $5
2205c02c: folds
4eb4e745: calls $5
d0a398: folds
Hero: calls $4
4ce1b43: folds
*** FLOP *** [3d Ts 5c]
Hero: checks
13d0232d: bets $5.61
4eb4e745: calls $5.61
Hero: calls $5.61
*** TURN *** [3d Ts 5c] [Qc]
Hero: checks
13d0232d: checks
4eb4e745: checks
*** RIVER *** [3d Ts 5c Qc] [2c]
Hero: checks
13d0232d: bets $25.37
4eb4e745: folds
Hero: calls $25.37
13d0232d: shows [Qs Kc]
Hero: shows [Th Js]
*** SHOWDOWN ***
13d0232d collected $84.57 from pot
*** SUMMARY ***
Total pot $84.57
Board [3d Ts 5c Qc 2c]
Seat 6: d0a398 folded before Flop (didn't bet)
Seat 4: 2205c02c folded before Flop (didn't bet)
Seat 2: 277971b4 folded before Flop (didn't bet)
Seat 5: 4eb4e745 folded on the River
Seat 1: 4ce1b43(big blind) folded before Flop
Seat 7: Hero(small blind) showed [Th Js] and lost with Pair of Tens
Seat 3: 13d0232d showed [Qs Kc] and won ($84.57) with Pair of Queens



Poker Hand #ring_872853384: NLH No Limit ($1/$2) - 2025/05/12 10:21:47
Table 'MR NLH 1/2' 7-max Seat #5 is the button
Seat 6: d0a398 ($478.32 in chips)
Seat 4: 2205c02c ($200 in chips)
Seat 2: 277971b4 ($1,074.1 in chips)
Seat 5: 4eb4e745 ($323.66 in chips)
Seat 1: 4ce1b43 ($406.82 in chips)
Seat 7: Hero ($210.07 in chips)
Seat 3: 13d0232d ($341.42 in chips)
d0a398: posts small blind $1
Hero: posts big blind $2
2205c02c: posts big blind $2
*** HOLE CARDS ***
Dealt to d0a398 
Dealt to 2205c02c 
Dealt to 277971b4 
Dealt to 4eb4e745 
Dealt to 4ce1b43 
Dealt to Hero [6d Kh]
Dealt to 13d0232d 
4ce1b43: folds
277971b4: folds
13d0232d: folds
2205c02c: raises $5 to $7
4eb4e745: folds
d0a398: folds
Hero: folds
Uncalled bet ($5) returned to 2205c02c
*** SHOWDOWN ***
2205c02c collected $5 from pot
*** SUMMARY ***
Total pot $5
Seat 6: d0a398(small blind) folded before Flop
Seat 4: 2205c02cwon ($5)
Seat 2: 277971b4 folded before Flop (didn't bet)
Seat 5: 4eb4e745 folded before Flop (didn't bet)
Seat 1: 4ce1b43 folded before Flop (didn't bet)
Seat 7: Hero(big blind) folded before Flop
Seat 3: 13d0232d folded before Flop (didn't bet)



Poker Hand #ring_872852966: NLH No Limit ($1/$2) - 2025/05/12 10:21:19
Table 'MR NLH 1/2' 7-max Seat #0 is the button
Seat 6: d0a398 ($477.32 in chips)
Seat 2: 277971b4 ($1,074.1 in chips)
Seat 5: 4eb4e745 ($324.66 in chips)
Seat 1: 4ce1b43 ($406.82 in chips)
Seat 7: Hero ($210.07 in chips)
Seat 3: 13d0232d ($341.42 in chips)
4eb4e745: posts small blind $1
d0a398: posts big blind $2
*** HOLE CARDS ***
Dealt to d0a398 
Dealt to 277971b4 
Dealt to 4eb4e745 
Dealt to 4ce1b43 
Dealt to Hero [Ks 4h]
Dealt to 13d0232d 
Hero: folds
4ce1b43: folds
277971b4: folds
13d0232d: folds
4eb4e745: folds
*** SHOWDOWN ***
d0a398 collected $3 from pot
*** SUMMARY ***
Total pot $3
Seat 6: d0a398(big blind)won ($3)
Seat 2: 277971b4 folded before Flop (didn't bet)
Seat 5: 4eb4e745(small blind) folded before Flop
Seat 1: 4ce1b43 folded before Flop (didn't bet)
Seat 7: Hero folded before Flop (didn't bet)
Seat 3: 13d0232d folded before Flop (didn't bet)



Poker Hand #ring_872852562: NLH No Limit ($1/$2) - 2025/05/12 10:20:52
Table 'MR NLH 1/2' 7-max Seat #3 is the button
Seat 6: d0a398 ($477.32 in chips)
Seat 2: 277971b4 ($1,074.1 in chips)
Seat 5: 4eb4e745 ($323.66 in chips)
Seat 1: 4ce1b43 ($406.82 in chips)
Seat 7: Hero ($210.07 in chips)
Seat 3: 13d0232d ($341.42 in chips)
Seat 4: 5e5bc6b9 ($140.23 in chips)
5e5bc6b9: posts small blind $1
4eb4e745: posts big blind $2
*** HOLE CARDS ***
Dealt to d0a398 
Dealt to 277971b4 
Dealt to 4eb4e745 
Dealt to 4ce1b43 
Dealt to Hero [6c 7h]
Dealt to 13d0232d 
Dealt to 5e5bc6b9 
d0a398: folds
Hero: folds
4ce1b43: folds
277971b4: folds
13d0232d: folds
5e5bc6b9: folds
*** SHOWDOWN ***
4eb4e745 collected $3 from pot
*** SUMMARY ***
Total pot $3
Seat 6: d0a398 folded before Flop (didn't bet)
Seat 2: 277971b4 folded before Flop (didn't bet)
Seat 5: 4eb4e745(big blind)won ($3)
Seat 1: 4ce1b43 folded before Flop (didn't bet)
Seat 7: Hero folded before Flop (didn't bet)
Seat 3: 13d0232d folded before Flop (didn't bet)
Seat 4: 5e5bc6b9(small blind) folded before Flop



Poker Hand #ring_872852209: NLH No Limit ($1/$2) - 2025/05/12 10:20:27
Table 'MR NLH 1/2' 7-max Seat #2 is the button
Seat 6: d0a398 ($477.32 in chips)
Seat 2: 277971b4 ($1,074.1 in chips)
Seat 5: 4eb4e745 ($323.66 in chips)
Seat 1: 4ce1b43 ($403.82 in chips)
Seat 7: Hero ($210.07 in chips)
Seat 3: 13d0232d ($342.42 in chips)
Seat 4: 5e5bc6b9 ($142.23 in chips)
13d0232d: posts small blind $1
5e5bc6b9: posts big blind $2
*** HOLE CARDS ***
Dealt to d0a398 
Dealt to 277971b4 
Dealt to 4eb4e745 
Dealt to 4ce1b43 
Dealt to Hero [Qs 3c]
Dealt to 13d0232d 
Dealt to 5e5bc6b9 
4eb4e745: folds
d0a398: folds
Hero: folds
4ce1b43: raises $3 to $5
277971b4: folds
13d0232d: folds
5e5bc6b9: folds
Uncalled bet ($3) returned to 4ce1b43
*** SHOWDOWN ***
4ce1b43 collected $5 from pot
*** SUMMARY ***
Total pot $5
Seat 6: d0a398 folded before Flop (didn't bet)
Seat 2: 277971b4 folded before Flop (didn't bet)
Seat 5: 4eb4e745 folded before Flop (didn't bet)
Seat 1: 4ce1b43won ($5)
Seat 7: Hero folded before Flop (didn't bet)
Seat 3: 13d0232d(small blind) folded before Flop
Seat 4: 5e5bc6b9(big blind) folded before Flop



Poker Hand #ring_872851309: NLH No Limit ($1/$2) - 2025/05/12 10:19:27
Table 'MR NLH 1/2' 7-max Seat #1 is the button
Seat 6: d0a398 ($477.32 in chips)
Seat 2: 277971b4 ($1,075.1 in chips)
Seat 5: 4eb4e745 ($343.11 in chips)
Seat 1: 4ce1b43 ($403.82 in chips)
Seat 7: Hero ($190 in chips)
Seat 3: 13d0232d ($344.42 in chips)
Seat 4: 5e5bc6b9 ($142.23 in chips)
277971b4: posts small blind $1
13d0232d: posts big blind $2
*** HOLE CARDS ***
Dealt to d0a398 
Dealt to 277971b4 
Dealt to 4eb4e745 
Dealt to 4ce1b43 
Dealt to Hero [Kc Ad]
Dealt to 13d0232d 
Dealt to 5e5bc6b9 
5e5bc6b9: folds
4eb4e745: raises $4 to $6
d0a398: folds
Hero: raises $13.45 to $19.45
4ce1b43: folds
277971b4: folds
13d0232d: folds
4eb4e745: calls $13.45
*** FLOP *** [9c Kd Qc]
4eb4e745: checks
Hero: bets $33.52
4eb4e745: folds
Uncalled bet ($33.52) returned to Hero
*** SHOWDOWN ***
Hero collected $41.9 from pot
*** SUMMARY ***
Total pot $41.9
Board [9c Kd Qc]
Seat 6: d0a398 folded before Flop (didn't bet)
Seat 2: 277971b4(small blind) folded before Flop
Seat 5: 4eb4e745 folded on the Flop
Seat 1: 4ce1b43 folded before Flop (didn't bet)
Seat 7: Herowon ($41.9) with Pair of Kings
Seat 3: 13d0232d(big blind) folded before Flop
Seat 4: 5e5bc6b9 folded before Flop (didn't bet)



Poker Hand #ring_872850270: NLH No Limit ($1/$2) - 2025/05/12 10:18:16
Table 'MR NLH 1/2' 7-max Seat #7 is the button
Seat 6: d0a398 ($433.26 in chips)
Seat 2: 277971b4 ($1,077.1 in chips)
Seat 5: 4eb4e745 ($343.11 in chips)
Seat 1: 4ce1b43 ($404.82 in chips)
Seat 7: Hero ($190 in chips)
Seat 3: 13d0232d ($344.42 in chips)
Seat 4: 5e5bc6b9 ($188.04 in chips)
4ce1b43: posts small blind $1
277971b4: posts big blind $2
*** HOLE CARDS ***
Dealt to d0a398 
Dealt to 277971b4 
Dealt to 4eb4e745 
Dealt to 4ce1b43 
Dealt to Hero [Jc 2c]
Dealt to 13d0232d 
Dealt to 5e5bc6b9 
13d0232d: folds
5e5bc6b9: raises $6 to $8
4eb4e745: folds
d0a398: raises $19 to $27
Hero: folds
4ce1b43: folds
277971b4: folds
5e5bc6b9: calls $19
*** FLOP *** [4s 6d Js]
5e5bc6b9: checks
d0a398: bets $18.81
5e5bc6b9: calls $18.81
*** TURN *** [4s 6d Js] [5s]
5e5bc6b9: checks
d0a398: checks
*** RIVER *** [4s 6d Js 5s] [5h]
5e5bc6b9: checks
d0a398: bets $31.22
5e5bc6b9: folds
Uncalled bet ($31.22) returned to d0a398
5e5bc6b9: shows [Ad]
*** SHOWDOWN ***
d0a398 collected $94.62 from pot
*** SUMMARY ***
Total pot $94.62
Board [4s 6d Js 5s 5h]
Seat 6: d0a398won ($94.62) with Pair of Fives
Seat 2: 277971b4(big blind) folded before Flop
Seat 5: 4eb4e745 folded before Flop (didn't bet)
Seat 1: 4ce1b43(small blind) folded before Flop
Seat 7: Hero folded before Flop (didn't bet)
Seat 3: 13d0232d folded before Flop (didn't bet)
Seat 4: 5e5bc6b9 folded on the River



Poker Hand #ring_872849811: NLH No Limit ($1/$2) - 2025/05/12 10:17:46
Table 'MR NLH 1/2' 7-max Seat #6 is the button
Seat 6: d0a398 ($433.26 in chips)
Seat 2: 277971b4 ($1,077.1 in chips)
Seat 5: 4eb4e745 ($343.11 in chips)
Seat 1: 4ce1b43 ($403 in chips)
Seat 7: Hero ($192 in chips)
Seat 3: 13d0232d ($344.42 in chips)
Seat 4: 5e5bc6b9 ($188.04 in chips)
Hero: posts small blind $1
4ce1b43: posts big blind $2
*** HOLE CARDS ***
Dealt to d0a398 
Dealt to 277971b4 
Dealt to 4eb4e745 
Dealt to 4ce1b43 
Dealt to Hero [2d Kc]
Dealt to 13d0232d 
Dealt to 5e5bc6b9 
277971b4: folds
13d0232d: folds
5e5bc6b9: folds
4eb4e745: folds
d0a398: folds
Hero: calls $1
4ce1b43: checks
*** FLOP *** [3s 7d 6s]
Hero: checks
4ce1b43: bets $2.64
Hero: folds
Uncalled bet ($2.64) returned to 4ce1b43
*** SHOWDOWN ***
4ce1b43 collected $4 from pot
*** SUMMARY ***
Total pot $4
Board [3s 7d 6s]
Seat 6: d0a398 folded before Flop (didn't bet)
Seat 2: 277971b4 folded before Flop (didn't bet)
Seat 5: 4eb4e745 folded before Flop (didn't bet)
Seat 1: 4ce1b43(big blind)won ($4) with Pair of Sevens
Seat 7: Hero(small blind) folded on the Flop
Seat 3: 13d0232d folded before Flop (didn't bet)
Seat 4: 5e5bc6b9 folded before Flop (didn't bet)



Poker Hand #ring_872848562: NLH No Limit ($1/$2) - 2025/05/12 10:16:19
Table 'MR NLH 1/2' 7-max Seat #5 is the button
Seat 6: d0a398 ($402.46 in chips)
Seat 2: 277971b4 ($1,077.1 in chips)
Seat 5: 4eb4e745 ($343.11 in chips)
Seat 1: 4ce1b43 ($403 in chips)
Seat 7: Hero ($200 in chips)
Seat 3: 13d0232d ($344.42 in chips)
Seat 4: 5e5bc6b9 ($214.04 in chips)
d0a398: posts small blind $1
Hero: posts big blind $2
*** HOLE CARDS ***
Dealt to d0a398 
Dealt to 277971b4 
Dealt to 4eb4e745 
Dealt to 4ce1b43 
Dealt to Hero [7h 7s]
Dealt to 13d0232d 
Dealt to 5e5bc6b9 
4ce1b43: folds
277971b4: folds
13d0232d: folds
5e5bc6b9: raises $6 to $8
4eb4e745: folds
d0a398: calls $7
Hero: calls $6
*** FLOP *** [8h Jh 9d]
d0a398: checks
Hero: checks
5e5bc6b9: bets $18
d0a398: calls $18
Hero: folds
*** TURN *** [8h Jh 9d] [4d]
d0a398: checks
5e5bc6b9: checks
*** RIVER *** [8h Jh 9d 4d] [Qd]
d0a398: bets $75
5e5bc6b9: folds
Uncalled bet ($75) returned to d0a398
*** SHOWDOWN ***
d0a398 collected $60 from pot
*** SUMMARY ***
Total pot $60
Board [8h Jh 9d 4d Qd]
Seat 6: d0a398(small blind)won ($60) with Kings-High Straight
Seat 2: 277971b4 folded before Flop (didn't bet)
Seat 5: 4eb4e745 folded before Flop (didn't bet)
Seat 1: 4ce1b43 folded before Flop (didn't bet)
Seat 7: Hero(big blind) folded on the Flop
Seat 3: 13d0232d folded before Flop (didn't bet)
Seat 4: 5e5bc6b9 folded on the River



