Poker Hand #ring_866643055: NLH No Limit ($1/$2) - 2025/05/09 01:51:27
Table 'MR NLH BOMBPOT 1/2' 7-max Seat #5 is the button
Seat 3: e312ecdb ($1,748.97 in chips)
Seat 4: 93a8d90d ($549.42 in chips)
Seat 5: 2d71258f ($735.61 in chips)
Seat 1: Hero ($1,220.22 in chips)
Seat 6: bba3d197 ($571.13 in chips)
Seat 2: 6bbad686 ($249.73 in chips)
Seat 7: 43cc64b6 ($405.17 in chips)
bba3d197: posts small blind $1
43cc64b6: posts big blind $2
*** HOLE CARDS ***
Dealt to e312ecdb 
Dealt to 93a8d90d 
Dealt to 2d71258f 
Dealt to Hero [4d 2d]
Dealt to bba3d197 
Dealt to 6bbad686 
Dealt to 43cc64b6 
Hero: raises $4 to $6
6bbad686: folds
e312ecdb: folds
93a8d90d: folds
2d71258f: folds
bba3d197: folds
43cc64b6: folds
Uncalled bet ($4) returned to Hero
*** SHOWDOWN ***
Hero collected $5 from pot
*** SUMMARY ***
Total pot $5
Seat 3: e312ecdb folded before Flop (didn't bet)
Seat 4: 93a8d90d folded before Flop (didn't bet)
Seat 5: 2d71258f folded before Flop (didn't bet)
Seat 1: Herowon ($5)
Seat 6: bba3d197(small blind) folded before Flop
Seat 2: 6bbad686 folded before Flop (didn't bet)
Seat 7: 43cc64b6(big blind) folded before Flop



Poker Hand #ring_866641743: NLH No Limit ($1/$2) - 2025/05/09 01:50:42
Table 'MR NLH BOMBPOT 1/2' 7-max Seat #4 is the button
Seat 3: e312ecdb ($1,754.97 in chips)
Seat 4: 93a8d90d ($570.62 in chips)
Seat 5: 2d71258f ($736.61 in chips)
Seat 1: Hero ($1,220.22 in chips)
Seat 6: bba3d197 ($545.65 in chips)
Seat 2: 6bbad686 ($249.73 in chips)
Seat 7: 43cc64b6 ($405.17 in chips)
2d71258f: posts small blind $1
bba3d197: posts big blind $2
*** HOLE CARDS ***
Dealt to e312ecdb 
Dealt to 93a8d90d 
Dealt to 2d71258f 
Dealt to Hero [9d 4d]
Dealt to bba3d197 
Dealt to 6bbad686 
Dealt to 43cc64b6 
43cc64b6: folds
Hero: folds
6bbad686: folds
e312ecdb: raises $4 to $6
93a8d90d: calls $6
2d71258f: folds
bba3d197: calls $4
*** FLOP *** [Qd 4h 3d]
bba3d197: checks
e312ecdb: checks
93a8d90d: bets $15.2
bba3d197: calls $15.2
e312ecdb: folds
*** TURN *** [Qd 4h 3d] [Tc]
bba3d197: checks
93a8d90d: checks
*** RIVER *** [Qd 4h 3d Tc] [Kh]
bba3d197: checks
93a8d90d: checks
93a8d90d: shows [Ad 5d]
bba3d197: shows [Kd 6d]
*** SHOWDOWN ***
bba3d197 collected $49.4 from pot
*** SUMMARY ***
Total pot $49.4
Board [Qd 4h 3d Tc Kh]
Seat 3: e312ecdb folded on the Flop
Seat 4: 93a8d90d showed [Ad 5d] and lost with Ace-High
Seat 5: 2d71258f(small blind) folded before Flop
Seat 1: Hero folded before Flop (didn't bet)
Seat 6: bba3d197(big blind) showed [Kd 6d] and won ($49.4) with Pair of Kings
Seat 2: 6bbad686 folded before Flop (didn't bet)
Seat 7: 43cc64b6 folded before Flop (didn't bet)



Poker Hand #ring_866640469: NLH No Limit ($1/$2) - 2025/05/09 01:49:58
Table 'MR NLH BOMBPOT 1/2' 7-max Seat #3 is the button
Seat 3: e312ecdb ($1,741.97 in chips)
Seat 4: 93a8d90d ($571.62 in chips)
Seat 5: 2d71258f ($738.61 in chips)
Seat 1: Hero ($1,220.22 in chips)
Seat 6: bba3d197 ($545.65 in chips)
Seat 2: 6bbad686 ($251.73 in chips)
Seat 7: 43cc64b6 ($413.17 in chips)
93a8d90d: posts small blind $1
2d71258f: posts big blind $2
6bbad686: posts big blind $2
*** HOLE CARDS ***
Dealt to e312ecdb 
Dealt to 93a8d90d 
Dealt to 2d71258f 
Dealt to Hero [7s 3c]
Dealt to bba3d197 
Dealt to 6bbad686 
Dealt to 43cc64b6 
bba3d197: folds
43cc64b6: raises $6 to $8
Hero: folds
6bbad686: folds
e312ecdb: raises $21 to $29
93a8d90d: folds
2d71258f: folds
43cc64b6: folds
Uncalled bet ($21) returned to e312ecdb
*** SHOWDOWN ***
e312ecdb collected $21 from pot
*** SUMMARY ***
Total pot $21
Seat 3: e312ecdbwon ($21)
Seat 4: 93a8d90d(small blind) folded before Flop
Seat 5: 2d71258f(big blind) folded before Flop
Seat 1: Hero folded before Flop (didn't bet)
Seat 6: bba3d197 folded before Flop (didn't bet)
Seat 2: 6bbad686 folded before Flop
Seat 7: 43cc64b6 folded before Flop



Poker Hand #ring_866639757: NLH No Limit ($1/$2) - 2025/05/09 01:49:34
Table 'MR NLH BOMBPOT 1/2' 7-max Seat #1 is the button
Seat 3: e312ecdb ($1,742.97 in chips)
Seat 4: 93a8d90d ($570.62 in chips)
Seat 5: 2d71258f ($738.61 in chips)
Seat 1: Hero ($1,220.22 in chips)
Seat 6: bba3d197 ($545.65 in chips)
Seat 7: 43cc64b6 ($413.17 in chips)
e312ecdb: posts small blind $1
93a8d90d: posts big blind $2
*** HOLE CARDS ***
Dealt to e312ecdb 
Dealt to 93a8d90d 
Dealt to 2d71258f 
Dealt to Hero [Qc 9h]
Dealt to bba3d197 
Dealt to 43cc64b6 
2d71258f: folds
bba3d197: folds
43cc64b6: folds
Hero: folds
e312ecdb: folds
*** SHOWDOWN ***
93a8d90d collected $3 from pot
*** SUMMARY ***
Total pot $3
Seat 3: e312ecdb(small blind) folded before Flop
Seat 4: 93a8d90d(big blind)won ($3)
Seat 5: 2d71258f folded before Flop (didn't bet)
Seat 1: Hero folded before Flop (didn't bet)
Seat 6: bba3d197 folded before Flop (didn't bet)
Seat 7: 43cc64b6 folded before Flop (didn't bet)



Poker Hand #ring_866638620: NLH No Limit ($1/$2) - 2025/05/09 01:48:54
Table 'MR NLH BOMBPOT 1/2' 7-max Seat #7 is the button
Seat 3: e312ecdb ($1,744.97 in chips)
Seat 4: 93a8d90d ($560.47 in chips)
Seat 5: 2d71258f ($746.61 in chips)
Seat 1: Hero ($1,221.22 in chips)
Seat 6: bba3d197 ($545.65 in chips)
Seat 7: 43cc64b6 ($413.17 in chips)
Hero: posts small blind $1
e312ecdb: posts big blind $2
*** HOLE CARDS ***
Dealt to e312ecdb 
Dealt to 93a8d90d 
Dealt to 2d71258f 
Dealt to Hero [7h 2c]
Dealt to bba3d197 
Dealt to 43cc64b6 
93a8d90d: raises $6 to $8
2d71258f: calls $8
bba3d197: folds
43cc64b6: folds
Hero: folds
e312ecdb: folds
*** FLOP *** [Kc Jc Kd]
93a8d90d: checks
2d71258f: checks
*** TURN *** [Kc Jc Kd] [Tc]
93a8d90d: bets $15.2
2d71258f: folds
Uncalled bet ($15.2) returned to 93a8d90d
*** SHOWDOWN ***
93a8d90d collected $19 from pot
*** SUMMARY ***
Total pot $19
Board [Kc Jc Kd Tc]
Seat 3: e312ecdb(big blind) folded before Flop
Seat 4: 93a8d90dwon ($19) with Pair of Kings and Pair of Tens
Seat 5: 2d71258f folded on the Turn
Seat 1: Hero(small blind) folded before Flop
Seat 6: bba3d197 folded before Flop (didn't bet)
Seat 7: 43cc64b6 folded before Flop (didn't bet)



Poker Hand #ring_866637807: NLH No Limit ($1/$2) - 2025/05/09 01:48:27
Table 'MR NLH BOMBPOT 1/2' 7-max Seat #6 is the button
Seat 3: e312ecdb ($1,754.97 in chips)
Seat 4: 93a8d90d ($513.67 in chips)
Seat 5: 2d71258f ($756.61 in chips)
Seat 1: Hero ($1,231.22 in chips)
Seat 6: bba3d197 ($555.65 in chips)
Seat 7: 43cc64b6 ($423.17 in chips)
43cc64b6: posts the ante $10
Hero: posts the ante $10
e312ecdb: posts the ante $10
93a8d90d: posts the ante $10
2d71258f: posts the ante $10
bba3d197: posts the ante $10
*** HOLE CARDS ***
Dealt to e312ecdb 
Dealt to 93a8d90d 
Dealt to 2d71258f 
Dealt to Hero [Td Qh]
Dealt to bba3d197 
Dealt to 43cc64b6 
*** FLOP *** [Ts As 2d]
43cc64b6: checks
Hero: checks
e312ecdb: checks
93a8d90d: bets $48
2d71258f: folds
bba3d197: folds
43cc64b6: folds
Hero: folds
e312ecdb: folds
Uncalled bet ($48) returned to 93a8d90d
*** SHOWDOWN ***
93a8d90d collected $60 from pot
*** SUMMARY ***
Total pot $60
Board [Ts As 2d]
Seat 3: e312ecdb folded on the Flop
Seat 4: 93a8d90dwon ($60) with Pair of Aces
Seat 5: 2d71258f folded on the Flop
Seat 1: Hero(big blind) folded on the Flop
Seat 6: bba3d197 folded on the Flop
Seat 7: 43cc64b6(small blind) folded on the Flop



Poker Hand #ring_866637149: NLH No Limit ($1/$2) - 2025/05/09 01:48:04
Table 'MR NLH BOMBPOT 1/2' 7-max Seat #5 is the button
Seat 3: e312ecdb ($1,754.97 in chips)
Seat 4: 93a8d90d ($513.67 in chips)
Seat 5: 2d71258f ($756.61 in chips)
Seat 1: Hero ($1,231.22 in chips)
Seat 6: bba3d197 ($556.65 in chips)
Seat 7: 43cc64b6 ($422.17 in chips)
bba3d197: posts small blind $1
43cc64b6: posts big blind $2
*** HOLE CARDS ***
Dealt to e312ecdb 
Dealt to 93a8d90d 
Dealt to 2d71258f 
Dealt to Hero [Td Kh]
Dealt to bba3d197 
Dealt to 43cc64b6 
Hero: folds
e312ecdb: folds
93a8d90d: folds
2d71258f: folds
bba3d197: folds
*** SHOWDOWN ***
43cc64b6 collected $3 from pot
*** SUMMARY ***
Total pot $3
Seat 3: e312ecdb folded before Flop (didn't bet)
Seat 4: 93a8d90d folded before Flop (didn't bet)
Seat 5: 2d71258f folded before Flop (didn't bet)
Seat 1: Hero folded before Flop (didn't bet)
Seat 6: bba3d197(small blind) folded before Flop
Seat 7: 43cc64b6(big blind)won ($3)



Poker Hand #ring_866636526: NLH No Limit ($1/$2) - 2025/05/09 01:47:42
Table 'MR NLH BOMBPOT 1/2' 7-max Seat #4 is the button
Seat 3: e312ecdb ($1,754.97 in chips)
Seat 4: 93a8d90d ($510.67 in chips)
Seat 5: 2d71258f ($757.61 in chips)
Seat 1: Hero ($1,231.22 in chips)
Seat 6: bba3d197 ($558.65 in chips)
Seat 7: 43cc64b6 ($422.17 in chips)
2d71258f: posts small blind $1
bba3d197: posts big blind $2
*** HOLE CARDS ***
Dealt to e312ecdb 
Dealt to 93a8d90d 
Dealt to 2d71258f 
Dealt to Hero [2s Ks]
Dealt to bba3d197 
Dealt to 43cc64b6 
43cc64b6: folds
Hero: folds
e312ecdb: folds
93a8d90d: raises $6 to $8
2d71258f: folds
bba3d197: folds
Uncalled bet ($6) returned to 93a8d90d
*** SHOWDOWN ***
93a8d90d collected $5 from pot
*** SUMMARY ***
Total pot $5
Seat 3: e312ecdb folded before Flop (didn't bet)
Seat 4: 93a8d90dwon ($5)
Seat 5: 2d71258f(small blind) folded before Flop
Seat 1: Hero folded before Flop (didn't bet)
Seat 6: bba3d197(big blind) folded before Flop
Seat 7: 43cc64b6 folded before Flop (didn't bet)



Poker Hand #ring_866634824: NLH No Limit ($1/$2) - 2025/05/09 01:46:43
Table 'MR NLH BOMBPOT 1/2' 7-max Seat #3 is the button
Seat 3: e312ecdb ($1,754.97 in chips)
Seat 4: 93a8d90d ($527.87 in chips)
Seat 5: 2d71258f ($736.72 in chips)
Seat 1: Hero ($1,237.22 in chips)
Seat 6: bba3d197 ($558.65 in chips)
Seat 7: 43cc64b6 ($422.17 in chips)
93a8d90d: posts small blind $1
2d71258f: posts big blind $2
*** HOLE CARDS ***
Dealt to e312ecdb 
Dealt to 93a8d90d 
Dealt to 2d71258f 
Dealt to Hero [Ks Qd]
Dealt to bba3d197 
Dealt to 43cc64b6 
bba3d197: folds
43cc64b6: folds
Hero: raises $4 to $6
e312ecdb: folds
93a8d90d: raises $11.2 to $17.2
2d71258f: calls $15.2
Hero: folds
*** FLOP *** [3h 9c 6s]
93a8d90d: checks
2d71258f: checks
*** TURN *** [3h 9c 6s] [Qs]
93a8d90d: checks
2d71258f: bets $30.3
93a8d90d: folds
Uncalled bet ($30.3) returned to 2d71258f
*** SHOWDOWN ***
2d71258f collected $40.4 from pot
*** SUMMARY ***
Total pot $40.4
Board [3h 9c 6s Qs]
Seat 3: e312ecdb folded before Flop (didn't bet)
Seat 4: 93a8d90d(small blind) folded on the Turn
Seat 5: 2d71258f(big blind)won ($40.4) with Ace-High
Seat 1: Hero folded before Flop
Seat 6: bba3d197 folded before Flop (didn't bet)
Seat 7: 43cc64b6 folded before Flop (didn't bet)



Poker Hand #ring_866633414: NLH No Limit ($1/$2) - 2025/05/09 01:45:53
Table 'MR NLH BOMBPOT 1/2' 7-max Seat #2 is the button
Seat 3: e312ecdb ($1,606.72 in chips)
Seat 4: 93a8d90d ($529.87 in chips)
Seat 5: 2d71258f ($736.72 in chips)
Seat 1: Hero ($1,237.22 in chips)
Seat 2: 4e945366 ($156.11 in chips)
Seat 6: bba3d197 ($563.65 in chips)
Seat 7: 43cc64b6 ($422.17 in chips)
e312ecdb: posts small blind $1
93a8d90d: posts big blind $2
*** HOLE CARDS ***
Dealt to e312ecdb 
Dealt to 93a8d90d 
Dealt to 2d71258f 
Dealt to Hero [6d 8c]
Dealt to 4e945366 
Dealt to bba3d197 
Dealt to 43cc64b6 
2d71258f: folds
bba3d197: raises $3 to $5
43cc64b6: folds
Hero: folds
4e945366: raises $13 to $18
e312ecdb: raises $43 to $61
93a8d90d: folds
bba3d197: folds
4e945366: calls $43
*** FLOP *** [2c 5s 8s]
e312ecdb: bets $42.57
4e945366: calls $42.57
*** TURN *** [2c 5s 8s] [7d]
e312ecdb: bets $1,503.15 and is all-in
4e945366: calls $52.54 and is all-in
Uncalled bet ($1,450.61) returned to e312ecdb
4e945366: shows [As Td]
e312ecdb: shows [Ad Ah]
*** RIVER *** [2c 5s 8s 7d] [Qh]
*** SHOWDOWN ***
e312ecdb collected $319.22 from pot
*** SUMMARY ***
Total pot $319.22
Board [2c 5s 8s 7d Qh]
Seat 3: e312ecdb(small blind) showed [Ad Ah] and won ($319.22) with Pair of Aces
Seat 4: 93a8d90d(big blind) folded before Flop
Seat 5: 2d71258f folded before Flop (didn't bet)
Seat 1: Hero folded before Flop (didn't bet)
Seat 2: 4e945366 showed [As Td] and lost with Ace-High
Seat 6: bba3d197 folded before Flop
Seat 7: 43cc64b6 folded before Flop (didn't bet)



Poker Hand #ring_866632069: NLH No Limit ($1/$2) - 2025/05/09 01:45:06
Table 'MR NLH BOMBPOT 1/2' 7-max Seat #1 is the button
Seat 3: e312ecdb ($1,608.72 in chips)
Seat 4: 93a8d90d ($529.87 in chips)
Seat 5: 2d71258f ($759.72 in chips)
Seat 1: Hero ($1,237.22 in chips)
Seat 2: 4e945366 ($133.77 in chips)
Seat 6: bba3d197 ($563.65 in chips)
Seat 7: 43cc64b6 ($422.17 in chips)
4e945366: posts small blind $1
e312ecdb: posts big blind $2
*** HOLE CARDS ***
Dealt to e312ecdb 
Dealt to 93a8d90d 
Dealt to 2d71258f 
Dealt to Hero [7c 3h]
Dealt to 4e945366 
Dealt to bba3d197 
Dealt to 43cc64b6 
93a8d90d: folds
2d71258f: raises $5 to $7
bba3d197: folds
43cc64b6: folds
Hero: folds
4e945366: raises $16 to $23
e312ecdb: folds
2d71258f: calls $16
*** FLOP *** [9d 6s As]
4e945366: bets $36
2d71258f: folds
Uncalled bet ($36) returned to 4e945366
*** SHOWDOWN ***
4e945366 collected $48 from pot
*** SUMMARY ***
Total pot $48
Board [9d 6s As]
Seat 3: e312ecdb(big blind) folded before Flop
Seat 4: 93a8d90d folded before Flop (didn't bet)
Seat 5: 2d71258f folded on the Flop
Seat 1: Hero folded before Flop (didn't bet)
Seat 2: 4e945366(small blind)won ($48) with Pair of Jacks
Seat 6: bba3d197 folded before Flop (didn't bet)
Seat 7: 43cc64b6 folded before Flop (didn't bet)



Poker Hand #ring_866630104: NLH No Limit ($1/$2) - 2025/05/09 01:43:58
Table 'MR NLH BOMBPOT 1/2' 7-max Seat #7 is the button
Seat 3: e312ecdb ($1,614.72 in chips)
Seat 4: 93a8d90d ($529.87 in chips)
Seat 5: 2d71258f ($759.72 in chips)
Seat 1: Hero ($1,238.22 in chips)
Seat 2: 4e945366 ($139.77 in chips)
Seat 6: bba3d197 ($563.65 in chips)
Seat 7: 43cc64b6 ($410.02 in chips)
Hero: posts small blind $1
4e945366: posts big blind $2
*** HOLE CARDS ***
Dealt to e312ecdb 
Dealt to 93a8d90d 
Dealt to 2d71258f 
Dealt to Hero [3d 7c]
Dealt to 4e945366 
Dealt to bba3d197 
Dealt to 43cc64b6 
e312ecdb: raises $4 to $6
93a8d90d: folds
2d71258f: folds
bba3d197: folds
43cc64b6: calls $6
Hero: folds
4e945366: calls $4
*** FLOP *** [Tc 8c 6c]
4e945366: checks
e312ecdb: checks
43cc64b6: checks
*** TURN *** [Tc 8c 6c] [7d]
4e945366: checks
e312ecdb: checks
43cc64b6: bets $14.25
4e945366: folds
e312ecdb: folds
Uncalled bet ($14.25) returned to 43cc64b6
*** SHOWDOWN ***
43cc64b6 collected $19 from pot
*** SUMMARY ***
Total pot $19
Board [Tc 8c 6c 7d]
Seat 3: e312ecdb folded on the Turn
Seat 4: 93a8d90d folded before Flop (didn't bet)
Seat 5: 2d71258f folded before Flop (didn't bet)
Seat 1: Hero(small blind) folded before Flop
Seat 2: 4e945366(big blind) folded on the Turn
Seat 6: bba3d197 folded before Flop (didn't bet)
Seat 7: 43cc64b6won ($19) with Ace-High



Poker Hand #ring_866629049: NLH No Limit ($1/$2) - 2025/05/09 01:43:21
Table 'MR NLH BOMBPOT 1/2' 7-max Seat #6 is the button
Seat 3: e312ecdb ($1,614.72 in chips)
Seat 4: 93a8d90d ($529.87 in chips)
Seat 5: 2d71258f ($759.72 in chips)
Seat 1: Hero ($1,240.22 in chips)
Seat 2: 4e945366 ($139.77 in chips)
Seat 6: bba3d197 ($560.65 in chips)
Seat 7: 43cc64b6 ($411.02 in chips)
43cc64b6: posts small blind $1
Hero: posts big blind $2
*** HOLE CARDS ***
Dealt to e312ecdb 
Dealt to 93a8d90d 
Dealt to 2d71258f 
Dealt to Hero [4d 9h]
Dealt to 4e945366 
Dealt to bba3d197 
Dealt to 43cc64b6 
4e945366: folds
e312ecdb: folds
93a8d90d: folds
2d71258f: folds
bba3d197: raises $3 to $5
43cc64b6: folds
Hero: folds
Uncalled bet ($3) returned to bba3d197
*** SHOWDOWN ***
bba3d197 collected $5 from pot
*** SUMMARY ***
Total pot $5
Seat 3: e312ecdb folded before Flop (didn't bet)
Seat 4: 93a8d90d folded before Flop (didn't bet)
Seat 5: 2d71258f folded before Flop (didn't bet)
Seat 1: Hero(big blind) folded before Flop
Seat 2: 4e945366 folded before Flop (didn't bet)
Seat 6: bba3d197won ($5)
Seat 7: 43cc64b6(small blind) folded before Flop



Poker Hand #ring_866626854: NLH No Limit ($1/$2) - 2025/05/09 01:42:05
Table 'MR NLH BOMBPOT 1/2' 7-max Seat #5 is the button
Seat 3: e312ecdb ($1,614.72 in chips)
Seat 4: 93a8d90d ($529.87 in chips)
Seat 5: 2d71258f ($759.72 in chips)
Seat 1: Hero ($1,240.22 in chips)
Seat 2: 4e945366 ($161.77 in chips)
Seat 6: bba3d197 ($400 in chips)
Seat 7: 43cc64b6 ($565.02 in chips)
bba3d197: posts small blind $1
43cc64b6: posts big blind $2
*** HOLE CARDS ***
Dealt to e312ecdb 
Dealt to 93a8d90d 
Dealt to 2d71258f 
Dealt to Hero [Jc 6d]
Dealt to 4e945366 
Dealt to bba3d197 
Dealt to 43cc64b6 
Hero: folds
4e945366: raises $4 to $6
e312ecdb: folds
93a8d90d: folds
2d71258f: folds
bba3d197: raises $16 to $22
43cc64b6: calls $20
4e945366: calls $16
*** FLOP *** [5d 5c 9d]
bba3d197: checks
43cc64b6: checks
4e945366: checks
*** TURN *** [5d 5c 9d] [8d]
bba3d197: checks
43cc64b6: bets $33
4e945366: folds
bba3d197: calls $33
*** RIVER *** [5d 5c 9d 8d] [4d]
bba3d197: checks
43cc64b6: bets $99
bba3d197: calls $99
bba3d197: shows [Ks Qd]
43cc64b6: shows [8h Th]
*** SHOWDOWN ***
bba3d197 collected $330 from pot
*** SUMMARY ***
Total pot $330
Board [5d 5c 9d 8d 4d]
Seat 3: e312ecdb folded before Flop (didn't bet)
Seat 4: 93a8d90d folded before Flop (didn't bet)
Seat 5: 2d71258f folded before Flop (didn't bet)
Seat 1: Hero folded before Flop (didn't bet)
Seat 2: 4e945366 folded on the Turn
Seat 6: bba3d197(small blind) showed [Ks Qd] and won ($330) with Queen High Flush
Seat 7: 43cc64b6(big blind) showed [8h Th] and lost with Pair of Eights and Pair of Fives



Poker Hand #ring_866625248: NLH No Limit ($1/$2) - 2025/05/09 01:41:08
Table 'MR NLH BOMBPOT 1/2' 7-max Seat #4 is the button
Seat 3: e312ecdb ($1,620.72 in chips)
Seat 4: 93a8d90d ($535.87 in chips)
Seat 5: 2d71258f ($727.72 in chips)
Seat 1: Hero ($1,246.22 in chips)
Seat 2: 4e945366 ($167.77 in chips)
Seat 6: bba3d197 ($400 in chips)
Seat 7: 43cc64b6 ($571.02 in chips)
2d71258f: posts small blind $1
bba3d197: posts big blind $2
*** HOLE CARDS ***
Dealt to e312ecdb 
Dealt to 93a8d90d 
Dealt to 2d71258f 
Dealt to Hero [As Tc]
Dealt to 4e945366 
Dealt to bba3d197 
Dealt to 43cc64b6 
43cc64b6: raises $4 to $6
Hero: calls $6
4e945366: calls $6
e312ecdb: calls $6
93a8d90d: calls $6
2d71258f: raises $60 to $66
bba3d197: folds
43cc64b6: folds
Hero: folds
4e945366: folds
e312ecdb: folds
93a8d90d: folds
Uncalled bet ($60) returned to 2d71258f
*** SHOWDOWN ***
2d71258f collected $38 from pot
*** SUMMARY ***
Total pot $38
Seat 3: e312ecdb folded before Flop
Seat 4: 93a8d90d folded before Flop
Seat 5: 2d71258f(small blind)won ($38)
Seat 1: Hero folded before Flop
Seat 2: 4e945366 folded before Flop
Seat 6: bba3d197(big blind) folded before Flop
Seat 7: 43cc64b6 folded before Flop



Poker Hand #ring_866623714: NLH No Limit ($1/$2) - 2025/05/09 01:40:14
Table 'MR NLH BOMBPOT 1/2' 7-max Seat #3 is the button
Seat 3: e312ecdb ($1,564.37 in chips)
Seat 4: 93a8d90d ($545.87 in chips)
Seat 5: 2d71258f ($737.72 in chips)
Seat 1: Hero ($1,256.22 in chips)
Seat 2: 4e945366 ($177.77 in chips)
Seat 6: bba3d197 ($400 in chips)
Seat 7: 43cc64b6 ($581.02 in chips)
93a8d90d: posts the ante $10
2d71258f: posts the ante $10
bba3d197: posts the ante $10
43cc64b6: posts the ante $10
Hero: posts the ante $10
4e945366: posts the ante $10
e312ecdb: posts the ante $10
*** HOLE CARDS ***
Dealt to e312ecdb 
Dealt to 93a8d90d 
Dealt to 2d71258f 
Dealt to Hero [As 7c]
Dealt to 4e945366 
Dealt to bba3d197 
Dealt to 43cc64b6 
*** FLOP *** [2h 4d Jh]
93a8d90d: checks
2d71258f: checks
bba3d197: checks
43cc64b6: checks
Hero: checks
4e945366: checks
e312ecdb: bets $23.1
93a8d90d: folds
2d71258f: folds
bba3d197: folds
43cc64b6: folds
Hero: folds
4e945366: folds
Uncalled bet ($23.1) returned to e312ecdb
*** SHOWDOWN ***
e312ecdb collected $70 from pot
*** SUMMARY ***
Total pot $70
Board [2h 4d Jh]
Seat 3: e312ecdbwon ($70) with Ace-High
Seat 4: 93a8d90d(small blind) folded on the Flop
Seat 5: 2d71258f(big blind) folded on the Flop
Seat 1: Hero folded on the Flop
Seat 2: 4e945366 folded on the Flop
Seat 6: bba3d197 folded on the Flop
Seat 7: 43cc64b6 folded on the Flop



Poker Hand #ring_866622811: NLH No Limit ($1/$2) - 2025/05/09 01:39:43
Table 'MR NLH BOMBPOT 1/2' 7-max Seat #2 is the button
Seat 3: e312ecdb ($1,565.37 in chips)
Seat 4: 93a8d90d ($539.45 in chips)
Seat 5: 2d71258f ($737.72 in chips)
Seat 1: Hero ($1,256.22 in chips)
Seat 2: 4e945366 ($183.77 in chips)
Seat 6: bba3d197 ($400 in chips)
Seat 7: 43cc64b6 ($581.02 in chips)
e312ecdb: posts small blind $1
93a8d90d: posts big blind $2
*** HOLE CARDS ***
Dealt to e312ecdb 
Dealt to 93a8d90d 
Dealt to 2d71258f 
Dealt to Hero [9d 3s]
Dealt to 4e945366 
Dealt to bba3d197 
Dealt to 43cc64b6 
2d71258f: folds
bba3d197: folds
43cc64b6: folds
Hero: folds
4e945366: raises $4 to $6
e312ecdb: folds
93a8d90d: calls $4
*** FLOP *** [Qd 9c Ac]
93a8d90d: checks
4e945366: checks
*** TURN *** [Qd 9c Ac] [3d]
93a8d90d: bets $10.4
4e945366: folds
Uncalled bet ($10.4) returned to 93a8d90d
*** SHOWDOWN ***
93a8d90d collected $13 from pot
*** SUMMARY ***
Total pot $13
Board [Qd 9c Ac 3d]
Seat 3: e312ecdb(small blind) folded before Flop
Seat 4: 93a8d90d(big blind)won ($13) with Pair of Queens
Seat 5: 2d71258f folded before Flop (didn't bet)
Seat 1: Hero folded before Flop (didn't bet)
Seat 2: 4e945366 folded on the Turn
Seat 6: bba3d197 folded before Flop (didn't bet)
Seat 7: 43cc64b6 folded before Flop (didn't bet)



Poker Hand #ring_866620870: NLH No Limit ($1/$2) - 2025/05/09 01:38:33
Table 'MR NLH BOMBPOT 1/2' 7-max Seat #1 is the button
Seat 3: e312ecdb ($1,567.37 in chips)
Seat 4: 93a8d90d ($432.35 in chips)
Seat 5: 2d71258f ($737.72 in chips)
Seat 1: Hero ($1,256.22 in chips)
Seat 2: 4e945366 ($184.77 in chips)
Seat 6: bba3d197 ($400 in chips)
Seat 7: 43cc64b6 ($581.02 in chips)
4e945366: posts small blind $1
e312ecdb: posts big blind $2
*** HOLE CARDS ***
Dealt to e312ecdb 
Dealt to 93a8d90d 
Dealt to 2d71258f 
Dealt to Hero [Qs 3c]
Dealt to 4e945366 
Dealt to bba3d197 
Dealt to 43cc64b6 
93a8d90d: raises $6 to $8
2d71258f: folds
bba3d197: calls $8
43cc64b6: folds
Hero: folds
4e945366: folds
e312ecdb: folds
*** FLOP *** [3d Td 8s]
93a8d90d: bets $15.2
bba3d197: calls $15.2
*** TURN *** [3d Td 8s] [9d]
93a8d90d: bets $24.7
bba3d197: raises $67.19 to $91.89
93a8d90d: calls $67.19
*** RIVER *** [3d Td 8s 9d] [4c]
93a8d90d: checks
bba3d197: checks
93a8d90d: shows [Th 8c]
bba3d197: shows [Js Ts]
*** SHOWDOWN ***
93a8d90d collected $233.18 from pot
*** SUMMARY ***
Total pot $233.18
Board [3d Td 8s 9d 4c]
Seat 3: e312ecdb(big blind) folded before Flop
Seat 4: 93a8d90d showed [Th 8c] and won ($233.18) with Pair of Tens and Pair of Eights
Seat 5: 2d71258f folded before Flop (didn't bet)
Seat 1: Hero folded before Flop (didn't bet)
Seat 2: 4e945366(small blind) folded before Flop
Seat 6: bba3d197 showed [Js Ts] and lost with Pair of Tens
Seat 7: 43cc64b6 folded before Flop (didn't bet)



Poker Hand #ring_866619661: NLH No Limit ($1/$2) - 2025/05/09 01:37:50
Table 'MR NLH BOMBPOT 1/2' 7-max Seat #7 is the button
Seat 3: e312ecdb ($1,567.37 in chips)
Seat 4: 93a8d90d ($432.35 in chips)
Seat 5: 2d71258f ($737.72 in chips)
Seat 1: Hero ($1,348.22 in chips)
Seat 2: 4e945366 ($92 in chips)
Seat 6: bba3d197 ($399 in chips)
Seat 7: 43cc64b6 ($586.02 in chips)
Hero: posts small blind $1
4e945366: posts big blind $2
*** HOLE CARDS ***
Dealt to e312ecdb 
Dealt to 93a8d90d 
Dealt to 2d71258f 
Dealt to Hero [Ks As]
Dealt to 4e945366 
Dealt to bba3d197 
Dealt to 43cc64b6 
e312ecdb: folds
93a8d90d: folds
2d71258f: folds
bba3d197: raises $3 to $5
43cc64b6: calls $5
Hero: raises $24.65 to $29.65
4e945366: raises $62.35 to $92 and is all-in
bba3d197: folds
43cc64b6: folds
Hero: calls $62.35
Hero: shows [Ks As]
4e945366: shows [Jd Td]
*** FLOP *** [Qs 5c 8s]
*** TURN *** [Qs 5c 8s] [3h]
*** RIVER *** [Qs 5c 8s 3h] [9c]
*** SHOWDOWN ***
4e945366 collected $194 from pot
*** SUMMARY ***
Total pot $194
Board [Qs 5c 8s 3h 9c]
Seat 3: e312ecdb folded before Flop (didn't bet)
Seat 4: 93a8d90d folded before Flop (didn't bet)
Seat 5: 2d71258f folded before Flop (didn't bet)
Seat 1: Hero(small blind) showed [Ks As] and lost with Ace-High
Seat 2: 4e945366(big blind) showed [Jd Td] and won ($194) with Queens-High Straight
Seat 6: bba3d197 folded before Flop
Seat 7: 43cc64b6 folded before Flop



Poker Hand #ring_866617983: NLH No Limit ($1/$2) - 2025/05/09 01:36:51
Table 'MR NLH BOMBPOT 1/2' 7-max Seat #6 is the button
Seat 3: e312ecdb ($1,567.37 in chips)
Seat 4: 93a8d90d ($452.85 in chips)
Seat 5: 2d71258f ($737.72 in chips)
Seat 1: Hero ($1,321.47 in chips)
Seat 2: 4e945366 ($100 in chips)
Seat 6: bba3d197 ($399 in chips)
Seat 7: 43cc64b6 ($587.02 in chips)
43cc64b6: posts small blind $1
Hero: posts big blind $2
4e945366: posts big blind $2
*** HOLE CARDS ***
Dealt to e312ecdb 
Dealt to 93a8d90d 
Dealt to 2d71258f 
Dealt to Hero [Jd 8d]
Dealt to 4e945366 
Dealt to bba3d197 
Dealt to 43cc64b6 
4e945366: checks
e312ecdb: folds
93a8d90d: raises $6 to $8
2d71258f: folds
bba3d197: folds
43cc64b6: folds
Hero: calls $6
4e945366: calls $6
*** FLOP *** [7s Ad 9c]
Hero: checks
4e945366: checks
93a8d90d: bets $12.5
Hero: calls $12.5
4e945366: folds
*** TURN *** [7s Ad 9c] [Th]
Hero: checks
93a8d90d: checks
*** RIVER *** [7s Ad 9c Th] [Ks]
Hero: bets $25
93a8d90d: folds
Uncalled bet ($25) returned to Hero
*** SHOWDOWN ***
Hero collected $50 from pot
*** SUMMARY ***
Total pot $50
Board [7s Ad 9c Th Ks]
Seat 3: e312ecdb folded before Flop (didn't bet)
Seat 4: 93a8d90d folded on the River
Seat 5: 2d71258f folded before Flop (didn't bet)
Seat 1: Hero(big blind)won ($50) with Jacks-High Straight
Seat 2: 4e945366 folded on the Flop
Seat 6: bba3d197 folded before Flop (didn't bet)
Seat 7: 43cc64b6(small blind) folded before Flop



Poker Hand #ring_866616824: NLH No Limit ($1/$2) - 2025/05/09 01:36:09
Table 'MR NLH BOMBPOT 1/2' 7-max Seat #5 is the button
Seat 3: e312ecdb ($1,583.12 in chips)
Seat 4: 93a8d90d ($452.85 in chips)
Seat 5: 2d71258f ($737.72 in chips)
Seat 1: Hero ($1,321.47 in chips)
Seat 6: bba3d197 ($400 in chips)
Seat 7: 43cc64b6 ($572.23 in chips)
bba3d197: posts small blind $1
43cc64b6: posts big blind $2
*** HOLE CARDS ***
Dealt to e312ecdb 
Dealt to 93a8d90d 
Dealt to 2d71258f 
Dealt to Hero [2h Td]
Dealt to bba3d197 
Dealt to 43cc64b6 
Hero: folds
e312ecdb: raises $4 to $6
93a8d90d: folds
2d71258f: folds
bba3d197: folds
43cc64b6: calls $4
*** FLOP *** [8d 3c Tc]
43cc64b6: checks
e312ecdb: checks
*** TURN *** [8d 3c Tc] [Ts]
43cc64b6: bets $9.75
e312ecdb: calls $9.75
*** RIVER *** [8d 3c Tc Ts] [7s]
43cc64b6: bets $24.37
e312ecdb: folds
Uncalled bet ($24.37) returned to 43cc64b6
*** SHOWDOWN ***
43cc64b6 collected $32.5 from pot
*** SUMMARY ***
Total pot $32.5
Board [8d 3c Tc Ts 7s]
Seat 3: e312ecdb folded on the River
Seat 4: 93a8d90d folded before Flop (didn't bet)
Seat 5: 2d71258f folded before Flop (didn't bet)
Seat 1: Hero folded before Flop (didn't bet)
Seat 6: bba3d197(small blind) folded before Flop
Seat 7: 43cc64b6(big blind)won ($32.5) with Pair of Tens



Poker Hand #ring_866615404: NLH No Limit ($1/$2) - 2025/05/09 01:35:20
Table 'MR NLH BOMBPOT 1/2' 7-max Seat #4 is the button
Seat 3: e312ecdb ($1,145.25 in chips)
Seat 4: 93a8d90d ($470.1 in chips)
Seat 5: 2d71258f ($738.72 in chips)
Seat 1: Hero ($1,338.72 in chips)
Seat 2: a1492d12 ($442.36 in chips)
Seat 6: bba3d197 ($400 in chips)
Seat 7: 43cc64b6 ($572.23 in chips)
2d71258f: posts small blind $1
bba3d197: posts big blind $2
*** HOLE CARDS ***
Dealt to e312ecdb 
Dealt to 93a8d90d 
Dealt to 2d71258f 
Dealt to Hero [9d Td]
Dealt to a1492d12 
Dealt to bba3d197 
Dealt to 43cc64b6 
43cc64b6: folds
Hero: raises $4 to $6
a1492d12: raises $11.25 to $17.25
e312ecdb: calls $17.25
93a8d90d: calls $17.25
2d71258f: folds
bba3d197: folds
Hero: calls $11.25
*** FLOP *** [Qs 6s Th]
Hero: checks
a1492d12: bets $54
e312ecdb: calls $54
93a8d90d: folds
Hero: folds
*** TURN *** [Qs 6s Th] [4s]
a1492d12: bets $135
e312ecdb: calls $135
*** RIVER *** [Qs 6s Th 4s] [5c]
a1492d12: bets $236.11 and is all-in
e312ecdb: calls $236.11
a1492d12: shows [Kh Qc]
e312ecdb: shows [As Js]
*** SHOWDOWN ***
e312ecdb collected $922.22 from pot
*** SUMMARY ***
Total pot $922.22
Board [Qs 6s Th 4s 5c]
Seat 3: e312ecdb showed [As Js] and won ($922.22) with Ace High Flush
Seat 4: 93a8d90d folded on the Flop
Seat 5: 2d71258f(small blind) folded before Flop
Seat 1: Hero folded on the Flop
Seat 2: a1492d12 showed [Kh Qc] and lost with Pair of Queens
Seat 6: bba3d197(big blind) folded before Flop
Seat 7: 43cc64b6 folded before Flop (didn't bet)



Poker Hand #ring_866614856: NLH No Limit ($1/$2) - 2025/05/09 01:35:01
Table 'MR NLH BOMBPOT 1/2' 7-max Seat #3 is the button
Seat 3: e312ecdb ($1,145.25 in chips)
Seat 4: 93a8d90d ($471.1 in chips)
Seat 5: 2d71258f ($737.72 in chips)
Seat 1: Hero ($1,338.72 in chips)
Seat 2: a1492d12 ($442.36 in chips)
Seat 7: 43cc64b6 ($572.23 in chips)
93a8d90d: posts small blind $1
2d71258f: posts big blind $2
*** HOLE CARDS ***
Dealt to e312ecdb 
Dealt to 93a8d90d 
Dealt to 2d71258f 
Dealt to Hero [4c 9s]
Dealt to a1492d12 
Dealt to 43cc64b6 
43cc64b6: folds
Hero: folds
a1492d12: folds
e312ecdb: folds
93a8d90d: folds
*** SHOWDOWN ***
2d71258f collected $3 from pot
*** SUMMARY ***
Total pot $3
Seat 3: e312ecdb folded before Flop (didn't bet)
Seat 4: 93a8d90d(small blind) folded before Flop
Seat 5: 2d71258f(big blind)won ($3)
Seat 1: Hero folded before Flop (didn't bet)
Seat 2: a1492d12 folded before Flop (didn't bet)
Seat 7: 43cc64b6 folded before Flop (didn't bet)



Poker Hand #ring_866613089: NLH No Limit ($1/$2) - 2025/05/09 01:33:58
Table 'MR NLH BOMBPOT 1/2' 7-max Seat #2 is the button
Seat 3: e312ecdb ($1,146.25 in chips)
Seat 4: 93a8d90d ($850.1 in chips)
Seat 5: 2d71258f ($379 in chips)
Seat 1: Hero ($1,338.72 in chips)
Seat 2: a1492d12 ($449.36 in chips)
Seat 7: 43cc64b6 ($579.23 in chips)
e312ecdb: posts small blind $1
93a8d90d: posts big blind $2
*** HOLE CARDS ***
Dealt to e312ecdb 
Dealt to 93a8d90d 
Dealt to 2d71258f 
Dealt to Hero [Jh 4d]
Dealt to a1492d12 
Dealt to 43cc64b6 
2d71258f: raises $5 to $7
43cc64b6: calls $7
Hero: folds
a1492d12: calls $7
e312ecdb: folds
93a8d90d: raises $23.2 to $30.2
2d71258f: raises $75.4 to $105.6
43cc64b6: folds
a1492d12: folds
93a8d90d: calls $75.4
*** FIRST FLOP *** [Qh 8s 9h]
93a8d90d: bets $744.5 and is all-in
2d71258f: calls $273.4 and is all-in
Uncalled bet ($471.1) returned to 93a8d90d
93a8d90d: shows [Ks Qs] (Pair of Queens)
2d71258f: shows [Kh Kd] (Pair of Kings)
*** FIRST TURN *** [Qh 8s 9h] [6h]
*** SECOND TURN *** [Qh 8s 9h] [9s]
*** FIRST RIVER *** [Qh 8s 9h 6h] [3d]
*** SECOND RIVER *** [Qh 8s 9h 9s] [Td]
*** FIRST SHOWDOWN ***
2d71258f collected $386.75 from pot
*** SECOND SHOWDOWN ***
2d71258f collected $386.25 from pot
*** SUMMARY ***
Total pot $773
Hand was run two timesFIRST Board [Qh 8s 9h 6h 3d]
SECOND Board [9s Td]
Seat 3: e312ecdb(small blind) folded before Flop
Seat 4: 93a8d90d(big blind) showed [Ks Qs] and lost with Pair of Queens / Pair of Queens and Pair of Nines
Seat 5: 2d71258f showed [Kh Kd] and won ($773) with Pair of Kings / Pair of Kings and Pair of Nines
Seat 1: Hero folded before Flop (didn't bet)
Seat 2: a1492d12 folded before Flop
Seat 7: 43cc64b6 folded before Flop



Poker Hand #ring_866612199: NLH No Limit ($1/$2) - 2025/05/09 01:33:28
Table 'MR NLH BOMBPOT 1/2' 7-max Seat #1 is the button
Seat 3: e312ecdb ($1,148.25 in chips)
Seat 6: 64769f33 ($242.08 in chips)
Seat 4: 93a8d90d ($850.1 in chips)
Seat 5: 2d71258f ($379 in chips)
Seat 1: Hero ($1,344.72 in chips)
Seat 2: a1492d12 ($441.36 in chips)
Seat 7: 43cc64b6 ($579.23 in chips)
a1492d12: posts small blind $1
e312ecdb: posts big blind $2
*** HOLE CARDS ***
Dealt to e312ecdb 
Dealt to 64769f33 
Dealt to 93a8d90d 
Dealt to 2d71258f 
Dealt to Hero [Ts Jd]
Dealt to a1492d12 
Dealt to 43cc64b6 
93a8d90d: folds
2d71258f: folds
64769f33: folds
43cc64b6: folds
Hero: raises $4 to $6
a1492d12: raises $14 to $20
e312ecdb: folds
Hero: folds
Uncalled bet ($14) returned to a1492d12
*** SHOWDOWN ***
a1492d12 collected $14 from pot
*** SUMMARY ***
Total pot $14
Seat 3: e312ecdb(big blind) folded before Flop
Seat 6: 64769f33 folded before Flop (didn't bet)
Seat 4: 93a8d90d folded before Flop (didn't bet)
Seat 5: 2d71258f folded before Flop (didn't bet)
Seat 1: Hero folded before Flop
Seat 2: a1492d12(small blind)won ($14)
Seat 7: 43cc64b6 folded before Flop (didn't bet)



Poker Hand #ring_866610357: NLH No Limit ($1/$2) - 2025/05/09 01:32:23
Table 'MR NLH BOMBPOT 1/2' 7-max Seat #7 is the button
Seat 3: e312ecdb ($1,158.25 in chips)
Seat 6: 64769f33 ($273.08 in chips)
Seat 4: 93a8d90d ($860.1 in chips)
Seat 5: 2d71258f ($389 in chips)
Seat 1: Hero ($1,375.72 in chips)
Seat 2: a1492d12 ($345.84 in chips)
Seat 7: 43cc64b6 ($589.23 in chips)
Hero: posts the ante $10
a1492d12: posts the ante $10
e312ecdb: posts the ante $10
93a8d90d: posts the ante $10
2d71258f: posts the ante $10
64769f33: posts the ante $10
43cc64b6: posts the ante $10
*** HOLE CARDS ***
Dealt to e312ecdb 
Dealt to 64769f33 
Dealt to 93a8d90d 
Dealt to 2d71258f 
Dealt to Hero [8s Jc]
Dealt to a1492d12 
Dealt to 43cc64b6 
*** FLOP *** [3c Th 8d]
Hero: bets $21
a1492d12: calls $21
e312ecdb: folds
93a8d90d: folds
2d71258f: folds
64769f33: calls $21
43cc64b6: folds
*** TURN *** [3c Th 8d] [6h]
Hero: checks
a1492d12: bets $133
64769f33: folds
Hero: folds
Uncalled bet ($133) returned to a1492d12
*** SHOWDOWN ***
a1492d12 collected $133 from pot
*** SUMMARY ***
Total pot $133
Board [3c Th 8d 6h]
Seat 3: e312ecdb folded on the Flop
Seat 6: 64769f33 folded on the Turn
Seat 4: 93a8d90d folded on the Flop
Seat 5: 2d71258f folded on the Flop
Seat 1: Hero(small blind) folded on the Turn
Seat 2: a1492d12(big blind)won ($133) with Pair of Tens and Pair of Sixes
Seat 7: 43cc64b6 folded on the Flop



Poker Hand #ring_866607802: NLH No Limit ($1/$2) - 2025/05/09 01:30:54
Table 'MR NLH BOMBPOT 1/2' 7-max Seat #6 is the button
Seat 3: e312ecdb ($1,215.81 in chips)
Seat 6: 64769f33 ($330.64 in chips)
Seat 4: 93a8d90d ($860.1 in chips)
Seat 5: 2d71258f ($389 in chips)
Seat 1: Hero ($1,377.72 in chips)
Seat 2: a1492d12 ($345.84 in chips)
Seat 7: 43cc64b6 ($480.47 in chips)
43cc64b6: posts small blind $1
Hero: posts big blind $2
*** HOLE CARDS ***
Dealt to e312ecdb 
Dealt to 64769f33 
Dealt to 93a8d90d 
Dealt to 2d71258f 
Dealt to Hero [Kc 4s]
Dealt to a1492d12 
Dealt to 43cc64b6 
a1492d12: folds
e312ecdb: raises $4 to $6
93a8d90d: folds
2d71258f: folds
64769f33: raises $11.25 to $17.25
43cc64b6: calls $16.25
Hero: folds
e312ecdb: calls $11.25
*** FLOP *** [8h 6s 2d]
43cc64b6: checks
e312ecdb: checks
64769f33: checks
*** TURN *** [8h 6s 2d] [Jd]
43cc64b6: checks
e312ecdb: bets $40.31
64769f33: calls $40.31
43cc64b6: calls $40.31
*** RIVER *** [8h 6s 2d Jd] [5s]
43cc64b6: checks
e312ecdb: checks
64769f33: checks
e312ecdb: shows [Ts Js]
64769f33: shows [Th Jh]
43cc64b6: shows [Kd Jc]
*** SHOWDOWN ***
43cc64b6 collected $174.68 from pot
*** SUMMARY ***
Total pot $174.68
Board [8h 6s 2d Jd 5s]
Seat 3: e312ecdb showed [Ts Js] and lost with Pair of Jacks
Seat 6: 64769f33 showed [Th Jh] and lost with Pair of Jacks
Seat 4: 93a8d90d folded before Flop (didn't bet)
Seat 5: 2d71258f folded before Flop (didn't bet)
Seat 1: Hero(big blind) folded before Flop
Seat 2: a1492d12 folded before Flop (didn't bet)
Seat 7: 43cc64b6(small blind) showed [Kd Jc] and won ($174.68) with Pair of Jacks



Poker Hand #ring_866606659: NLH No Limit ($1/$2) - 2025/05/09 01:30:15
Table 'MR NLH BOMBPOT 1/2' 7-max Seat #5 is the button
Seat 3: e312ecdb ($1,215.81 in chips)
Seat 6: 64769f33 ($331.64 in chips)
Seat 4: 93a8d90d ($860.1 in chips)
Seat 5: 2d71258f ($395 in chips)
Seat 1: Hero ($1,377.72 in chips)
Seat 2: a1492d12 ($337.51 in chips)
Seat 7: 43cc64b6 ($482.47 in chips)
64769f33: posts small blind $1
43cc64b6: posts big blind $2
*** HOLE CARDS ***
Dealt to e312ecdb 
Dealt to 64769f33 
Dealt to 93a8d90d 
Dealt to 2d71258f 
Dealt to Hero [Kh 3d]
Dealt to a1492d12 
Dealt to 43cc64b6 
Hero: folds
a1492d12: raises $4 to $6
e312ecdb: folds
93a8d90d: folds
2d71258f: calls $6
64769f33: folds
43cc64b6: folds
*** FLOP *** [Ac Jc Jh]
a1492d12: bets $15
2d71258f: folds
Uncalled bet ($15) returned to a1492d12
*** SHOWDOWN ***
a1492d12 collected $15 from pot
*** SUMMARY ***
Total pot $15
Board [Ac Jc Jh]
Seat 3: e312ecdb folded before Flop (didn't bet)
Seat 6: 64769f33(small blind) folded before Flop
Seat 4: 93a8d90d folded before Flop (didn't bet)
Seat 5: 2d71258f folded on the Flop
Seat 1: Hero folded before Flop (didn't bet)
Seat 2: a1492d12won ($15) with Pair of Aces and Pair of Jacks
Seat 7: 43cc64b6(big blind) folded before Flop



Poker Hand #ring_866605732: NLH No Limit ($1/$2) - 2025/05/09 01:29:44
Table 'MR NLH BOMBPOT 1/2' 7-max Seat #4 is the button
Seat 3: e312ecdb ($1,215.81 in chips)
Seat 6: 64769f33 ($323.4 in chips)
Seat 4: 93a8d90d ($868.1 in chips)
Seat 5: 2d71258f ($396 in chips)
Seat 1: Hero ($1,377.72 in chips)
Seat 2: a1492d12 ($337.51 in chips)
Seat 7: 43cc64b6 ($482.47 in chips)
2d71258f: posts small blind $1
64769f33: posts big blind $2
*** HOLE CARDS ***
Dealt to e312ecdb 
Dealt to 64769f33 
Dealt to 93a8d90d 
Dealt to 2d71258f 
Dealt to Hero [4c Qd]
Dealt to a1492d12 
Dealt to 43cc64b6 
43cc64b6: folds
Hero: folds
a1492d12: folds
e312ecdb: folds
93a8d90d: raises $6 to $8
2d71258f: folds
64769f33: calls $6
*** FLOP *** [9h Jd 5c]
64769f33: checks
93a8d90d: checks
*** TURN *** [9h Jd 5c] [4h]
64769f33: bets $12.75
93a8d90d: folds
Uncalled bet ($12.75) returned to 64769f33
*** SHOWDOWN ***
64769f33 collected $17 from pot
*** SUMMARY ***
Total pot $17
Board [9h Jd 5c 4h]
Seat 3: e312ecdb folded before Flop (didn't bet)
Seat 6: 64769f33(big blind)won ($17) with Pair of Jacks
Seat 4: 93a8d90d folded on the Turn
Seat 5: 2d71258f(small blind) folded before Flop
Seat 1: Hero folded before Flop (didn't bet)
Seat 2: a1492d12 folded before Flop (didn't bet)
Seat 7: 43cc64b6 folded before Flop (didn't bet)



Poker Hand #ring_866604765: NLH No Limit ($1/$2) - 2025/05/09 01:29:10
Table 'MR NLH BOMBPOT 1/2' 7-max Seat #3 is the button
Seat 3: e312ecdb ($1,215.81 in chips)
Seat 6: 64769f33 ($328.4 in chips)
Seat 4: 93a8d90d ($869.1 in chips)
Seat 5: 2d71258f ($398 in chips)
Seat 1: Hero ($1,377.72 in chips)
Seat 2: a1492d12 ($324.51 in chips)
Seat 7: 43cc64b6 ($487.47 in chips)
93a8d90d: posts small blind $1
2d71258f: posts big blind $2
*** HOLE CARDS ***
Dealt to e312ecdb 
Dealt to 64769f33 
Dealt to 93a8d90d 
Dealt to 2d71258f 
Dealt to Hero [3s 5h]
Dealt to a1492d12 
Dealt to 43cc64b6 
64769f33: raises $3 to $5
43cc64b6: calls $5
Hero: folds
a1492d12: raises $39 to $44
e312ecdb: folds
93a8d90d: folds
2d71258f: folds
64769f33: folds
43cc64b6: folds
Uncalled bet ($39) returned to a1492d12
*** SHOWDOWN ***
a1492d12 collected $18 from pot
*** SUMMARY ***
Total pot $18
Seat 3: e312ecdb folded before Flop (didn't bet)
Seat 6: 64769f33 folded before Flop
Seat 4: 93a8d90d(small blind) folded before Flop
Seat 5: 2d71258f(big blind) folded before Flop
Seat 1: Hero folded before Flop (didn't bet)
Seat 2: a1492d12won ($18)
Seat 7: 43cc64b6 folded before Flop



Poker Hand #ring_866604058: NLH No Limit ($1/$2) - 2025/05/09 01:28:46
Table 'MR NLH BOMBPOT 1/2' 7-max Seat #2 is the button
Seat 3: e312ecdb ($1,216.81 in chips)
Seat 6: 64769f33 ($328.4 in chips)
Seat 4: 93a8d90d ($868.1 in chips)
Seat 5: 2d71258f ($398 in chips)
Seat 1: Hero ($1,377.72 in chips)
Seat 2: a1492d12 ($324.51 in chips)
Seat 7: 43cc64b6 ($487.47 in chips)
e312ecdb: posts small blind $1
93a8d90d: posts big blind $2
*** HOLE CARDS ***
Dealt to e312ecdb 
Dealt to 64769f33 
Dealt to 93a8d90d 
Dealt to 2d71258f 
Dealt to Hero [4c Kh]
Dealt to a1492d12 
Dealt to 43cc64b6 
2d71258f: folds
64769f33: folds
43cc64b6: folds
Hero: folds
a1492d12: folds
e312ecdb: folds
*** SHOWDOWN ***
93a8d90d collected $3 from pot
*** SUMMARY ***
Total pot $3
Seat 3: e312ecdb(small blind) folded before Flop
Seat 6: 64769f33 folded before Flop (didn't bet)
Seat 4: 93a8d90d(big blind)won ($3)
Seat 5: 2d71258f folded before Flop (didn't bet)
Seat 1: Hero folded before Flop (didn't bet)
Seat 2: a1492d12 folded before Flop (didn't bet)
Seat 7: 43cc64b6 folded before Flop (didn't bet)



Poker Hand #ring_866602551: NLH No Limit ($1/$2) - 2025/05/09 01:27:53
Table 'MR NLH BOMBPOT 1/2' 7-max Seat #1 is the button
Seat 3: e312ecdb ($1,218.81 in chips)
Seat 6: 64769f33 ($328.4 in chips)
Seat 4: 93a8d90d ($789.66 in chips)
Seat 5: 2d71258f ($398 in chips)
Seat 1: Hero ($1,377.72 in chips)
Seat 2: a1492d12 ($400.76 in chips)
Seat 7: 43cc64b6 ($495.47 in chips)
a1492d12: posts small blind $1
e312ecdb: posts big blind $2
*** HOLE CARDS ***
Dealt to e312ecdb 
Dealt to 64769f33 
Dealt to 93a8d90d 
Dealt to 2d71258f 
Dealt to Hero [2c 7s]
Dealt to a1492d12 
Dealt to 43cc64b6 
93a8d90d: raises $6 to $8
2d71258f: folds
64769f33: folds
43cc64b6: calls $8
Hero: folds
a1492d12: calls $7
e312ecdb: folds
*** FLOP *** [4d 4s Qd]
a1492d12: bets $19.5
93a8d90d: calls $19.5
43cc64b6: folds
*** TURN *** [4d 4s Qd] [4h]
a1492d12: bets $48.75
93a8d90d: calls $48.75
*** RIVER *** [4d 4s Qd 4h] [6h]
a1492d12: checks
93a8d90d: checks
a1492d12: shows [8h 6d]
93a8d90d: shows [8c 8d]
*** SHOWDOWN ***
93a8d90d collected $162.5 from pot
*** SUMMARY ***
Total pot $162.5
Board [4d 4s Qd 4h 6h]
Seat 3: e312ecdb(big blind) folded before Flop
Seat 6: 64769f33 folded before Flop (didn't bet)
Seat 4: 93a8d90d showed [8c 8d] and won ($162.5) with Fours Full over Eights
Seat 5: 2d71258f folded before Flop (didn't bet)
Seat 1: Hero folded before Flop (didn't bet)
Seat 2: a1492d12(small blind) showed [8h 6d] and lost with Fours Full over Sixes
Seat 7: 43cc64b6 folded on the Flop



Poker Hand #ring_866601248: NLH No Limit ($1/$2) - 2025/05/09 01:27:09
Table 'MR NLH BOMBPOT 1/2' 7-max Seat #7 is the button
Seat 3: e312ecdb ($1,218.81 in chips)
Seat 6: 64769f33 ($328.4 in chips)
Seat 4: 93a8d90d ($759.4 in chips)
Seat 5: 2d71258f ($400 in chips)
Seat 1: Hero ($1,398.92 in chips)
Seat 2: a1492d12 ($402.76 in chips)
Seat 7: 43cc64b6 ($503.47 in chips)
Hero: posts small blind $1
a1492d12: posts big blind $2
2d71258f: posts big blind $2
*** HOLE CARDS ***
Dealt to e312ecdb 
Dealt to 64769f33 
Dealt to 93a8d90d 
Dealt to 2d71258f 
Dealt to Hero [9s 7s]
Dealt to a1492d12 
Dealt to 43cc64b6 
e312ecdb: folds
93a8d90d: raises $6 to $8
2d71258f: folds
64769f33: folds
43cc64b6: calls $8
Hero: calls $7
a1492d12: folds
*** FLOP *** [9d 3s 3d]
Hero: bets $13.2
93a8d90d: raises $27.2 to $40.4
43cc64b6: folds
Hero: folds
Uncalled bet ($27.2) returned to 93a8d90d
*** SHOWDOWN ***
93a8d90d collected $54.4 from pot
*** SUMMARY ***
Total pot $54.4
Board [9d 3s 3d]
Seat 3: e312ecdb folded before Flop (didn't bet)
Seat 6: 64769f33 folded before Flop (didn't bet)
Seat 4: 93a8d90dwon ($54.4) with Pair of Kings and Pair of Treys
Seat 5: 2d71258f folded before Flop
Seat 1: Hero(small blind) folded on the Flop
Seat 2: a1492d12(big blind) folded before Flop
Seat 7: 43cc64b6 folded on the Flop



Poker Hand #ring_866599304: NLH No Limit ($1/$2) - 2025/05/09 01:26:02
Table 'MR NLH BOMBPOT 1/2' 7-max Seat #6 is the button
Seat 3: e312ecdb ($1,066.43 in chips)
Seat 6: 64769f33 ($328.4 in chips)
Seat 4: 93a8d90d ($759.4 in chips)
Seat 1: Hero ($1,400.92 in chips)
Seat 2: a1492d12 ($560.26 in chips)
Seat 7: 43cc64b6 ($511.47 in chips)
43cc64b6: posts small blind $1
Hero: posts big blind $2
*** HOLE CARDS ***
Dealt to e312ecdb 
Dealt to 64769f33 
Dealt to 93a8d90d 
Dealt to Hero [5s 8h]
Dealt to a1492d12 
Dealt to 43cc64b6 
a1492d12: raises $6 to $8
e312ecdb: calls $8
93a8d90d: folds
64769f33: folds
43cc64b6: calls $7
Hero: folds
*** FLOP *** [Td 2h 2d]
43cc64b6: checks
a1492d12: bets $19.5
e312ecdb: calls $19.5
43cc64b6: folds
*** TURN *** [Td 2h 2d] [Tc]
a1492d12: bets $32.5
e312ecdb: calls $32.5
*** RIVER *** [Td 2h 2d Tc] [Kd]
a1492d12: bets $97.5
e312ecdb: raises $107.25 to $204.75
a1492d12: folds
Uncalled bet ($107.25) returned to e312ecdb
*** SHOWDOWN ***
e312ecdb collected $325 from pot
*** SUMMARY ***
Total pot $325
Board [Td 2h 2d Tc Kd]
Seat 3: e312ecdbwon ($325) with Pair of Aces and Pair of Tens
Seat 6: 64769f33 folded before Flop (didn't bet)
Seat 4: 93a8d90d folded before Flop (didn't bet)
Seat 1: Hero(big blind) folded before Flop
Seat 2: a1492d12 folded on the River
Seat 7: 43cc64b6(small blind) folded on the Flop



Poker Hand #ring_866597939: NLH No Limit ($1/$2) - 2025/05/09 01:25:15
Table 'MR NLH BOMBPOT 1/2' 7-max Seat #4 is the button
Seat 3: e312ecdb ($1,086.93 in chips)
Seat 6: 64769f33 ($329.4 in chips)
Seat 4: 93a8d90d ($759.4 in chips)
Seat 1: Hero ($1,400.92 in chips)
Seat 2: a1492d12 ($580.76 in chips)
Seat 7: 43cc64b6 ($472.78 in chips)
64769f33: posts small blind $1
43cc64b6: posts big blind $2
*** HOLE CARDS ***
Dealt to e312ecdb 
Dealt to 64769f33 
Dealt to 93a8d90d 
Dealt to Hero [8c 9h]
Dealt to a1492d12 
Dealt to 43cc64b6 
Hero: folds
a1492d12: raises $6 to $8
e312ecdb: calls $8
93a8d90d: folds
64769f33: folds
43cc64b6: calls $6
*** FLOP *** [Ah Kh 5d]
43cc64b6: checks
a1492d12: checks
e312ecdb: checks
*** TURN *** [Ah Kh 5d] [9c]
43cc64b6: bets $12.5
a1492d12: calls $12.5
e312ecdb: calls $12.5
*** RIVER *** [Ah Kh 5d 9c] [6c]
43cc64b6: checks
a1492d12: checks
e312ecdb: checks
a1492d12: shows [Tc 9d]
e312ecdb: shows [3d 4d]
43cc64b6: shows [Jc Kd]
*** SHOWDOWN ***
43cc64b6 collected $62.5 from pot
*** SUMMARY ***
Total pot $62.5
Board [Ah Kh 5d 9c 6c]
Seat 3: e312ecdb showed [3d 4d] and lost with Ace-High
Seat 6: 64769f33(small blind) folded before Flop
Seat 4: 93a8d90d folded before Flop (didn't bet)
Seat 1: Hero folded before Flop (didn't bet)
Seat 2: a1492d12 showed [Tc 9d] and lost with Pair of Nines
Seat 7: 43cc64b6(big blind) showed [Jc Kd] and won ($62.5) with Pair of Kings



Poker Hand #ring_866596868: NLH No Limit ($1/$2) - 2025/05/09 01:24:38
Table 'MR NLH BOMBPOT 1/2' 7-max Seat #3 is the button
Seat 3: e312ecdb ($1,096.93 in chips)
Seat 6: 64769f33 ($339.4 in chips)
Seat 4: 93a8d90d ($769.4 in chips)
Seat 1: Hero ($1,410.92 in chips)
Seat 2: a1492d12 ($533.96 in chips)
Seat 7: 43cc64b6 ($482.78 in chips)
93a8d90d: posts the ante $10
64769f33: posts the ante $10
43cc64b6: posts the ante $10
Hero: posts the ante $10
a1492d12: posts the ante $10
e312ecdb: posts the ante $10
*** HOLE CARDS ***
Dealt to e312ecdb 
Dealt to 64769f33 
Dealt to 93a8d90d 
Dealt to Hero [Kd Th]
Dealt to a1492d12 
Dealt to 43cc64b6 
*** FLOP *** [Ac 9c As]
93a8d90d: checks
64769f33: checks
43cc64b6: checks
Hero: checks
a1492d12: bets $30
e312ecdb: folds
93a8d90d: folds
64769f33: folds
43cc64b6: folds
Hero: folds
Uncalled bet ($30) returned to a1492d12
*** SHOWDOWN ***
a1492d12 collected $60 from pot
*** SUMMARY ***
Total pot $60
Board [Ac 9c As]
Seat 3: e312ecdb folded on the Flop
Seat 6: 64769f33(big blind) folded on the Flop
Seat 4: 93a8d90d(small blind) folded on the Flop
Seat 1: Hero folded on the Flop
Seat 2: a1492d12won ($60) with Three Aces
Seat 7: 43cc64b6 folded on the Flop



Poker Hand #ring_866595485: NLH No Limit ($1/$2) - 2025/05/09 01:23:50
Table 'MR NLH BOMBPOT 1/2' 7-max Seat #2 is the button
Seat 3: e312ecdb ($1,127.43 in chips)
Seat 6: 64769f33 ($339.4 in chips)
Seat 4: 93a8d90d ($771.4 in chips)
Seat 1: Hero ($1,415.92 in chips)
Seat 2: a1492d12 ($500.02 in chips)
Seat 7: 43cc64b6 ($482.78 in chips)
e312ecdb: posts small blind $1
93a8d90d: posts big blind $2
*** HOLE CARDS ***
Dealt to e312ecdb 
Dealt to 64769f33 
Dealt to 93a8d90d 
Dealt to Hero [7s 4s]
Dealt to a1492d12 
Dealt to 43cc64b6 
64769f33: folds
43cc64b6: folds
Hero: raises $3 to $5
a1492d12: calls $5
e312ecdb: raises $8.5 to $13.5
93a8d90d: folds
Hero: folds
a1492d12: calls $8.5
*** FLOP *** [Ad 5h Ac]
e312ecdb: bets $17
a1492d12: calls $17
*** TURN *** [Ad 5h Ac] [As]
e312ecdb: checks
a1492d12: bets $51
e312ecdb: folds
Uncalled bet ($51) returned to a1492d12
*** SHOWDOWN ***
a1492d12 collected $68 from pot
*** SUMMARY ***
Total pot $68
Board [Ad 5h Ac As]
Seat 3: e312ecdb(small blind) folded on the Turn
Seat 6: 64769f33 folded before Flop (didn't bet)
Seat 4: 93a8d90d(big blind) folded before Flop
Seat 1: Hero folded before Flop
Seat 2: a1492d12won ($68) with Aces Full over Fives
Seat 7: 43cc64b6 folded before Flop (didn't bet)



Poker Hand #ring_866594745: NLH No Limit ($1/$2) - 2025/05/09 01:23:25
Table 'MR NLH BOMBPOT 1/2' 7-max Seat #1 is the button
Seat 3: e312ecdb ($1,129.43 in chips)
Seat 6: 64769f33 ($339.4 in chips)
Seat 4: 93a8d90d ($771.4 in chips)
Seat 5: 656d35 ($91.02 in chips)
Seat 1: Hero ($1,412.92 in chips)
Seat 2: a1492d12 ($501.02 in chips)
Seat 7: 43cc64b6 ($482.78 in chips)
a1492d12: posts small blind $1
e312ecdb: posts big blind $2
*** HOLE CARDS ***
Dealt to e312ecdb 
Dealt to 64769f33 
Dealt to 93a8d90d 
Dealt to 656d35 
Dealt to Hero [3d 6d]
Dealt to a1492d12 
Dealt to 43cc64b6 
93a8d90d: folds
656d35: folds
64769f33: folds
43cc64b6: folds
Hero: raises $4 to $6
a1492d12: folds
e312ecdb: folds
Uncalled bet ($4) returned to Hero
*** SHOWDOWN ***
Hero collected $5 from pot
*** SUMMARY ***
Total pot $5
Seat 3: e312ecdb(big blind) folded before Flop
Seat 6: 64769f33 folded before Flop (didn't bet)
Seat 4: 93a8d90d folded before Flop (didn't bet)
Seat 5: 656d35 folded before Flop (didn't bet)
Seat 1: Herowon ($5)
Seat 2: a1492d12(small blind) folded before Flop
Seat 7: 43cc64b6 folded before Flop (didn't bet)



Poker Hand #ring_866593372: NLH No Limit ($1/$2) - 2025/05/09 01:22:38
Table 'MR NLH BOMBPOT 1/2' 7-max Seat #7 is the button
Seat 3: e312ecdb ($1,129.43 in chips)
Seat 6: 64769f33 ($339.4 in chips)
Seat 4: 93a8d90d ($771.4 in chips)
Seat 1: Hero ($1,425.92 in chips)
Seat 2: a1492d12 ($503.02 in chips)
Seat 7: 43cc64b6 ($469.54 in chips)
Hero: posts small blind $1
a1492d12: posts big blind $2
*** HOLE CARDS ***
Dealt to e312ecdb 
Dealt to 64769f33 
Dealt to 93a8d90d 
Dealt to Hero [Ad 5d]
Dealt to a1492d12 
Dealt to 43cc64b6 
e312ecdb: folds
93a8d90d: folds
64769f33: folds
43cc64b6: calls $2
Hero: raises $4 to $6
a1492d12: folds
43cc64b6: calls $4
*** FLOP *** [7h Jh 6h]
Hero: bets $7
43cc64b6: calls $7
*** TURN *** [7h Jh 6h] [3d]
Hero: checks
43cc64b6: bets $21
Hero: folds
Uncalled bet ($21) returned to 43cc64b6
*** SHOWDOWN ***
43cc64b6 collected $28 from pot
*** SUMMARY ***
Total pot $28
Board [7h Jh 6h 3d]
Seat 3: e312ecdb folded before Flop (didn't bet)
Seat 6: 64769f33 folded before Flop (didn't bet)
Seat 4: 93a8d90d folded before Flop (didn't bet)
Seat 1: Hero(small blind) folded on the Turn
Seat 2: a1492d12(big blind) folded before Flop
Seat 7: 43cc64b6won ($28) with Pair of Sevens



Poker Hand #ring_866592517: NLH No Limit ($1/$2) - 2025/05/09 01:22:09
Table 'MR NLH BOMBPOT 1/2' 7-max Seat #6 is the button
Seat 3: e312ecdb ($1,129.43 in chips)
Seat 6: 64769f33 ($339.4 in chips)
Seat 4: 93a8d90d ($768.4 in chips)
Seat 5: 656d35 ($91.02 in chips)
Seat 1: Hero ($1,427.92 in chips)
Seat 2: a1492d12 ($503.02 in chips)
Seat 7: 43cc64b6 ($470.54 in chips)
43cc64b6: posts small blind $1
Hero: posts big blind $2
*** HOLE CARDS ***
Dealt to e312ecdb 
Dealt to 64769f33 
Dealt to 93a8d90d 
Dealt to 656d35 
Dealt to Hero [Ks 3d]
Dealt to a1492d12 
Dealt to 43cc64b6 
a1492d12: folds
e312ecdb: folds
93a8d90d: raises $6 to $8
656d35: folds
64769f33: folds
43cc64b6: folds
Hero: folds
Uncalled bet ($6) returned to 93a8d90d
*** SHOWDOWN ***
93a8d90d collected $5 from pot
*** SUMMARY ***
Total pot $5
Seat 3: e312ecdb folded before Flop (didn't bet)
Seat 6: 64769f33 folded before Flop (didn't bet)
Seat 4: 93a8d90dwon ($5)
Seat 5: 656d35 folded before Flop (didn't bet)
Seat 1: Hero(big blind) folded before Flop
Seat 2: a1492d12 folded before Flop (didn't bet)
Seat 7: 43cc64b6(small blind) folded before Flop



Poker Hand #ring_866591302: NLH No Limit ($1/$2) - 2025/05/09 01:21:28
Table 'MR NLH BOMBPOT 1/2' 7-max Seat #5 is the button
Seat 3: e312ecdb ($1,129.43 in chips)
Seat 6: 64769f33 ($340.4 in chips)
Seat 4: 93a8d90d ($776.4 in chips)
Seat 5: 656d35 ($91.02 in chips)
Seat 1: Hero ($1,427.92 in chips)
Seat 2: a1492d12 ($492.87 in chips)
Seat 7: 43cc64b6 ($472.54 in chips)
64769f33: posts small blind $1
43cc64b6: posts big blind $2
*** HOLE CARDS ***
Dealt to e312ecdb 
Dealt to 64769f33 
Dealt to 93a8d90d 
Dealt to 656d35 
Dealt to Hero [2s 8d]
Dealt to a1492d12 
Dealt to 43cc64b6 
Hero: folds
a1492d12: raises $6 to $8
e312ecdb: folds
93a8d90d: calls $8
656d35: folds
64769f33: folds
43cc64b6: folds
*** FLOP *** [Ah Js Qc]
a1492d12: checks
93a8d90d: checks
*** TURN *** [Ah Js Qc] [4d]
a1492d12: checks
93a8d90d: checks
*** RIVER *** [Ah Js Qc 4d] [6d]
a1492d12: checks
93a8d90d: checks
a1492d12: shows [Td Jd]
93a8d90d: shows [7c 6h]
*** SHOWDOWN ***
a1492d12 collected $19 from pot
*** SUMMARY ***
Total pot $19
Board [Ah Js Qc 4d 6d]
Seat 3: e312ecdb folded before Flop (didn't bet)
Seat 6: 64769f33(small blind) folded before Flop
Seat 4: 93a8d90d showed [7c 6h] and lost with Pair of Sixes
Seat 5: 656d35 folded before Flop (didn't bet)
Seat 1: Hero folded before Flop (didn't bet)
Seat 2: a1492d12 showed [Td Jd] and won ($19) with Pair of Jacks
Seat 7: 43cc64b6(big blind) folded before Flop



Poker Hand #ring_866589625: NLH No Limit ($1/$2) - 2025/05/09 01:20:29
Table 'MR NLH BOMBPOT 1/2' 7-max Seat #4 is the button
Seat 3: e312ecdb ($1,129.43 in chips)
Seat 6: 64769f33 ($342.4 in chips)
Seat 4: 93a8d90d ($776.4 in chips)
Seat 5: 656d35 ($92.02 in chips)
Seat 1: Hero ($1,482.5 in chips)
Seat 2: a1492d12 ($413.85 in chips)
Seat 7: 43cc64b6 ($500.79 in chips)
656d35: posts small blind $1
64769f33: posts big blind $2
*** HOLE CARDS ***
Dealt to e312ecdb 
Dealt to 64769f33 
Dealt to 93a8d90d 
Dealt to 656d35 
Dealt to Hero [8s 8h]
Dealt to a1492d12 
Dealt to 43cc64b6 
43cc64b6: raises $6 to $8
Hero: calls $8
a1492d12: raises $20.25 to $28.25
e312ecdb: folds
93a8d90d: folds
656d35: folds
64769f33: folds
43cc64b6: calls $20.25
Hero: calls $20.25
*** FLOP *** [7d 5s Qh]
43cc64b6: checks
Hero: bets $26.33
a1492d12: raises $105.3 to $131.63
43cc64b6: folds
Hero: folds
Uncalled bet ($105.3) returned to a1492d12
*** SHOWDOWN ***
a1492d12 collected $140.41 from pot
*** SUMMARY ***
Total pot $140.41
Board [7d 5s Qh]
Seat 3: e312ecdb folded before Flop (didn't bet)
Seat 6: 64769f33(big blind) folded before Flop
Seat 4: 93a8d90d folded before Flop (didn't bet)
Seat 5: 656d35(small blind) folded before Flop
Seat 1: Hero folded on the Flop
Seat 2: a1492d12won ($140.41) with Three Sevens
Seat 7: 43cc64b6 folded on the Flop



Poker Hand #ring_866587632: NLH No Limit ($1/$2) - 2025/05/09 01:19:21
Table 'MR NLH BOMBPOT 1/2' 7-max Seat #3 is the button
Seat 3: e312ecdb ($1,129.43 in chips)
Seat 6: 64769f33 ($342.4 in chips)
Seat 4: 93a8d90d ($637.02 in chips)
Seat 5: 656d35 ($167.02 in chips)
Seat 1: Hero ($1,482.5 in chips)
Seat 2: a1492d12 ($488.85 in chips)
Seat 7: 43cc64b6 ($500.79 in chips)
93a8d90d: posts small blind $1
656d35: posts big blind $2
*** HOLE CARDS ***
Dealt to e312ecdb 
Dealt to 64769f33 
Dealt to 93a8d90d 
Dealt to 656d35 
Dealt to Hero [Kh 6d]
Dealt to a1492d12 
Dealt to 43cc64b6 
64769f33: folds
43cc64b6: folds
Hero: folds
a1492d12: raises $4 to $6
e312ecdb: folds
93a8d90d: calls $5
656d35: raises $24 to $30
a1492d12: calls $24
93a8d90d: calls $24
*** FLOP *** [6h 6s 9d]
93a8d90d: checks
656d35: checks
a1492d12: checks
*** TURN *** [6h 6s 9d] [3d]
93a8d90d: checks
656d35: bets $45
a1492d12: calls $45
93a8d90d: raises $180 to $225
656d35: folds
a1492d12: folds
Uncalled bet ($180) returned to 93a8d90d
*** SHOWDOWN ***
93a8d90d collected $225 from pot
*** SUMMARY ***
Total pot $225
Board [6h 6s 9d 3d]
Seat 3: e312ecdb folded before Flop (didn't bet)
Seat 6: 64769f33 folded before Flop (didn't bet)
Seat 4: 93a8d90d(small blind)won ($225) with Three Sixes
Seat 5: 656d35(big blind) folded on the Turn
Seat 1: Hero folded before Flop (didn't bet)
Seat 2: a1492d12 folded on the Turn
Seat 7: 43cc64b6 folded before Flop (didn't bet)



Poker Hand #ring_866586618: NLH No Limit ($1/$2) - 2025/05/09 01:18:48
Table 'MR NLH BOMBPOT 1/2' 7-max Seat #2 is the button
Seat 3: e312ecdb ($1,130.43 in chips)
Seat 6: 64769f33 ($342.4 in chips)
Seat 4: 93a8d90d ($643.02 in chips)
Seat 1: Hero ($1,476.08 in chips)
Seat 2: a1492d12 ($488.85 in chips)
Seat 7: 43cc64b6 ($500.79 in chips)
e312ecdb: posts small blind $1
93a8d90d: posts big blind $2
*** HOLE CARDS ***
Dealt to e312ecdb 
Dealt to 64769f33 
Dealt to 93a8d90d 
Dealt to Hero [Ad Kh]
Dealt to a1492d12 
Dealt to 43cc64b6 
64769f33: folds
43cc64b6: folds
Hero: raises $4 to $6
a1492d12: folds
e312ecdb: folds
93a8d90d: calls $4
*** FLOP *** [2c As Js]
93a8d90d: checks
Hero: bets $6.5
93a8d90d: folds
Uncalled bet ($6.5) returned to Hero
*** SHOWDOWN ***
Hero collected $13 from pot
*** SUMMARY ***
Total pot $13
Board [2c As Js]
Seat 3: e312ecdb(small blind) folded before Flop
Seat 6: 64769f33 folded before Flop (didn't bet)
Seat 4: 93a8d90d(big blind) folded on the Flop
Seat 1: Herowon ($13) with Pair of Aces
Seat 2: a1492d12 folded before Flop (didn't bet)
Seat 7: 43cc64b6 folded before Flop (didn't bet)



Poker Hand #ring_866585577: NLH No Limit ($1/$2) - 2025/05/09 01:18:11
Table 'MR NLH BOMBPOT 1/2' 7-max Seat #1 is the button
Seat 3: e312ecdb ($1,132.43 in chips)
Seat 6: 64769f33 ($347.4 in chips)
Seat 4: 93a8d90d ($643.02 in chips)
Seat 1: Hero ($1,476.08 in chips)
Seat 2: a1492d12 ($476.85 in chips)
Seat 7: 43cc64b6 ($505.79 in chips)
a1492d12: posts small blind $1
e312ecdb: posts big blind $2
*** HOLE CARDS ***
Dealt to e312ecdb 
Dealt to 64769f33 
Dealt to 93a8d90d 
Dealt to Hero [Jc 5s]
Dealt to a1492d12 
Dealt to 43cc64b6 
93a8d90d: folds
64769f33: raises $3 to $5
43cc64b6: calls $5
Hero: folds
a1492d12: raises $28 to $33
e312ecdb: folds
64769f33: folds
43cc64b6: folds
Uncalled bet ($28) returned to a1492d12
*** SHOWDOWN ***
a1492d12 collected $17 from pot
*** SUMMARY ***
Total pot $17
Seat 3: e312ecdb(big blind) folded before Flop
Seat 6: 64769f33 folded before Flop
Seat 4: 93a8d90d folded before Flop (didn't bet)
Seat 1: Hero folded before Flop (didn't bet)
Seat 2: a1492d12(small blind)won ($17)
Seat 7: 43cc64b6 folded before Flop



Poker Hand #ring_866584127: NLH No Limit ($1/$2) - 2025/05/09 01:17:22
Table 'MR NLH BOMBPOT 1/2' 7-max Seat #7 is the button
Seat 3: e312ecdb ($688.27 in chips)
Seat 6: 64769f33 ($357.4 in chips)
Seat 4: 93a8d90d ($653.02 in chips)
Seat 1: Hero ($1,486.08 in chips)
Seat 2: a1492d12 ($486.85 in chips)
Seat 7: 43cc64b6 ($515.79 in chips)
Seat 5: f6fd7295 ($436.16 in chips)
Hero: posts the ante $10
a1492d12: posts the ante $10
e312ecdb: posts the ante $10
93a8d90d: posts the ante $10
f6fd7295: posts the ante $10
64769f33: posts the ante $10
43cc64b6: posts the ante $10
*** HOLE CARDS ***
Dealt to e312ecdb 
Dealt to 64769f33 
Dealt to 93a8d90d 
Dealt to Hero [Ks Kc]
Dealt to a1492d12 
Dealt to 43cc64b6 
Dealt to f6fd7295 
*** FLOP *** [3s Jc As]
Hero: checks
a1492d12: checks
e312ecdb: bets $35
93a8d90d: folds
f6fd7295: raises $140 to $175
64769f33: folds
43cc64b6: folds
Hero: folds
a1492d12: folds
e312ecdb: raises $503.27 to $678.27 and is all-in
f6fd7295: calls $251.16 and is all-in
Uncalled bet ($252.11) returned to e312ecdb
e312ecdb: shows [3h 3c] (Three Treys)
f6fd7295: shows [Ac 9s] (Pair of Aces)
*** TURN *** [3s Jc As] [6s]
*** RIVER *** [3s Jc As 6s] [2d]
Hero: shows [Ks Kc]
*** SHOWDOWN ***
e312ecdb collected $922.32 from pot
*** SUMMARY ***
Total pot $922.32
Board [3s Jc As 6s 2d]
Seat 3: e312ecdb showed [3h 3c] and won ($922.32) with Three Treys
Seat 6: 64769f33 folded on the Flop
Seat 4: 93a8d90d folded on the Flop
Seat 1: Hero(small blind) folded on the Flop
Seat 2: a1492d12(big blind) folded on the Flop
Seat 7: 43cc64b6 folded on the Flop
Seat 5: f6fd7295 showed [Ac 9s] and lost with Pair of Aces



Poker Hand #ring_866583121: NLH No Limit ($1/$2) - 2025/05/09 01:16:49
Table 'MR NLH BOMBPOT 1/2' 7-max Seat #6 is the button
Seat 3: e312ecdb ($688.27 in chips)
Seat 6: 64769f33 ($357.4 in chips)
Seat 4: 93a8d90d ($653.02 in chips)
Seat 1: Hero ($1,492.08 in chips)
Seat 2: a1492d12 ($480.43 in chips)
Seat 7: 43cc64b6 ($516.79 in chips)
Seat 5: f6fd7295 ($436.16 in chips)
43cc64b6: posts small blind $1
Hero: posts big blind $2
*** HOLE CARDS ***
Dealt to e312ecdb 
Dealt to 64769f33 
Dealt to 93a8d90d 
Dealt to Hero [2s Ad]
Dealt to a1492d12 
Dealt to 43cc64b6 
Dealt to f6fd7295 
a1492d12: raises $4 to $6
e312ecdb: folds
93a8d90d: folds
f6fd7295: folds
64769f33: folds
43cc64b6: folds
Hero: calls $4
*** FLOP *** [8c 7h 3c]
Hero: checks
a1492d12: checks
*** TURN *** [8c 7h 3c] [Ts]
Hero: checks
a1492d12: bets $13
Hero: folds
Uncalled bet ($13) returned to a1492d12
*** SHOWDOWN ***
a1492d12 collected $13 from pot
*** SUMMARY ***
Total pot $13
Board [8c 7h 3c Ts]
Seat 3: e312ecdb folded before Flop (didn't bet)
Seat 6: 64769f33 folded before Flop (didn't bet)
Seat 4: 93a8d90d folded before Flop (didn't bet)
Seat 1: Hero(big blind) folded on the Turn
Seat 2: a1492d12won ($13) with Pair of Eights and Pair of Sevens
Seat 7: 43cc64b6(small blind) folded before Flop
Seat 5: f6fd7295 folded before Flop (didn't bet)



Poker Hand #ring_866580999: NLH No Limit ($1/$2) - 2025/05/09 01:15:37
Table 'MR NLH BOMBPOT 1/2' 7-max Seat #5 is the button
Seat 3: e312ecdb ($709.27 in chips)
Seat 6: 64769f33 ($358.4 in chips)
Seat 4: 93a8d90d ($653.02 in chips)
Seat 1: Hero ($1,513.08 in chips)
Seat 2: a1492d12 ($382.08 in chips)
Seat 7: 43cc64b6 ($580.29 in chips)
Seat 5: f6fd7295 ($436.16 in chips)
64769f33: posts small blind $1
43cc64b6: posts big blind $2
*** HOLE CARDS ***
Dealt to e312ecdb 
Dealt to 64769f33 
Dealt to 93a8d90d 
Dealt to Hero [Ah Qs]
Dealt to a1492d12 
Dealt to 43cc64b6 
Dealt to f6fd7295 
Hero: raises $4 to $6
a1492d12: raises $15 to $21
e312ecdb: calls $21
93a8d90d: folds
f6fd7295: folds
64769f33: folds
43cc64b6: calls $19
Hero: calls $15
*** FLOP *** [8c 9h 4d]
43cc64b6: checks
Hero: checks
a1492d12: checks
e312ecdb: checks
*** TURN *** [8c 9h 4d] [8d]
43cc64b6: bets $42.5
Hero: folds
a1492d12: calls $42.5
e312ecdb: folds
*** RIVER *** [8c 9h 4d 8d] [Jd]
43cc64b6: checks
a1492d12: bets $127.5
43cc64b6: folds
Uncalled bet ($127.5) returned to a1492d12
*** SHOWDOWN ***
a1492d12 collected $170 from pot
*** SUMMARY ***
Total pot $170
Board [8c 9h 4d 8d Jd]
Seat 3: e312ecdb folded on the Turn
Seat 6: 64769f33(small blind) folded before Flop
Seat 4: 93a8d90d folded before Flop (didn't bet)
Seat 1: Hero folded on the Turn
Seat 2: a1492d12won ($170) with Ace High Flush
Seat 7: 43cc64b6(big blind) folded on the River
Seat 5: f6fd7295 folded before Flop (didn't bet)



Poker Hand #ring_866579825: NLH No Limit ($1/$2) - 2025/05/09 01:14:58
Table 'MR NLH BOMBPOT 1/2' 7-max Seat #4 is the button
Seat 3: e312ecdb ($696.67 in chips)
Seat 6: 64769f33 ($360.4 in chips)
Seat 4: 93a8d90d ($653.02 in chips)
Seat 1: Hero ($1,513.08 in chips)
Seat 2: a1492d12 ($388.08 in chips)
Seat 7: 43cc64b6 ($580.29 in chips)
Seat 5: f6fd7295 ($442.16 in chips)
f6fd7295: posts small blind $1
64769f33: posts big blind $2
*** HOLE CARDS ***
Dealt to e312ecdb 
Dealt to 64769f33 
Dealt to 93a8d90d 
Dealt to Hero [2h 4d]
Dealt to a1492d12 
Dealt to 43cc64b6 
Dealt to f6fd7295 
43cc64b6: folds
Hero: folds
a1492d12: raises $4 to $6
e312ecdb: calls $6
93a8d90d: folds
f6fd7295: calls $5
64769f33: folds
*** FLOP *** [Ac 9h 8h]
f6fd7295: checks
a1492d12: checks
e312ecdb: bets $15
f6fd7295: folds
a1492d12: folds
Uncalled bet ($15) returned to e312ecdb
*** SHOWDOWN ***
e312ecdb collected $20 from pot
*** SUMMARY ***
Total pot $20
Board [Ac 9h 8h]
Seat 3: e312ecdbwon ($20) with Pair of Nines and Pair of Eights
Seat 6: 64769f33(big blind) folded before Flop
Seat 4: 93a8d90d folded before Flop (didn't bet)
Seat 1: Hero folded before Flop (didn't bet)
Seat 2: a1492d12 folded on the Flop
Seat 7: 43cc64b6 folded before Flop (didn't bet)
Seat 5: f6fd7295(small blind) folded on the Flop



Poker Hand #ring_866578704: NLH No Limit ($1/$2) - 2025/05/09 01:14:20
Table 'MR NLH BOMBPOT 1/2' 7-max Seat #3 is the button
Seat 3: e312ecdb ($696.67 in chips)
Seat 6: 64769f33 ($360.4 in chips)
Seat 4: 93a8d90d ($673.82 in chips)
Seat 1: Hero ($1,513.08 in chips)
Seat 2: a1492d12 ($388.08 in chips)
Seat 7: 43cc64b6 ($580.29 in chips)
Seat 5: f6fd7295 ($423.73 in chips)
93a8d90d: posts small blind $1
f6fd7295: posts big blind $2
*** HOLE CARDS ***
Dealt to e312ecdb 
Dealt to 64769f33 
Dealt to 93a8d90d 
Dealt to Hero [8h 6c]
Dealt to a1492d12 
Dealt to 43cc64b6 
Dealt to f6fd7295 
64769f33: folds
43cc64b6: folds
Hero: folds
a1492d12: folds
e312ecdb: folds
93a8d90d: raises $6 to $8
f6fd7295: calls $6
*** FLOP *** [7h Kh 9c]
93a8d90d: checks
f6fd7295: checks
*** TURN *** [7h Kh 9c] [Qd]
93a8d90d: bets $12.8
f6fd7295: calls $12.8
*** RIVER *** [7h Kh 9c Qd] [5s]
93a8d90d: checks
f6fd7295: checks
93a8d90d: shows [5c 3h]
f6fd7295: shows [Ac 9d]
*** SHOWDOWN ***
f6fd7295 collected $41.6 from pot
*** SUMMARY ***
Total pot $41.6
Board [7h Kh 9c Qd 5s]
Seat 3: e312ecdb folded before Flop (didn't bet)
Seat 6: 64769f33 folded before Flop (didn't bet)
Seat 4: 93a8d90d(small blind) showed [5c 3h] and lost with Pair of Fives
Seat 1: Hero folded before Flop (didn't bet)
Seat 2: a1492d12 folded before Flop (didn't bet)
Seat 7: 43cc64b6 folded before Flop (didn't bet)
Seat 5: f6fd7295(big blind) showed [Ac 9d] and won ($41.6) with Pair of Nines



Poker Hand #ring_866576812: NLH No Limit ($1/$2) - 2025/05/09 01:13:15
Table 'MR NLH BOMBPOT 1/2' 7-max Seat #2 is the button
Seat 3: e312ecdb ($748.42 in chips)
Seat 6: 64769f33 ($360.4 in chips)
Seat 4: 93a8d90d ($691.07 in chips)
Seat 1: Hero ($1,513.08 in chips)
Seat 2: a1492d12 ($388.08 in chips)
Seat 7: 43cc64b6 ($597.54 in chips)
Seat 5: f6fd7295 ($344.19 in chips)
e312ecdb: posts small blind $1
93a8d90d: posts big blind $2
*** HOLE CARDS ***
Dealt to e312ecdb 
Dealt to 64769f33 
Dealt to 93a8d90d 
Dealt to Hero [5h 7c]
Dealt to a1492d12 
Dealt to 43cc64b6 
Dealt to f6fd7295 
f6fd7295: raises $4 to $6
64769f33: folds
43cc64b6: raises $11.25 to $17.25
Hero: folds
a1492d12: folds
e312ecdb: calls $16.25
93a8d90d: calls $15.25
f6fd7295: calls $11.25
*** FLOP *** [Ks 9c 2c]
e312ecdb: checks
93a8d90d: checks
f6fd7295: checks
43cc64b6: checks
*** TURN *** [Ks 9c 2c] [5d]
e312ecdb: bets $34.5
93a8d90d: folds
f6fd7295: raises $69 to $103.5
43cc64b6: folds
e312ecdb: folds
Uncalled bet ($69) returned to f6fd7295
*** SHOWDOWN ***
f6fd7295 collected $138 from pot
*** SUMMARY ***
Total pot $138
Board [Ks 9c 2c 5d]
Seat 3: e312ecdb(small blind) folded on the Turn
Seat 6: 64769f33 folded before Flop (didn't bet)
Seat 4: 93a8d90d(big blind) folded on the Turn
Seat 1: Hero folded before Flop (didn't bet)
Seat 2: a1492d12 folded before Flop (didn't bet)
Seat 7: 43cc64b6 folded on the Turn
Seat 5: f6fd7295won ($138) with Pair of Kings



Poker Hand #ring_866575814: NLH No Limit ($1/$2) - 2025/05/09 01:12:42
Table 'MR NLH BOMBPOT 1/2' 7-max Seat #1 is the button
Seat 3: e312ecdb ($750.42 in chips)
Seat 6: 64769f33 ($360.4 in chips)
Seat 4: 93a8d90d ($691.07 in chips)
Seat 1: Hero ($1,519.08 in chips)
Seat 2: a1492d12 ($380.71 in chips)
Seat 7: 43cc64b6 ($597.54 in chips)
Seat 5: f6fd7295 ($344.19 in chips)
a1492d12: posts small blind $1
e312ecdb: posts big blind $2
*** HOLE CARDS ***
Dealt to e312ecdb 
Dealt to 64769f33 
Dealt to 93a8d90d 
Dealt to Hero [Ah 9s]
Dealt to a1492d12 
Dealt to 43cc64b6 
Dealt to f6fd7295 
93a8d90d: folds
f6fd7295: folds
64769f33: folds
43cc64b6: folds
Hero: raises $4 to $6
a1492d12: calls $5
e312ecdb: folds
*** FLOP *** [7c Ks 3s]
a1492d12: checks
Hero: checks
*** TURN *** [7c Ks 3s] [Qh]
a1492d12: bets $7
Hero: folds
Uncalled bet ($7) returned to a1492d12
*** SHOWDOWN ***
a1492d12 collected $14 from pot
*** SUMMARY ***
Total pot $14
Board [7c Ks 3s Qh]
Seat 3: e312ecdb(big blind) folded before Flop
Seat 6: 64769f33 folded before Flop (didn't bet)
Seat 4: 93a8d90d folded before Flop (didn't bet)
Seat 1: Hero folded on the Turn
Seat 2: a1492d12(small blind)won ($14) with Pair of Sevens
Seat 7: 43cc64b6 folded before Flop (didn't bet)
Seat 5: f6fd7295 folded before Flop (didn't bet)



Poker Hand #ring_866574948: NLH No Limit ($1/$2) - 2025/05/09 01:12:13
Table 'MR NLH BOMBPOT 1/2' 7-max Seat #7 is the button
Seat 3: e312ecdb ($750.42 in chips)
Seat 6: 64769f33 ($360.4 in chips)
Seat 4: 93a8d90d ($682.83 in chips)
Seat 1: Hero ($1,520.08 in chips)
Seat 2: a1492d12 ($388.71 in chips)
Seat 7: 43cc64b6 ($597.54 in chips)
Seat 5: f6fd7295 ($344.19 in chips)
Hero: posts small blind $1
a1492d12: posts big blind $2
*** HOLE CARDS ***
Dealt to e312ecdb 
Dealt to 64769f33 
Dealt to 93a8d90d 
Dealt to Hero [8h 3c]
Dealt to a1492d12 
Dealt to 43cc64b6 
Dealt to f6fd7295 
e312ecdb: folds
93a8d90d: raises $6 to $8
f6fd7295: folds
64769f33: folds
43cc64b6: folds
Hero: folds
a1492d12: calls $6
*** FLOP *** [Td 8d As]
a1492d12: checks
93a8d90d: bets $13.6
a1492d12: folds
Uncalled bet ($13.6) returned to 93a8d90d
*** SHOWDOWN ***
93a8d90d collected $17 from pot
*** SUMMARY ***
Total pot $17
Board [Td 8d As]
Seat 3: e312ecdb folded before Flop (didn't bet)
Seat 6: 64769f33 folded before Flop (didn't bet)
Seat 4: 93a8d90dwon ($17) with Ace-High
Seat 1: Hero(small blind) folded before Flop
Seat 2: a1492d12(big blind) folded on the Flop
Seat 7: 43cc64b6 folded before Flop (didn't bet)
Seat 5: f6fd7295 folded before Flop (didn't bet)



Poker Hand #ring_866572998: NLH No Limit ($1/$2) - 2025/05/09 01:11:07
Table 'MR NLH BOMBPOT 1/2' 7-max Seat #6 is the button
Seat 3: e312ecdb ($351.65 in chips)
Seat 6: 64769f33 ($400.4 in chips)
Seat 4: 93a8d90d ($1,034.48 in chips)
Seat 1: Hero ($1,522.08 in chips)
Seat 2: a1492d12 ($428.71 in chips)
Seat 7: 43cc64b6 ($598.54 in chips)
Seat 5: f6fd7295 ($344.19 in chips)
43cc64b6: posts small blind $1
Hero: posts big blind $2
*** HOLE CARDS ***
Dealt to e312ecdb 
Dealt to 64769f33 
Dealt to 93a8d90d 
Dealt to Hero [Qs 9c]
Dealt to a1492d12 
Dealt to 43cc64b6 
Dealt to f6fd7295 
a1492d12: raises $6 to $8
e312ecdb: calls $8
93a8d90d: calls $8
f6fd7295: folds
64769f33: raises $32 to $40
43cc64b6: folds
Hero: folds
a1492d12: calls $32
e312ecdb: calls $32
93a8d90d: calls $32
*** FIRST FLOP *** [2s 5d Td]
a1492d12: checks
e312ecdb: bets $81.5
93a8d90d: raises $260.8 to $342.3
64769f33: folds
a1492d12: folds
e312ecdb: calls $230.15 and is all-in
Uncalled bet ($30.65) returned to 93a8d90d
e312ecdb: shows [2h 2c] (Three Twos)
93a8d90d: shows [Th Jh] (Pair of Tens)
*** FIRST TURN *** [2s 5d Td] [4h]
*** SECOND TURN *** [2s 5d Td] [Js]
*** FIRST RIVER *** [2s 5d Td 4h] [Ah]
*** SECOND RIVER *** [2s 5d Td Js] [3h]
*** FIRST SHOWDOWN ***
e312ecdb collected $393.4 from pot
*** SECOND SHOWDOWN ***
e312ecdb collected $392.9 from pot
*** SUMMARY ***
Total pot $786.3
Hand was run two timesFIRST Board [2s 5d Td 4h Ah]
SECOND Board [Js 3h]
Seat 3: e312ecdb showed [2h 2c] and won ($786.3) with Three Twos / Three Twos
Seat 6: 64769f33 folded on the Flop
Seat 4: 93a8d90d showed [Th Jh] and lost with Pair of Tens / Pair of Jacks and Pair of Tens
Seat 1: Hero(big blind) folded before Flop
Seat 2: a1492d12 folded on the Flop
Seat 7: 43cc64b6(small blind) folded before Flop
Seat 5: f6fd7295 folded before Flop (didn't bet)



Poker Hand #ring_866572402: NLH No Limit ($1/$2) - 2025/05/09 01:10:46
Table 'MR NLH BOMBPOT 1/2' 7-max Seat #5 is the button
Seat 3: e312ecdb ($351.65 in chips)
Seat 6: 64769f33 ($401.4 in chips)
Seat 4: 93a8d90d ($1,031.48 in chips)
Seat 1: Hero ($1,522.08 in chips)
Seat 2: a1492d12 ($428.71 in chips)
Seat 7: 43cc64b6 ($600.54 in chips)
Seat 5: f6fd7295 ($344.19 in chips)
64769f33: posts small blind $1
43cc64b6: posts big blind $2
*** HOLE CARDS ***
Dealt to e312ecdb 
Dealt to 64769f33 
Dealt to 93a8d90d 
Dealt to Hero [Ad 9h]
Dealt to a1492d12 
Dealt to 43cc64b6 
Dealt to f6fd7295 
Hero: folds
a1492d12: folds
e312ecdb: folds
93a8d90d: raises $6 to $8
f6fd7295: folds
64769f33: folds
43cc64b6: folds
Uncalled bet ($6) returned to 93a8d90d
*** SHOWDOWN ***
93a8d90d collected $5 from pot
*** SUMMARY ***
Total pot $5
Seat 3: e312ecdb folded before Flop (didn't bet)
Seat 6: 64769f33(small blind) folded before Flop
Seat 4: 93a8d90dwon ($5)
Seat 1: Hero folded before Flop (didn't bet)
Seat 2: a1492d12 folded before Flop (didn't bet)
Seat 7: 43cc64b6(big blind) folded before Flop
Seat 5: f6fd7295 folded before Flop (didn't bet)



Poker Hand #ring_866570759: NLH No Limit ($1/$2) - 2025/05/09 01:09:52
Table 'MR NLH BOMBPOT 1/2' 7-max Seat #4 is the button
Seat 3: e312ecdb ($361.65 in chips)
Seat 6: 64769f33 ($411.4 in chips)
Seat 4: 93a8d90d ($1,041.48 in chips)
Seat 1: Hero ($1,532.08 in chips)
Seat 2: a1492d12 ($438.71 in chips)
Seat 7: 43cc64b6 ($470.29 in chips)
Seat 5: f6fd7295 ($435.39 in chips)
f6fd7295: posts the ante $10
64769f33: posts the ante $10
43cc64b6: posts the ante $10
Hero: posts the ante $10
a1492d12: posts the ante $10
e312ecdb: posts the ante $10
93a8d90d: posts the ante $10
*** HOLE CARDS ***
Dealt to e312ecdb 
Dealt to 64769f33 
Dealt to 93a8d90d 
Dealt to Hero [Kd 9s]
Dealt to a1492d12 
Dealt to 43cc64b6 
Dealt to f6fd7295 
*** FLOP *** [Js 5s Qh]
f6fd7295: checks
64769f33: checks
43cc64b6: checks
Hero: checks
a1492d12: checks
e312ecdb: checks
93a8d90d: checks
*** TURN *** [Js 5s Qh] [2h]
f6fd7295: bets $35
64769f33: folds
43cc64b6: calls $35
Hero: folds
a1492d12: folds
e312ecdb: folds
93a8d90d: folds
*** RIVER *** [Js 5s Qh 2h] [4d]
f6fd7295: bets $46.2
43cc64b6: calls $46.2
f6fd7295: shows [Jc Ks]
43cc64b6: shows [As Jh]
*** SHOWDOWN ***
43cc64b6 collected $232.4 from pot
*** SUMMARY ***
Total pot $232.4
Board [Js 5s Qh 2h 4d]
Seat 3: e312ecdb folded on the Turn
Seat 6: 64769f33(big blind) folded on the Turn
Seat 4: 93a8d90d folded on the Turn
Seat 1: Hero folded on the Turn
Seat 2: a1492d12 folded on the Turn
Seat 7: 43cc64b6 showed [As Jh] and won ($232.4) with Pair of Jacks
Seat 5: f6fd7295(small blind) showed [Jc Ks] and lost with Pair of Jacks



Poker Hand #ring_866568797: NLH No Limit ($1/$2) - 2025/05/09 01:08:46
Table 'MR NLH BOMBPOT 1/2' 7-max Seat #3 is the button
Seat 3: e312ecdb ($407.15 in chips)
Seat 6: 64769f33 ($411.4 in chips)
Seat 4: 93a8d90d ($1,052.48 in chips)
Seat 1: Hero ($1,468.25 in chips)
Seat 2: a1492d12 ($449.71 in chips)
Seat 7: 43cc64b6 ($470.29 in chips)
Seat 5: f6fd7295 ($437.39 in chips)
93a8d90d: posts small blind $1
f6fd7295: posts big blind $2
*** HOLE CARDS ***
Dealt to e312ecdb 
Dealt to 64769f33 
Dealt to 93a8d90d 
Dealt to Hero [4c 7c]
Dealt to a1492d12 
Dealt to 43cc64b6 
Dealt to f6fd7295 
64769f33: folds
43cc64b6: folds
Hero: calls $2
a1492d12: calls $2
e312ecdb: raises $9 to $11
93a8d90d: calls $10
f6fd7295: folds
Hero: calls $9
a1492d12: calls $9
*** FLOP *** [9h Ac Tc]
93a8d90d: checks
Hero: checks
a1492d12: checks
e312ecdb: bets $34.5
93a8d90d: folds
Hero: calls $34.5
a1492d12: folds
*** TURN *** [9h Ac Tc] [7s]
Hero: checks
e312ecdb: checks
*** RIVER *** [9h Ac Tc 7s] [5h]
Hero: bets $34.5
e312ecdb: folds
Uncalled bet ($34.5) returned to Hero
*** SHOWDOWN ***
Hero collected $115 from pot
*** SUMMARY ***
Total pot $115
Board [9h Ac Tc 7s 5h]
Seat 3: e312ecdb folded on the River
Seat 6: 64769f33 folded before Flop (didn't bet)
Seat 4: 93a8d90d(small blind) folded on the Flop
Seat 1: Herowon ($115) with Pair of Sevens
Seat 2: a1492d12 folded on the Flop
Seat 7: 43cc64b6 folded before Flop (didn't bet)
Seat 5: f6fd7295(big blind) folded before Flop



Poker Hand #ring_866566598: NLH No Limit ($1/$2) - 2025/05/09 01:07:32
Table 'MR NLH BOMBPOT 1/2' 7-max Seat #2 is the button
Seat 3: e312ecdb ($408.15 in chips)
Seat 6: 64769f33 ($411.4 in chips)
Seat 4: 93a8d90d ($1,143.7 in chips)
Seat 1: Hero ($1,468.25 in chips)
Seat 2: a1492d12 ($366.24 in chips)
Seat 7: 43cc64b6 ($470.29 in chips)
Seat 5: f6fd7295 ($437.39 in chips)
e312ecdb: posts small blind $1
93a8d90d: posts big blind $2
*** HOLE CARDS ***
Dealt to e312ecdb 
Dealt to 64769f33 
Dealt to 93a8d90d 
Dealt to Hero [3c Ah]
Dealt to a1492d12 
Dealt to 43cc64b6 
Dealt to f6fd7295 
f6fd7295: folds
64769f33: folds
43cc64b6: folds
Hero: folds
a1492d12: raises $6 to $8
e312ecdb: folds
93a8d90d: raises $13.6 to $21.6
a1492d12: raises $33.15 to $54.75
93a8d90d: calls $33.15
*** FLOP *** [4s Qc As]
93a8d90d: checks
a1492d12: checks
*** TURN *** [4s Qc As] [6h]
93a8d90d: bets $36.47
a1492d12: calls $36.47
*** RIVER *** [4s Qc As 6h] [2c]
93a8d90d: checks
a1492d12: checks
a1492d12: shows [Jd Jc]
93a8d90d: shows [Jh Kc]
*** SHOWDOWN ***
a1492d12 collected $183.44 from pot
*** SUMMARY ***
Total pot $183.44
Board [4s Qc As 6h 2c]
Seat 3: e312ecdb(small blind) folded before Flop
Seat 6: 64769f33 folded before Flop (didn't bet)
Seat 4: 93a8d90d(big blind) showed [Jh Kc] and lost with Ace-High
Seat 1: Hero folded before Flop (didn't bet)
Seat 2: a1492d12 showed [Jd Jc] and won ($183.44) with Pair of Jacks
Seat 7: 43cc64b6 folded before Flop (didn't bet)
Seat 5: f6fd7295 folded before Flop (didn't bet)



Poker Hand #ring_866565973: NLH No Limit ($1/$2) - 2025/05/09 01:07:11
Table 'MR NLH BOMBPOT 1/2' 7-max Seat #1 is the button
Seat 3: e312ecdb ($410.15 in chips)
Seat 6: 64769f33 ($411.4 in chips)
Seat 4: 93a8d90d ($1,143.7 in chips)
Seat 1: Hero ($1,468.25 in chips)
Seat 2: a1492d12 ($367.24 in chips)
Seat 7: 43cc64b6 ($470.29 in chips)
Seat 5: f6fd7295 ($434.39 in chips)
a1492d12: posts small blind $1
e312ecdb: posts big blind $2
*** HOLE CARDS ***
Dealt to e312ecdb 
Dealt to 64769f33 
Dealt to 93a8d90d 
Dealt to Hero [2c Qh]
Dealt to a1492d12 
Dealt to 43cc64b6 
Dealt to f6fd7295 
93a8d90d: folds
f6fd7295: raises $6 to $8
64769f33: folds
43cc64b6: folds
Hero: folds
a1492d12: folds
e312ecdb: folds
Uncalled bet ($6) returned to f6fd7295
*** SHOWDOWN ***
f6fd7295 collected $5 from pot
*** SUMMARY ***
Total pot $5
Seat 3: e312ecdb(big blind) folded before Flop
Seat 6: 64769f33 folded before Flop (didn't bet)
Seat 4: 93a8d90d folded before Flop (didn't bet)
Seat 1: Hero folded before Flop (didn't bet)
Seat 2: a1492d12(small blind) folded before Flop
Seat 7: 43cc64b6 folded before Flop (didn't bet)
Seat 5: f6fd7295won ($5)



Poker Hand #ring_866564646: NLH No Limit ($1/$2) - 2025/05/09 01:06:27
Table 'MR NLH BOMBPOT 1/2' 7-max Seat #7 is the button
Seat 3: e312ecdb ($410.15 in chips)
Seat 6: 64769f33 ($411.4 in chips)
Seat 4: 93a8d90d ($1,151.7 in chips)
Seat 1: Hero ($1,469.25 in chips)
Seat 2: a1492d12 ($359 in chips)
Seat 7: 43cc64b6 ($470.29 in chips)
Seat 5: f6fd7295 ($434.39 in chips)
Hero: posts small blind $1
a1492d12: posts big blind $2
*** HOLE CARDS ***
Dealt to e312ecdb 
Dealt to 64769f33 
Dealt to 93a8d90d 
Dealt to Hero [5s 3s]
Dealt to a1492d12 
Dealt to 43cc64b6 
Dealt to f6fd7295 
e312ecdb: folds
93a8d90d: raises $6 to $8
f6fd7295: folds
64769f33: folds
43cc64b6: folds
Hero: folds
a1492d12: calls $6
*** FLOP *** [9s 6s 3d]
a1492d12: checks
93a8d90d: checks
*** TURN *** [9s 6s 3d] [3c]
a1492d12: checks
93a8d90d: checks
*** RIVER *** [9s 6s 3d 3c] [Js]
a1492d12: checks
93a8d90d: checks
a1492d12: shows [Qh 6h]
93a8d90d: shows [Ah Th]
*** SHOWDOWN ***
a1492d12 collected $17 from pot
*** SUMMARY ***
Total pot $17
Board [9s 6s 3d 3c Js]
Seat 3: e312ecdb folded before Flop (didn't bet)
Seat 6: 64769f33 folded before Flop (didn't bet)
Seat 4: 93a8d90d showed [Ah Th] and lost with Pair of Treys
Seat 1: Hero(small blind) folded before Flop
Seat 2: a1492d12(big blind) showed [Qh 6h] and won ($17) with Pair of Sixes and Pair of Treys
Seat 7: 43cc64b6 folded before Flop (didn't bet)
Seat 5: f6fd7295 folded before Flop (didn't bet)



Poker Hand #ring_866563607: NLH No Limit ($1/$2) - 2025/05/09 01:05:53
Table 'MR NLH BOMBPOT 1/2' 7-max Seat #6 is the button
Seat 3: e312ecdb ($398 in chips)
Seat 6: 64769f33 ($411.4 in chips)
Seat 4: 93a8d90d ($1,157.7 in chips)
Seat 1: Hero ($1,475.25 in chips)
Seat 2: a1492d12 ($359 in chips)
Seat 7: 43cc64b6 ($471.29 in chips)
Seat 5: f6fd7295 ($434.39 in chips)
43cc64b6: posts small blind $1
Hero: posts big blind $2
*** HOLE CARDS ***
Dealt to e312ecdb 
Dealt to 64769f33 
Dealt to 93a8d90d 
Dealt to Hero [Qs Jd]
Dealt to a1492d12 
Dealt to 43cc64b6 
Dealt to f6fd7295 
a1492d12: folds
e312ecdb: raises $4 to $6
93a8d90d: calls $6
f6fd7295: folds
64769f33: folds
43cc64b6: folds
Hero: calls $4
*** FLOP *** [6h 7h Ts]
Hero: checks
e312ecdb: bets $14.25
93a8d90d: folds
Hero: folds
Uncalled bet ($14.25) returned to e312ecdb
*** SHOWDOWN ***
e312ecdb collected $19 from pot
*** SUMMARY ***
Total pot $19
Board [6h 7h Ts]
Seat 3: e312ecdbwon ($19) with Pair of Nines
Seat 6: 64769f33 folded before Flop (didn't bet)
Seat 4: 93a8d90d folded on the Flop
Seat 1: Hero(big blind) folded on the Flop
Seat 2: a1492d12 folded before Flop (didn't bet)
Seat 7: 43cc64b6(small blind) folded before Flop
Seat 5: f6fd7295 folded before Flop (didn't bet)



Poker Hand #ring_866562604: NLH No Limit ($1/$2) - 2025/05/09 01:05:21
Table 'MR NLH BOMBPOT 1/2' 7-max Seat #5 is the button
Seat 3: e312ecdb ($400 in chips)
Seat 6: 64769f33 ($412.4 in chips)
Seat 4: 93a8d90d ($1,157.7 in chips)
Seat 1: Hero ($1,470.25 in chips)
Seat 2: a1492d12 ($359 in chips)
Seat 7: 43cc64b6 ($473.29 in chips)
Seat 5: f6fd7295 ($434.39 in chips)
64769f33: posts small blind $1
43cc64b6: posts big blind $2
e312ecdb: posts big blind $2
*** HOLE CARDS ***
Dealt to e312ecdb 
Dealt to 64769f33 
Dealt to 93a8d90d 
Dealt to Hero [Qh Th]
Dealt to a1492d12 
Dealt to 43cc64b6 
Dealt to f6fd7295 
Hero: raises $4 to $6
a1492d12: folds
e312ecdb: folds
93a8d90d: folds
f6fd7295: folds
64769f33: folds
43cc64b6: folds
Uncalled bet ($4) returned to Hero
*** SHOWDOWN ***
Hero collected $7 from pot
*** SUMMARY ***
Total pot $7
Seat 3: e312ecdb folded before Flop
Seat 6: 64769f33(small blind) folded before Flop
Seat 4: 93a8d90d folded before Flop (didn't bet)
Seat 1: Herowon ($7)
Seat 2: a1492d12 folded before Flop (didn't bet)
Seat 7: 43cc64b6(big blind) folded before Flop
Seat 5: f6fd7295 folded before Flop (didn't bet)



Poker Hand #ring_866561861: NLH No Limit ($1/$2) - 2025/05/09 01:04:56
Table 'MR NLH BOMBPOT 1/2' 7-max Seat #4 is the button
Seat 6: 64769f33 ($414.4 in chips)
Seat 4: 93a8d90d ($1,157.7 in chips)
Seat 1: Hero ($1,470.25 in chips)
Seat 2: a1492d12 ($365 in chips)
Seat 7: 43cc64b6 ($473.29 in chips)
Seat 5: f6fd7295 ($427.02 in chips)
f6fd7295: posts small blind $1
64769f33: posts big blind $2
*** HOLE CARDS ***
Dealt to 64769f33 
Dealt to 93a8d90d 
Dealt to Hero [Qh 9c]
Dealt to a1492d12 
Dealt to 43cc64b6 
Dealt to f6fd7295 
43cc64b6: folds
Hero: folds
a1492d12: raises $4 to $6
93a8d90d: folds
f6fd7295: calls $5
64769f33: folds
*** FLOP *** [8h 8c Jh]
f6fd7295: bets $14
a1492d12: folds
Uncalled bet ($14) returned to f6fd7295
*** SHOWDOWN ***
f6fd7295 collected $14 from pot
*** SUMMARY ***
Total pot $14
Board [8h 8c Jh]
Seat 6: 64769f33(big blind) folded before Flop
Seat 4: 93a8d90d folded before Flop (didn't bet)
Seat 1: Hero folded before Flop (didn't bet)
Seat 2: a1492d12 folded on the Flop
Seat 7: 43cc64b6 folded before Flop (didn't bet)
Seat 5: f6fd7295(small blind)won ($14) with Three Eights



Poker Hand #ring_866559350: NLH No Limit ($1/$2) - 2025/05/09 01:03:37
Table 'MR NLH BOMBPOT 1/2' 7-max Seat #3 is the button
Seat 3: e312ecdb ($454.71 in chips)
Seat 6: 64769f33 ($414.4 in chips)
Seat 4: 93a8d90d ($709.07 in chips)
Seat 1: Hero ($1,470.25 in chips)
Seat 2: a1492d12 ($400 in chips)
Seat 7: 43cc64b6 ($473.29 in chips)
Seat 5: f6fd7295 ($429.02 in chips)
93a8d90d: posts small blind $1
f6fd7295: posts big blind $2
a1492d12: posts big blind $2
*** HOLE CARDS ***
Dealt to e312ecdb 
Dealt to 64769f33 
Dealt to 93a8d90d 
Dealt to Hero [Td 6c]
Dealt to a1492d12 
Dealt to 43cc64b6 
Dealt to f6fd7295 
64769f33: folds
43cc64b6: folds
Hero: folds
a1492d12: raises $6 to $8
e312ecdb: calls $8
93a8d90d: raises $27 to $35
f6fd7295: folds
a1492d12: calls $27
e312ecdb: calls $27
*** FIRST FLOP *** [9c 2h 2s]
93a8d90d: bets $85.6
a1492d12: folds
e312ecdb: calls $85.6
*** FIRST TURN *** [9c 2h 2s] [4c]
93a8d90d: bets $222.56
e312ecdb: raises $111.55 to $334.11 and is all-in
93a8d90d: calls $111.55
e312ecdb: shows [Qd 9d]
93a8d90d: shows [Kc Kh]
*** FIRST RIVER *** [9c 2h 2s 4c] [8d]
*** SECOND RIVER *** [9c 2h 2s 4c] [Qc]
*** FIRST SHOWDOWN ***
93a8d90d collected $473.46 from pot
*** SECOND SHOWDOWN ***
93a8d90d collected $472.96 from pot
*** SUMMARY ***
Total pot $946.42
Hand was run two timesFIRST Board [9c 2h 2s 4c 8d]
SECOND Board [Qc]
Seat 3: e312ecdb showed [Qd 9d] and lost with Pair of Nines and Pair of Twos / Pair of Queens and Pair of Nines
Seat 6: 64769f33 folded before Flop (didn't bet)
Seat 4: 93a8d90d(small blind) showed [Kc Kh] and won ($946.42) with Pair of Kings and Pair of Twos / Pair of Kings and Pair of Twos
Seat 1: Hero folded before Flop (didn't bet)
Seat 2: a1492d12 folded on the Flop
Seat 7: 43cc64b6 folded before Flop (didn't bet)
Seat 5: f6fd7295(big blind) folded before Flop



Poker Hand #ring_866556898: NLH No Limit ($1/$2) - 2025/05/09 01:02:15
Table 'MR NLH BOMBPOT 1/2' 7-max Seat #0 is the button
Seat 3: e312ecdb ($558.21 in chips)
Seat 6: 64769f33 ($414.4 in chips)
Seat 4: 93a8d90d ($711.07 in chips)
Seat 1: Hero ($1,495.75 in chips)
Seat 7: 43cc64b6 ($428.26 in chips)
Seat 5: f6fd7295 ($384 in chips)
e312ecdb: posts small blind $1
93a8d90d: posts big blind $2
*** HOLE CARDS ***
Dealt to e312ecdb 
Dealt to 64769f33 
Dealt to 93a8d90d 
Dealt to Hero [5d 5s]
Dealt to 43cc64b6 
Dealt to f6fd7295 
f6fd7295: raises $4 to $6
64769f33: folds
43cc64b6: calls $6
Hero: calls $6
e312ecdb: raises $19.5 to $25.5
93a8d90d: folds
f6fd7295: calls $19.5
43cc64b6: calls $19.5
Hero: calls $19.5
*** FIRST FLOP *** [8h 9h 7d]
e312ecdb: bets $78
f6fd7295: raises $260 to $338
43cc64b6: raises $64.76 to $402.76 and is all-in
Hero: folds
e312ecdb: folds
f6fd7295: calls $20.5 and is all-in
Uncalled bet ($44.26) returned to 43cc64b6
f6fd7295: shows [9s Tc] (Pair of Nines)
43cc64b6: shows [5h 7h] (Pair of Sevens)
*** FIRST TURN *** [8h 9h 7d] [Jh]
*** SECOND TURN *** [8h 9h 7d] [Ts]
*** FIRST RIVER *** [8h 9h 7d Jh] [6s]
*** SECOND RIVER *** [8h 9h 7d Ts] [Ks]
*** FIRST SHOWDOWN ***
43cc64b6 collected $449.76 from pot
*** SECOND SHOWDOWN ***
f6fd7295 collected $449.24 from pot
*** SUMMARY ***
Total pot $899
Hand was run two timesFIRST Board [8h 9h 7d Jh 6s]
SECOND Board [Ts Ks]
Seat 3: e312ecdb(small blind) folded on the Flop
Seat 6: 64769f33 folded before Flop (didn't bet)
Seat 4: 93a8d90d(big blind) folded before Flop
Seat 1: Hero folded on the Flop
Seat 7: 43cc64b6 showed [5h 7h] and won ($449.76) with Jack High Flush / Pair of Sevens
Seat 5: f6fd7295 showed [9s Tc] and won ($449.24) with Jacks-High Straight / Pair of Tens and Pair of Nines



Poker Hand #ring_866555249: NLH No Limit ($1/$2) - 2025/05/09 01:01:20
Table 'MR NLH BOMBPOT 1/2' 7-max Seat #1 is the button
Seat 3: e312ecdb ($568.21 in chips)
Seat 6: 64769f33 ($424.4 in chips)
Seat 4: 93a8d90d ($721.07 in chips)
Seat 1: Hero ($774.49 in chips)
Seat 2: a1492d12 ($740.66 in chips)
Seat 7: 43cc64b6 ($438.26 in chips)
Seat 5: f6fd7295 ($394 in chips)
a1492d12: posts the ante $10
e312ecdb: posts the ante $10
93a8d90d: posts the ante $10
f6fd7295: posts the ante $10
64769f33: posts the ante $10
43cc64b6: posts the ante $10
Hero: posts the ante $10
*** HOLE CARDS ***
Dealt to e312ecdb 
Dealt to 64769f33 
Dealt to 93a8d90d 
Dealt to Hero [Kd Ks]
Dealt to a1492d12 
Dealt to 43cc64b6 
Dealt to f6fd7295 
*** FLOP *** [Qs 3d 2c]
a1492d12: bets $70
e312ecdb: folds
93a8d90d: folds
f6fd7295: folds
64769f33: folds
43cc64b6: folds
Hero: raises $304.5 to $374.5
a1492d12: calls $304.5
*** TURN *** [Qs 3d 2c] [4d]
a1492d12: bets $356.16 and is all-in
Hero: calls $356.16
Hero: shows [Kd Ks]
a1492d12: shows [6c Qh]
*** RIVER *** [Qs 3d 2c 4d] [9s]
*** SHOWDOWN ***
Hero collected $1,531.32 from pot
*** SUMMARY ***
Total pot $1,531.32
Board [Qs 3d 2c 4d 9s]
Seat 3: e312ecdb(big blind) folded on the Flop
Seat 6: 64769f33 folded on the Flop
Seat 4: 93a8d90d folded on the Flop
Seat 1: Hero showed [Kd Ks] and won ($1,531.32) with Pair of Kings
Seat 2: a1492d12(small blind) showed [6c Qh] and lost with Pair of Queens
Seat 7: 43cc64b6 folded on the Flop
Seat 5: f6fd7295 folded on the Flop



Poker Hand #ring_866554344: NLH No Limit ($1/$2) - 2025/05/09 01:00:50
Table 'MR NLH BOMBPOT 1/2' 7-max Seat #7 is the button
Seat 3: e312ecdb ($568.21 in chips)
Seat 6: 64769f33 ($424.4 in chips)
Seat 4: 93a8d90d ($718.07 in chips)
Seat 1: Hero ($775.49 in chips)
Seat 2: a1492d12 ($742.66 in chips)
Seat 7: 43cc64b6 ($438.26 in chips)
Seat 5: f6fd7295 ($394 in chips)
Hero: posts small blind $1
a1492d12: posts big blind $2
*** HOLE CARDS ***
Dealt to e312ecdb 
Dealt to 64769f33 
Dealt to 93a8d90d 
Dealt to Hero [9h Td]
Dealt to a1492d12 
Dealt to 43cc64b6 
Dealt to f6fd7295 
e312ecdb: folds
93a8d90d: raises $6 to $8
f6fd7295: folds
64769f33: folds
43cc64b6: folds
Hero: folds
a1492d12: folds
Uncalled bet ($6) returned to 93a8d90d
*** SHOWDOWN ***
93a8d90d collected $5 from pot
*** SUMMARY ***
Total pot $5
Seat 3: e312ecdb folded before Flop (didn't bet)
Seat 6: 64769f33 folded before Flop (didn't bet)
Seat 4: 93a8d90dwon ($5)
Seat 1: Hero(small blind) folded before Flop
Seat 2: a1492d12(big blind) folded before Flop
Seat 7: 43cc64b6 folded before Flop (didn't bet)
Seat 5: f6fd7295 folded before Flop (didn't bet)



Poker Hand #ring_866552639: NLH No Limit ($1/$2) - 2025/05/09 00:59:54
Table 'MR NLH BOMBPOT 1/2' 7-max Seat #6 is the button
Seat 3: e312ecdb ($610.36 in chips)
Seat 6: 64769f33 ($424.4 in chips)
Seat 4: 93a8d90d ($718.07 in chips)
Seat 1: Hero ($730.94 in chips)
Seat 2: a1492d12 ($742.66 in chips)
Seat 7: 43cc64b6 ($439.26 in chips)
Seat 5: f6fd7295 ($400 in chips)
43cc64b6: posts small blind $1
Hero: posts big blind $2
f6fd7295: posts big blind $2
*** HOLE CARDS ***
Dealt to e312ecdb 
Dealt to 64769f33 
Dealt to 93a8d90d 
Dealt to Hero [Qh Ah]
Dealt to a1492d12 
Dealt to 43cc64b6 
Dealt to f6fd7295 
a1492d12: folds
e312ecdb: raises $4 to $6
93a8d90d: folds
f6fd7295: calls $4
64769f33: folds
43cc64b6: folds
Hero: raises $18 to $24
e312ecdb: calls $18
f6fd7295: folds
*** FLOP *** [Kh Kc Ac]
Hero: checks
e312ecdb: bets $18.15
Hero: calls $18.15
*** TURN *** [Kh Kc Ac] [2h]
Hero: checks
e312ecdb: checks
*** RIVER *** [Kh Kc Ac 2h] [Kd]
Hero: bets $45.65
e312ecdb: folds
Uncalled bet ($45.65) returned to Hero
*** SHOWDOWN ***
Hero collected $91.3 from pot
*** SUMMARY ***
Total pot $91.3
Board [Kh Kc Ac 2h Kd]
Seat 3: e312ecdb folded on the River
Seat 6: 64769f33 folded before Flop (didn't bet)
Seat 4: 93a8d90d folded before Flop (didn't bet)
Seat 1: Hero(big blind)won ($91.3) with Kings Full over Aces
Seat 2: a1492d12 folded before Flop (didn't bet)
Seat 7: 43cc64b6(small blind) folded before Flop
Seat 5: f6fd7295 folded before Flop



Poker Hand #ring_866551998: NLH No Limit ($1/$2) - 2025/05/09 00:59:33
Table 'MR NLH BOMBPOT 1/2' 7-max Seat #4 is the button
Seat 3: e312ecdb ($602.36 in chips)
Seat 6: 64769f33 ($425.4 in chips)
Seat 4: 93a8d90d ($718.07 in chips)
Seat 1: Hero ($735.94 in chips)
Seat 2: a1492d12 ($742.66 in chips)
Seat 7: 43cc64b6 ($441.26 in chips)
64769f33: posts small blind $1
43cc64b6: posts big blind $2
*** HOLE CARDS ***
Dealt to e312ecdb 
Dealt to 64769f33 
Dealt to 93a8d90d 
Dealt to Hero [7s Qs]
Dealt to a1492d12 
Dealt to 43cc64b6 
Hero: raises $3 to $5
a1492d12: folds
e312ecdb: raises $6.5 to $11.5
93a8d90d: folds
64769f33: folds
43cc64b6: folds
Hero: folds
Uncalled bet ($6.5) returned to e312ecdb
*** SHOWDOWN ***
e312ecdb collected $13 from pot
*** SUMMARY ***
Total pot $13
Seat 3: e312ecdbwon ($13)
Seat 6: 64769f33(small blind) folded before Flop
Seat 4: 93a8d90d folded before Flop (didn't bet)
Seat 1: Hero folded before Flop
Seat 2: a1492d12 folded before Flop (didn't bet)
Seat 7: 43cc64b6(big blind) folded before Flop



Poker Hand #ring_866549889: NLH No Limit ($1/$2) - 2025/05/09 00:58:23
Table 'MR NLH BOMBPOT 1/2' 7-max Seat #3 is the button
Seat 3: e312ecdb ($602.36 in chips)
Seat 6: 64769f33 ($427.4 in chips)
Seat 4: 93a8d90d ($883.07 in chips)
Seat 1: Hero ($735.94 in chips)
Seat 2: a1492d12 ($585.37 in chips)
Seat 7: 43cc64b6 ($447.26 in chips)
93a8d90d: posts small blind $1
64769f33: posts big blind $2
*** HOLE CARDS ***
Dealt to e312ecdb 
Dealt to 64769f33 
Dealt to 93a8d90d 
Dealt to Hero [Td 7c]
Dealt to a1492d12 
Dealt to 43cc64b6 
43cc64b6: raises $4 to $6
Hero: folds
a1492d12: raises $15 to $21
e312ecdb: folds
93a8d90d: raises $40 to $61
64769f33: folds
43cc64b6: folds
a1492d12: calls $40
*** FLOP *** [7h 8s Ts]
93a8d90d: bets $104
a1492d12: raises $420.37 to $524.37 and is all-in
93a8d90d: folds
Uncalled bet ($420.37) returned to a1492d12
*** SHOWDOWN ***
a1492d12 collected $338 from pot
*** SUMMARY ***
Total pot $338
Board [7h 8s Ts]
Seat 3: e312ecdb folded before Flop (didn't bet)
Seat 6: 64769f33(big blind) folded before Flop
Seat 4: 93a8d90d(small blind) folded on the Flop
Seat 1: Hero folded before Flop (didn't bet)
Seat 2: a1492d12won ($338) with Ace-High
Seat 7: 43cc64b6 folded before Flop



Poker Hand #ring_866548085: NLH No Limit ($1/$2) - 2025/05/09 00:57:24
Table 'MR NLH BOMBPOT 1/2' 7-max Seat #2 is the button
Seat 3: e312ecdb ($603.36 in chips)
Seat 6: 64769f33 ($427.4 in chips)
Seat 4: 93a8d90d ($910.07 in chips)
Seat 1: Hero ($735.94 in chips)
Seat 2: a1492d12 ($534.56 in chips)
Seat 7: 43cc64b6 ($474.26 in chips)
e312ecdb: posts small blind $1
93a8d90d: posts big blind $2
*** HOLE CARDS ***
Dealt to e312ecdb 
Dealt to 64769f33 
Dealt to 93a8d90d 
Dealt to Hero [9d Tc]
Dealt to a1492d12 
Dealt to 43cc64b6 
64769f33: folds
43cc64b6: raises $6 to $8
Hero: folds
a1492d12: raises $19 to $27
e312ecdb: folds
93a8d90d: calls $25
43cc64b6: calls $19
*** FLOP *** [Jh 3d Kh]
93a8d90d: checks
43cc64b6: checks
a1492d12: bets $82
93a8d90d: folds
43cc64b6: folds
Uncalled bet ($82) returned to a1492d12
*** SHOWDOWN ***
a1492d12 collected $82 from pot
*** SUMMARY ***
Total pot $82
Board [Jh 3d Kh]
Seat 3: e312ecdb(small blind) folded before Flop
Seat 6: 64769f33 folded before Flop (didn't bet)
Seat 4: 93a8d90d(big blind) folded on the Flop
Seat 1: Hero folded before Flop (didn't bet)
Seat 2: a1492d12won ($82) with Pair of Kings
Seat 7: 43cc64b6 folded on the Flop



Poker Hand #ring_866547206: NLH No Limit ($1/$2) - 2025/05/09 00:56:55
Table 'MR NLH BOMBPOT 1/2' 7-max Seat #1 is the button
Seat 3: e312ecdb ($605.36 in chips)
Seat 6: 64769f33 ($427.4 in chips)
Seat 4: 93a8d90d ($910.07 in chips)
Seat 1: Hero ($741.94 in chips)
Seat 2: a1492d12 ($527.19 in chips)
Seat 7: 43cc64b6 ($474.26 in chips)
a1492d12: posts small blind $1
e312ecdb: posts big blind $2
*** HOLE CARDS ***
Dealt to e312ecdb 
Dealt to 64769f33 
Dealt to 93a8d90d 
Dealt to Hero [Kc 2s]
Dealt to a1492d12 
Dealt to 43cc64b6 
93a8d90d: folds
64769f33: folds
43cc64b6: folds
Hero: calls $2
a1492d12: raises $4 to $6
e312ecdb: folds
Hero: calls $4
*** FLOP *** [7s 3d 9c]
a1492d12: bets $10.5
Hero: folds
Uncalled bet ($10.5) returned to a1492d12
*** SHOWDOWN ***
a1492d12 collected $14 from pot
*** SUMMARY ***
Total pot $14
Board [7s 3d 9c]
Seat 3: e312ecdb(big blind) folded before Flop
Seat 6: 64769f33 folded before Flop (didn't bet)
Seat 4: 93a8d90d folded before Flop (didn't bet)
Seat 1: Hero folded on the Flop
Seat 2: a1492d12(small blind)won ($14) with King-High
Seat 7: 43cc64b6 folded before Flop (didn't bet)



Poker Hand #ring_866546232: NLH No Limit ($1/$2) - 2025/05/09 00:56:23
Table 'MR NLH BOMBPOT 1/2' 7-max Seat #7 is the button
Seat 3: e312ecdb ($605.36 in chips)
Seat 6: 64769f33 ($427.4 in chips)
Seat 4: 93a8d90d ($907.07 in chips)
Seat 1: Hero ($742.94 in chips)
Seat 2: a1492d12 ($529.19 in chips)
Seat 7: 43cc64b6 ($474.26 in chips)
Hero: posts small blind $1
a1492d12: posts big blind $2
*** HOLE CARDS ***
Dealt to e312ecdb 
Dealt to 64769f33 
Dealt to 93a8d90d 
Dealt to Hero [6s 9h]
Dealt to a1492d12 
Dealt to 43cc64b6 
e312ecdb: folds
93a8d90d: raises $6 to $8
64769f33: folds
43cc64b6: folds
Hero: folds
a1492d12: folds
Uncalled bet ($6) returned to 93a8d90d
*** SHOWDOWN ***
93a8d90d collected $5 from pot
*** SUMMARY ***
Total pot $5
Seat 3: e312ecdb folded before Flop (didn't bet)
Seat 6: 64769f33 folded before Flop (didn't bet)
Seat 4: 93a8d90dwon ($5)
Seat 1: Hero(small blind) folded before Flop
Seat 2: a1492d12(big blind) folded before Flop
Seat 7: 43cc64b6 folded before Flop (didn't bet)



Poker Hand #ring_866544806: NLH No Limit ($1/$2) - 2025/05/09 00:55:36
Table 'MR NLH BOMBPOT 1/2' 7-max Seat #6 is the button
Seat 3: e312ecdb ($605.36 in chips)
Seat 6: 64769f33 ($427.4 in chips)
Seat 4: 93a8d90d ($891.69 in chips)
Seat 1: Hero ($750.94 in chips)
Seat 2: a1492d12 ($537.19 in chips)
Seat 7: 43cc64b6 ($475.26 in chips)
43cc64b6: posts small blind $1
Hero: posts big blind $2
*** HOLE CARDS ***
Dealt to e312ecdb 
Dealt to 64769f33 
Dealt to 93a8d90d 
Dealt to Hero [6c Qc]
Dealt to a1492d12 
Dealt to 43cc64b6 
a1492d12: raises $6 to $8
e312ecdb: folds
93a8d90d: calls $8
64769f33: folds
43cc64b6: folds
Hero: calls $6
*** FLOP *** [Kd Qd 9h]
Hero: checks
a1492d12: checks
93a8d90d: checks
*** TURN *** [Kd Qd 9h] [Jc]
Hero: checks
a1492d12: checks
93a8d90d: checks
*** RIVER *** [Kd Qd 9h Jc] [Ts]
Hero: checks
a1492d12: checks
93a8d90d: bets $20
Hero: folds
a1492d12: folds
Uncalled bet ($20) returned to 93a8d90d
*** SHOWDOWN ***
93a8d90d collected $25 from pot
*** SUMMARY ***
Total pot $25
Board [Kd Qd 9h Jc Ts]
Seat 3: e312ecdb folded before Flop (didn't bet)
Seat 6: 64769f33 folded before Flop (didn't bet)
Seat 4: 93a8d90dwon ($25) with Aces-High Straight
Seat 1: Hero(big blind) folded on the River
Seat 2: a1492d12 folded on the River
Seat 7: 43cc64b6(small blind) folded before Flop



Poker Hand #ring_866544045: NLH No Limit ($1/$2) - 2025/05/09 00:55:11
Table 'MR NLH BOMBPOT 1/2' 7-max Seat #4 is the button
Seat 3: e312ecdb ($605.36 in chips)
Seat 6: 64769f33 ($425.4 in chips)
Seat 4: 93a8d90d ($891.69 in chips)
Seat 1: Hero ($750.94 in chips)
Seat 2: a1492d12 ($537.19 in chips)
Seat 7: 43cc64b6 ($477.26 in chips)
64769f33: posts small blind $1
43cc64b6: posts big blind $2
*** HOLE CARDS ***
Dealt to e312ecdb 
Dealt to 64769f33 
Dealt to 93a8d90d 
Dealt to Hero [9d 3c]
Dealt to a1492d12 
Dealt to 43cc64b6 
Hero: folds
a1492d12: folds
e312ecdb: folds
93a8d90d: folds
64769f33: raises $4 to $6
43cc64b6: folds
Uncalled bet ($4) returned to 64769f33
*** SHOWDOWN ***
64769f33 collected $4 from pot
*** SUMMARY ***
Total pot $4
Seat 3: e312ecdb folded before Flop (didn't bet)
Seat 6: 64769f33(small blind)won ($4)
Seat 4: 93a8d90d folded before Flop (didn't bet)
Seat 1: Hero folded before Flop (didn't bet)
Seat 2: a1492d12 folded before Flop (didn't bet)
Seat 7: 43cc64b6(big blind) folded before Flop



Poker Hand #ring_866542144: NLH No Limit ($1/$2) - 2025/05/09 00:54:09
Table 'MR NLH BOMBPOT 1/2' 7-max Seat #3 is the button
Seat 3: e312ecdb ($615.36 in chips)
Seat 6: 64769f33 ($351.3 in chips)
Seat 4: 93a8d90d ($901.69 in chips)
Seat 1: Hero ($760.94 in chips)
Seat 2: a1492d12 ($547.19 in chips)
Seat 7: 43cc64b6 ($517.26 in chips)
93a8d90d: posts the ante $10
64769f33: posts the ante $10
43cc64b6: posts the ante $10
Hero: posts the ante $10
a1492d12: posts the ante $10
e312ecdb: posts the ante $10
*** HOLE CARDS ***
Dealt to e312ecdb 
Dealt to 64769f33 
Dealt to 93a8d90d 
Dealt to Hero [8h Jc]
Dealt to a1492d12 
Dealt to 43cc64b6 
*** FLOP *** [Jh Qs 2h]
93a8d90d: checks
64769f33: checks
43cc64b6: bets $30
Hero: folds
a1492d12: folds
e312ecdb: folds
93a8d90d: folds
64769f33: calls $30
*** TURN *** [Jh Qs 2h] [Th]
64769f33: checks
43cc64b6: checks
*** RIVER *** [Jh Qs 2h Th] [3c]
64769f33: bets $90
43cc64b6: folds
Uncalled bet ($90) returned to 64769f33
*** SHOWDOWN ***
64769f33 collected $120 from pot
*** SUMMARY ***
Total pot $120
Board [Jh Qs 2h Th 3c]
Seat 3: e312ecdb folded on the Flop
Seat 6: 64769f33(big blind)won ($120) with Ace High Flush
Seat 4: 93a8d90d(small blind) folded on the Flop
Seat 1: Hero folded on the Flop
Seat 2: a1492d12 folded on the Flop
Seat 7: 43cc64b6 folded on the River



Poker Hand #ring_866540384: NLH No Limit ($1/$2) - 2025/05/09 00:53:10
Table 'MR NLH BOMBPOT 1/2' 7-max Seat #2 is the button
Seat 3: e312ecdb ($616.36 in chips)
Seat 6: 64769f33 ($377.55 in chips)
Seat 4: 93a8d90d ($903.69 in chips)
Seat 1: Hero ($760.94 in chips)
Seat 2: a1492d12 ($400 in chips)
Seat 7: 43cc64b6 ($517.26 in chips)
Seat 5: 5db5880c ($131.6 in chips)
e312ecdb: posts small blind $1
93a8d90d: posts big blind $2
a1492d12: posts big blind $2
*** HOLE CARDS ***
Dealt to e312ecdb 
Dealt to 64769f33 
Dealt to 93a8d90d 
Dealt to Hero [As 6c]
Dealt to a1492d12 
Dealt to 43cc64b6 
Dealt to 5db5880c 
5db5880c: raises $7 to $9
64769f33: raises $17.25 to $26.25
43cc64b6: folds
Hero: folds
a1492d12: raises $64.5 to $90.75
e312ecdb: folds
93a8d90d: folds
5db5880c: raises $40.85 to $131.6 and is all-in
64769f33: folds
a1492d12: calls $40.85
a1492d12: shows [Jh Jc]
5db5880c: shows [5c 5s]
*** FLOP *** [9h 2d Tc]
*** TURN *** [9h 2d Tc] [7s]
*** RIVER *** [9h 2d Tc 7s] [7h]
*** SHOWDOWN ***
a1492d12 collected $292.45 from pot
*** SUMMARY ***
Total pot $292.45
Board [9h 2d Tc 7s 7h]
Seat 3: e312ecdb(small blind) folded before Flop
Seat 6: 64769f33 folded before Flop
Seat 4: 93a8d90d(big blind) folded before Flop
Seat 1: Hero folded before Flop (didn't bet)
Seat 2: a1492d12 showed [Jh Jc] and won ($292.45) with Pair of Jacks and Pair of Sevens
Seat 7: 43cc64b6 folded before Flop (didn't bet)
Seat 5: 5db5880c showed [5c 5s] and lost with Pair of Sevens and Pair of Fives



Poker Hand #ring_866538946: NLH No Limit ($1/$2) - 2025/05/09 00:52:23
Table 'MR NLH BOMBPOT 1/2' 7-max Seat #1 is the button
Seat 3: e312ecdb ($618.36 in chips)
Seat 6: 64769f33 ($377.55 in chips)
Seat 4: 93a8d90d ($839.3 in chips)
Seat 1: Hero ($760.94 in chips)
Seat 7: 43cc64b6 ($517.26 in chips)
Seat 5: 5db5880c ($200.8 in chips)
e312ecdb: posts big blind $2
*** HOLE CARDS ***
Dealt to e312ecdb 
Dealt to 64769f33 
Dealt to 93a8d90d 
Dealt to Hero [6c 2s]
Dealt to 43cc64b6 
Dealt to 5db5880c 
93a8d90d: raises $6 to $8
5db5880c: calls $8
64769f33: folds
43cc64b6: folds
Hero: folds
e312ecdb: folds
*** FLOP *** [5d 4s 8s]
93a8d90d: checks
5db5880c: bets $18
93a8d90d: calls $18
*** TURN *** [5d 4s 8s] [Ts]
93a8d90d: checks
5db5880c: checks
*** RIVER *** [5d 4s 8s Ts] [Kh]
93a8d90d: bets $43.2
5db5880c: calls $43.2
93a8d90d: shows [Th 9c]
5db5880c: shows [6h 5h]
*** SHOWDOWN ***
93a8d90d collected $140.4 from pot
*** SUMMARY ***
Total pot $140.4
Board [5d 4s 8s Ts Kh]
Seat 3: e312ecdb(big blind) folded before Flop
Seat 6: 64769f33 folded before Flop (didn't bet)
Seat 4: 93a8d90d showed [Th 9c] and won ($140.4) with Pair of Tens
Seat 1: Hero folded before Flop (didn't bet)
Seat 7: 43cc64b6 folded before Flop (didn't bet)
Seat 5: 5db5880c showed [6h 5h] and lost with Pair of Fives



Poker Hand #ring_866536391: NLH No Limit ($1/$2) - 2025/05/09 00:51:01
Table 'MR NLH BOMBPOT 1/2' 7-max Seat #7 is the button
Seat 3: e312ecdb ($618.36 in chips)
Seat 6: 64769f33 ($377.55 in chips)
Seat 4: 93a8d90d ($839.3 in chips)
Seat 1: Hero ($761.94 in chips)
Seat 2: a1492d12 ($142.75 in chips)
Seat 7: 43cc64b6 ($199.2 in chips)
Seat 5: 5db5880c ($400 in chips)
Hero: posts small blind $1
a1492d12: posts big blind $2
5db5880c: posts big blind $2
*** HOLE CARDS ***
Dealt to e312ecdb 
Dealt to 64769f33 
Dealt to 93a8d90d 
Dealt to Hero [7h 4c]
Dealt to a1492d12 
Dealt to 43cc64b6 
Dealt to 5db5880c 
e312ecdb: folds
93a8d90d: folds
5db5880c: raises $4 to $6
64769f33: folds
43cc64b6: calls $6
Hero: folds
a1492d12: raises $19 to $25
5db5880c: calls $19
43cc64b6: calls $19
*** FLOP *** [Ks Jh 9d]
a1492d12: bets $57
5db5880c: calls $57
43cc64b6: calls $57
*** TURN *** [Ks Jh 9d] [5d]
a1492d12: bets $60.75 and is all-in
5db5880c: calls $60.75
43cc64b6: raises $56.45 to $117.2 and is all-in
5db5880c: calls $56.45
a1492d12: shows [9c Js]
5db5880c: shows [Tc 6c]
43cc64b6: shows [Ts Qs]
*** RIVER *** [Ks Jh 9d 5d] [4d]
*** SHOWDOWN ***
43cc64b6 collected $429.25 from pot
43cc64b6 collected $112.9 from pot
*** SUMMARY ***
Total pot $542.15
Board [Ks Jh 9d 5d 4d]
Seat 3: e312ecdb folded before Flop (didn't bet)
Seat 6: 64769f33 folded before Flop (didn't bet)
Seat 4: 93a8d90d folded before Flop (didn't bet)
Seat 1: Hero(small blind) folded before Flop
Seat 2: a1492d12(big blind) showed [9c Js] and lost with Pair of Jacks and Pair of Nines
Seat 7: 43cc64b6 showed [Ts Qs] and won ($429.25) with Kings-High Straight
Seat 5: 5db5880c showed [Tc 6c] and lost with King-High



Poker Hand #ring_866535141: NLH No Limit ($1/$2) - 2025/05/09 00:50:21
Table 'MR NLH BOMBPOT 1/2' 7-max Seat #6 is the button
Seat 3: e312ecdb ($618.36 in chips)
Seat 6: 64769f33 ($377.55 in chips)
Seat 4: 93a8d90d ($806.86 in chips)
Seat 1: Hero ($769.94 in chips)
Seat 2: a1492d12 ($169.5 in chips)
Seat 7: 43cc64b6 ($200.2 in chips)
43cc64b6: posts small blind $1
Hero: posts big blind $2
*** HOLE CARDS ***
Dealt to e312ecdb 
Dealt to 64769f33 
Dealt to 93a8d90d 
Dealt to Hero [6h Th]
Dealt to a1492d12 
Dealt to 43cc64b6 
a1492d12: raises $6 to $8
e312ecdb: folds
93a8d90d: calls $8
64769f33: folds
43cc64b6: folds
Hero: calls $6
*** FLOP *** [4h 7s 7d]
Hero: checks
a1492d12: bets $18.75
93a8d90d: calls $18.75
Hero: folds
*** TURN *** [4h 7s 7d] [3s]
a1492d12: checks
93a8d90d: bets $50
a1492d12: folds
Uncalled bet ($50) returned to 93a8d90d
*** SHOWDOWN ***
93a8d90d collected $62.5 from pot
*** SUMMARY ***
Total pot $62.5
Board [4h 7s 7d 3s]
Seat 3: e312ecdb folded before Flop (didn't bet)
Seat 6: 64769f33 folded before Flop (didn't bet)
Seat 4: 93a8d90dwon ($62.5) with Pair of Sevens
Seat 1: Hero(big blind) folded on the Flop
Seat 2: a1492d12 folded on the Turn
Seat 7: 43cc64b6(small blind) folded before Flop



Poker Hand #ring_866533191: NLH No Limit ($1/$2) - 2025/05/09 00:49:18
Table 'MR NLH BOMBPOT 1/2' 7-max Seat #5 is the button
Seat 3: e312ecdb ($443.45 in chips)
Seat 6: 64769f33 ($378.55 in chips)
Seat 4: 93a8d90d ($806.86 in chips)
Seat 1: Hero ($769.94 in chips)
Seat 2: a1492d12 ($169.5 in chips)
Seat 7: 43cc64b6 ($202.2 in chips)
Seat 5: 5db5880c ($189.6 in chips)
64769f33: posts small blind $1
43cc64b6: posts big blind $2
*** HOLE CARDS ***
Dealt to e312ecdb 
Dealt to 64769f33 
Dealt to 93a8d90d 
Dealt to Hero [2d 7c]
Dealt to a1492d12 
Dealt to 43cc64b6 
Dealt to 5db5880c 
Hero: folds
a1492d12: folds
e312ecdb: raises $4 to $6
93a8d90d: folds
5db5880c: raises $11.25 to $17.25
64769f33: folds
43cc64b6: folds
e312ecdb: calls $11.25
*** FLOP *** [3h 6c Ah]
e312ecdb: checks
5db5880c: bets $37.5
e312ecdb: raises $84.37 to $121.87
5db5880c: raises $50.48 to $172.35 and is all-in
e312ecdb: calls $50.48
e312ecdb: shows [3d 3c] (Three Treys)
5db5880c: shows [Ts Ad] (Pair of Aces)
*** TURN *** [3h 6c Ah] [8h]
*** RIVER *** [3h 6c Ah 8h] [8s]
*** SHOWDOWN ***
e312ecdb collected $382.2 from pot
*** SUMMARY ***
Total pot $382.2
Board [3h 6c Ah 8h 8s]
Seat 3: e312ecdb showed [3d 3c] and won ($382.2) with Treys Full over Eights
Seat 6: 64769f33(small blind) folded before Flop
Seat 4: 93a8d90d folded before Flop (didn't bet)
Seat 1: Hero folded before Flop (didn't bet)
Seat 2: a1492d12 folded before Flop (didn't bet)
Seat 7: 43cc64b6(big blind) folded before Flop
Seat 5: 5db5880c showed [Ts Ad] and lost with Pair of Aces and Pair of Eights



Poker Hand #ring_866531999: NLH No Limit ($1/$2) - 2025/05/09 00:48:38
Table 'MR NLH BOMBPOT 1/2' 7-max Seat #4 is the button
Seat 3: e312ecdb ($443.45 in chips)
Seat 6: 64769f33 ($380.55 in chips)
Seat 4: 93a8d90d ($806.86 in chips)
Seat 1: Hero ($769.17 in chips)
Seat 2: a1492d12 ($169.5 in chips)
Seat 7: 43cc64b6 ($202.2 in chips)
Seat 5: 5db5880c ($188.82 in chips)
5db5880c: posts small blind $1
64769f33: posts big blind $2
*** HOLE CARDS ***
Dealt to e312ecdb 
Dealt to 64769f33 
Dealt to 93a8d90d 
Dealt to Hero [As 5d]
Dealt to a1492d12 
Dealt to 43cc64b6 
Dealt to 5db5880c 
43cc64b6: folds
Hero: raises $2 to $4
a1492d12: folds
e312ecdb: folds
93a8d90d: folds
5db5880c: calls $3
64769f33: folds
*** FLOP *** [8d 4c 8c]
5db5880c: checks
Hero: checks
*** TURN *** [8d 4c 8c] [8s]
5db5880c: checks
Hero: checks
*** RIVER *** [8d 4c 8c 8s] [4h]
5db5880c: checks
Hero: checks
Hero: shows [As 5d]
5db5880c: shows [Ks Th]
*** SHOWDOWN ***
Hero collected $5 from pot
5db5880c collected $5 from pot
*** SUMMARY ***
Total pot $10
Board [8d 4c 8c 8s 4h]
Seat 3: e312ecdb folded before Flop (didn't bet)
Seat 6: 64769f33(big blind) folded before Flop
Seat 4: 93a8d90d folded before Flop (didn't bet)
Seat 1: Hero showed [As 5d] and won ($5) with Eights Full over Fours
Seat 2: a1492d12 folded before Flop (didn't bet)
Seat 7: 43cc64b6 folded before Flop (didn't bet)
Seat 5: 5db5880c(small blind) showed [Ks Th] and won ($5) with Eights Full over Fours



Poker Hand #ring_866531086: NLH No Limit ($1/$2) - 2025/05/09 00:48:08
Table 'MR NLH BOMBPOT 1/2' 7-max Seat #3 is the button
Seat 3: e312ecdb ($443.45 in chips)
Seat 6: 64769f33 ($380.55 in chips)
Seat 4: 93a8d90d ($808.86 in chips)
Seat 1: Hero ($769.17 in chips)
Seat 2: a1492d12 ($169.5 in chips)
Seat 7: 43cc64b6 ($202.2 in chips)
Seat 5: 5db5880c ($187 in chips)
93a8d90d: posts small blind $1
5db5880c: posts big blind $2
*** HOLE CARDS ***
Dealt to e312ecdb 
Dealt to 64769f33 
Dealt to 93a8d90d 
Dealt to Hero [2h 3c]
Dealt to a1492d12 
Dealt to 43cc64b6 
Dealt to 5db5880c 
*** FLOP *** [3d 6c Td]
93a8d90d: checks
5db5880c: bets $2
93a8d90d: folds
Uncalled bet ($2) returned to 5db5880c
64769f33: folds
43cc64b6: folds
Hero: folds
a1492d12: folds
e312ecdb: folds
93a8d90d: calls $1
5db5880c: checks
*** SHOWDOWN ***
5db5880c collected $4 from pot
*** SUMMARY ***
Total pot $4
Board [3d 6c Td]
Seat 3: e312ecdb folded before Flop (didn't bet)
Seat 6: 64769f33 folded before Flop (didn't bet)
Seat 4: 93a8d90d(small blind) folded on the Flop
Seat 1: Hero folded before Flop (didn't bet)
Seat 2: a1492d12 folded before Flop (didn't bet)
Seat 7: 43cc64b6 folded before Flop (didn't bet)
Seat 5: 5db5880c(big blind)won ($4) with Queen-High



Poker Hand #ring_866529621: NLH No Limit ($1/$2) - 2025/05/09 00:47:20
Table 'MR NLH BOMBPOT 1/2' 7-max Seat #2 is the button
Seat 3: e312ecdb ($444.45 in chips)
Seat 6: 64769f33 ($380.55 in chips)
Seat 4: 93a8d90d ($821.36 in chips)
Seat 1: Hero ($757.34 in chips)
Seat 2: a1492d12 ($169.5 in chips)
Seat 7: 43cc64b6 ($202.2 in chips)
Seat 5: 5db5880c ($187 in chips)
e312ecdb: posts small blind $1
93a8d90d: posts big blind $2
*** HOLE CARDS ***
Dealt to e312ecdb 
Dealt to 64769f33 
Dealt to 93a8d90d 
Dealt to Hero [Ac 3c]
Dealt to a1492d12 
Dealt to 43cc64b6 
Dealt to 5db5880c 
5db5880c: folds
64769f33: folds
43cc64b6: folds
Hero: raises $4 to $6
a1492d12: folds
e312ecdb: folds
93a8d90d: calls $4
*** FLOP *** [As 5s Tc]
93a8d90d: checks
Hero: checks
*** TURN *** [As 5s Tc] [9s]
93a8d90d: bets $6.5
Hero: calls $6.5
*** RIVER *** [As 5s Tc 9s] [Qs]
93a8d90d: checks
Hero: checks
Hero: shows [Ac 3c]
93a8d90d: shows [3d 9d]
*** SHOWDOWN ***
Hero collected $26 from pot
*** SUMMARY ***
Total pot $26
Board [As 5s Tc 9s Qs]
Seat 3: e312ecdb(small blind) folded before Flop
Seat 6: 64769f33 folded before Flop (didn't bet)
Seat 4: 93a8d90d(big blind) showed [3d 9d] and lost with Pair of Nines
Seat 1: Hero showed [Ac 3c] and won ($26) with Pair of Aces
Seat 2: a1492d12 folded before Flop (didn't bet)
Seat 7: 43cc64b6 folded before Flop (didn't bet)
Seat 5: 5db5880c folded before Flop (didn't bet)



Poker Hand #ring_866527777: NLH No Limit ($1/$2) - 2025/05/09 00:46:19
Table 'MR NLH BOMBPOT 1/2' 7-max Seat #1 is the button
Seat 3: e312ecdb ($446.45 in chips)
Seat 6: 64769f33 ($196 in chips)
Seat 4: 93a8d90d ($821.36 in chips)
Seat 1: Hero ($762.34 in chips)
Seat 2: a1492d12 ($365.5 in chips)
Seat 7: 43cc64b6 ($202.2 in chips)
Seat 5: 5db5880c ($187 in chips)
a1492d12: posts small blind $1
e312ecdb: posts big blind $2
*** HOLE CARDS ***
Dealt to e312ecdb 
Dealt to 64769f33 
Dealt to 93a8d90d 
Dealt to Hero [Ks Js]
Dealt to a1492d12 
Dealt to 43cc64b6 
Dealt to 5db5880c 
93a8d90d: folds
5db5880c: folds
64769f33: raises $3 to $5
43cc64b6: folds
Hero: calls $5
a1492d12: raises $17 to $22
e312ecdb: folds
64769f33: raises $174 to $196 and is all-in
Hero: folds
a1492d12: calls $174
a1492d12: shows [Ac Kh]
64769f33: shows [Kd Kc]
*** FLOP *** [9c Qc 6h]
*** TURN *** [9c Qc 6h] [5s]
*** RIVER *** [9c Qc 6h 5s] [4c]
Hero: shows [Ks]
*** SHOWDOWN ***
64769f33 collected $399 from pot
*** SUMMARY ***
Total pot $399
Board [9c Qc 6h 5s 4c]
Seat 3: e312ecdb(big blind) folded before Flop
Seat 6: 64769f33 showed [Kd Kc] and won ($399) with Pair of Kings
Seat 4: 93a8d90d folded before Flop (didn't bet)
Seat 1: Hero folded before Flop
Seat 2: a1492d12(small blind) showed [Ac Kh] and lost with Ace-High
Seat 7: 43cc64b6 folded before Flop (didn't bet)
Seat 5: 5db5880c folded before Flop (didn't bet)



Poker Hand #ring_866526704: NLH No Limit ($1/$2) - 2025/05/09 00:45:44
Table 'MR NLH BOMBPOT 1/2' 7-max Seat #7 is the button
Seat 3: e312ecdb ($456.45 in chips)
Seat 6: 64769f33 ($206 in chips)
Seat 4: 93a8d90d ($765.01 in chips)
Seat 1: Hero ($772.34 in chips)
Seat 2: a1492d12 ($375.5 in chips)
Seat 7: 43cc64b6 ($212.2 in chips)
Seat 5: 5db5880c ($197 in chips)
Hero: posts the ante $10
a1492d12: posts the ante $10
e312ecdb: posts the ante $10
93a8d90d: posts the ante $10
5db5880c: posts the ante $10
64769f33: posts the ante $10
43cc64b6: posts the ante $10
*** HOLE CARDS ***
Dealt to e312ecdb 
Dealt to 64769f33 
Dealt to 93a8d90d 
Dealt to Hero [Qs 5d]
Dealt to a1492d12 
Dealt to 43cc64b6 
Dealt to 5db5880c 
*** FLOP *** [9c 6h 9s]
Hero: checks
a1492d12: checks
e312ecdb: checks
93a8d90d: bets $23.1
5db5880c: folds
64769f33: folds
43cc64b6: folds
Hero: folds
a1492d12: folds
e312ecdb: folds
Uncalled bet ($23.1) returned to 93a8d90d
*** SHOWDOWN ***
93a8d90d collected $70 from pot
*** SUMMARY ***
Total pot $70
Board [9c 6h 9s]
Seat 3: e312ecdb folded on the Flop
Seat 6: 64769f33 folded on the Flop
Seat 4: 93a8d90dwon ($70) with Pair of Nines
Seat 1: Hero(small blind) folded on the Flop
Seat 2: a1492d12(big blind) folded on the Flop
Seat 7: 43cc64b6 folded on the Flop
Seat 5: 5db5880c folded on the Flop



Poker Hand #ring_866525124: NLH No Limit ($1/$2) - 2025/05/09 00:44:51
Table 'MR NLH BOMBPOT 1/2' 7-max Seat #5 is the button
Seat 3: e312ecdb ($456.45 in chips)
Seat 4: 93a8d90d ($765.01 in chips)
Seat 1: Hero ($774.34 in chips)
Seat 2: a1492d12 ($392 in chips)
Seat 7: 43cc64b6 ($195.77 in chips)
Seat 5: 5db5880c ($197 in chips)
43cc64b6: posts small blind $1
Hero: posts big blind $2
*** HOLE CARDS ***
Dealt to e312ecdb 
Dealt to 93a8d90d 
Dealt to Hero [Ad 4s]
Dealt to a1492d12 
Dealt to 43cc64b6 
Dealt to 5db5880c 
a1492d12: raises $4 to $6
e312ecdb: folds
93a8d90d: folds
5db5880c: folds
43cc64b6: raises $10.5 to $16.5
Hero: folds
a1492d12: calls $10.5
*** FLOP *** [5h 3s 5d]
43cc64b6: checks
a1492d12: checks
*** TURN *** [5h 3s 5d] [9d]
43cc64b6: bets $26.25
a1492d12: folds
Uncalled bet ($26.25) returned to 43cc64b6
*** SHOWDOWN ***
43cc64b6 collected $35 from pot
*** SUMMARY ***
Total pot $35
Board [5h 3s 5d 9d]
Seat 3: e312ecdb folded before Flop (didn't bet)
Seat 4: 93a8d90d folded before Flop (didn't bet)
Seat 1: Hero(big blind) folded before Flop
Seat 2: a1492d12 folded on the Turn
Seat 7: 43cc64b6(small blind)won ($35) with Pair of Fives
Seat 5: 5db5880c folded before Flop (didn't bet)



Poker Hand #ring_866523559: NLH No Limit ($1/$2) - 2025/05/09 00:44:00
Table 'MR NLH BOMBPOT 1/2' 7-max Seat #4 is the button
Seat 3: e312ecdb ($456.45 in chips)
Seat 4: 93a8d90d ($765.01 in chips)
Seat 1: Hero ($766.01 in chips)
Seat 2: a1492d12 ($398 in chips)
Seat 7: 43cc64b6 ($197.77 in chips)
Seat 5: 5db5880c ($198 in chips)
5db5880c: posts small blind $1
43cc64b6: posts big blind $2
*** HOLE CARDS ***
Dealt to e312ecdb 
Dealt to 93a8d90d 
Dealt to Hero [8c 6c]
Dealt to a1492d12 
Dealt to 43cc64b6 
Dealt to 5db5880c 
Hero: raises $4 to $6
a1492d12: calls $6
e312ecdb: folds
93a8d90d: folds
5db5880c: folds
43cc64b6: folds
*** FLOP *** [7h 8d Td]
Hero: checks
a1492d12: checks
*** TURN *** [7h 8d Td] [9c]
Hero: checks
a1492d12: checks
*** RIVER *** [7h 8d Td 9c] [4c]
Hero: bets $7.5
a1492d12: folds
Uncalled bet ($7.5) returned to Hero
*** SHOWDOWN ***
Hero collected $15 from pot
*** SUMMARY ***
Total pot $15
Board [7h 8d Td 9c 4c]
Seat 3: e312ecdb folded before Flop (didn't bet)
Seat 4: 93a8d90d folded before Flop (didn't bet)
Seat 1: Herowon ($15) with Tens-High Straight
Seat 2: a1492d12 folded on the River
Seat 7: 43cc64b6(big blind) folded before Flop
Seat 5: 5db5880c(small blind) folded before Flop



Poker Hand #ring_866522933: NLH No Limit ($1/$2) - 2025/05/09 00:43:40
Table 'MR NLH BOMBPOT 1/2' 7-max Seat #3 is the button
Seat 3: e312ecdb ($456.45 in chips)
Seat 4: 93a8d90d ($766.01 in chips)
Seat 1: Hero ($766.01 in chips)
Seat 2: a1492d12 ($400 in chips)
Seat 7: 43cc64b6 ($192.77 in chips)
Seat 5: 5db5880c ($200 in chips)
93a8d90d: posts small blind $1
5db5880c: posts big blind $2
a1492d12: posts big blind $2
*** HOLE CARDS ***
Dealt to e312ecdb 
Dealt to 93a8d90d 
Dealt to Hero [3d Js]
Dealt to a1492d12 
Dealt to 43cc64b6 
Dealt to 5db5880c 
43cc64b6: raises $4 to $6
Hero: folds
a1492d12: folds
e312ecdb: folds
93a8d90d: folds
5db5880c: folds
Uncalled bet ($4) returned to 43cc64b6
*** SHOWDOWN ***
43cc64b6 collected $7 from pot
*** SUMMARY ***
Total pot $7
Seat 3: e312ecdb folded before Flop (didn't bet)
Seat 4: 93a8d90d(small blind) folded before Flop
Seat 1: Hero folded before Flop (didn't bet)
Seat 2: a1492d12 folded before Flop
Seat 7: 43cc64b6won ($7)
Seat 5: 5db5880c(big blind) folded before Flop



Poker Hand #ring_866521504: NLH No Limit ($1/$2) - 2025/05/09 00:42:53
Table 'MR NLH BOMBPOT 1/2' 7-max Seat #0 is the button
Seat 3: e312ecdb ($457.45 in chips)
Seat 4: 93a8d90d ($782.41 in chips)
Seat 1: Hero ($750.63 in chips)
Seat 7: 43cc64b6 ($192.77 in chips)
e312ecdb: posts small blind $1
93a8d90d: posts big blind $2
*** HOLE CARDS ***
Dealt to e312ecdb 
Dealt to 93a8d90d 
Dealt to Hero [9h 8h]
Dealt to 43cc64b6 
43cc64b6: folds
Hero: raises $4 to $6
e312ecdb: folds
93a8d90d: raises $10.4 to $16.4
Hero: calls $10.4
*** FLOP *** [6c 4c 7h]
93a8d90d: checks
Hero: bets $16.9
93a8d90d: folds
Uncalled bet ($16.9) returned to Hero
*** SHOWDOWN ***
Hero collected $33.8 from pot
*** SUMMARY ***
Total pot $33.8
Board [6c 4c 7h]
Seat 3: e312ecdb(small blind) folded before Flop
Seat 4: 93a8d90d(big blind) folded on the Flop
Seat 1: Herowon ($33.8) with Nine-High
Seat 7: 43cc64b6 folded before Flop (didn't bet)



Poker Hand #ring_866519778: NLH No Limit ($1/$2) - 2025/05/09 00:41:58
Table 'MR NLH BOMBPOT 1/2' 7-max Seat #1 is the button
Seat 3: e312ecdb ($465.45 in chips)
Seat 4: 93a8d90d ($479.68 in chips)
Seat 1: Hero ($758.63 in chips)
Seat 2: a1492d12 ($316.42 in chips)
Seat 7: 43cc64b6 ($192.77 in chips)
a1492d12: posts small blind $1
e312ecdb: posts big blind $2
*** HOLE CARDS ***
Dealt to e312ecdb 
Dealt to 93a8d90d 
Dealt to Hero [Ah Jh]
Dealt to a1492d12 
Dealt to 43cc64b6 
93a8d90d: raises $6 to $8
43cc64b6: folds
Hero: calls $8
a1492d12: calls $7
e312ecdb: calls $6
*** FLOP *** [9d 4c 6h]
a1492d12: checks
e312ecdb: checks
93a8d90d: bets $25.6
Hero: folds
a1492d12: calls $25.6
e312ecdb: folds
*** TURN *** [9d 4c 6h] [Qc]
a1492d12: checks
93a8d90d: bets $66.56
a1492d12: raises $216.26 to $282.82 and is all-in
93a8d90d: calls $216.26
a1492d12: shows [8h 8c]
93a8d90d: shows [9s Qs]
*** RIVER *** [9d 4c 6h Qc] [Qd]
*** SHOWDOWN ***
93a8d90d collected $648.84 from pot
*** SUMMARY ***
Total pot $648.84
Board [9d 4c 6h Qc Qd]
Seat 3: e312ecdb(big blind) folded on the Flop
Seat 4: 93a8d90d showed [9s Qs] and won ($648.84) with Queens Full over Nines
Seat 1: Hero folded on the Flop
Seat 2: a1492d12(small blind) showed [8h 8c] and lost with Pair of Queens and Pair of Eights
Seat 7: 43cc64b6 folded before Flop (didn't bet)



Poker Hand #ring_866518692: NLH No Limit ($1/$2) - 2025/05/09 00:41:23
Table 'MR NLH BOMBPOT 1/2' 7-max Seat #7 is the button
Seat 3: e312ecdb ($459.03 in chips)
Seat 4: 93a8d90d ($479.68 in chips)
Seat 1: Hero ($759.63 in chips)
Seat 2: a1492d12 ($322.42 in chips)
Seat 7: 43cc64b6 ($192.77 in chips)
Hero: posts small blind $1
a1492d12: posts big blind $2
*** HOLE CARDS ***
Dealt to e312ecdb 
Dealt to 93a8d90d 
Dealt to Hero [6c 2s]
Dealt to a1492d12 
Dealt to 43cc64b6 
e312ecdb: raises $4 to $6
93a8d90d: folds
43cc64b6: folds
Hero: folds
a1492d12: calls $4
*** FLOP *** [5d Kc 9h]
a1492d12: checks
e312ecdb: bets $6.5
a1492d12: folds
Uncalled bet ($6.5) returned to e312ecdb
*** SHOWDOWN ***
e312ecdb collected $13 from pot
*** SUMMARY ***
Total pot $13
Board [5d Kc 9h]
Seat 3: e312ecdbwon ($13) with Pair of Kings
Seat 4: 93a8d90d folded before Flop (didn't bet)
Seat 1: Hero(small blind) folded before Flop
Seat 2: a1492d12(big blind) folded on the Flop
Seat 7: 43cc64b6 folded before Flop (didn't bet)



Poker Hand #ring_866517325: NLH No Limit ($1/$2) - 2025/05/09 00:40:39
Table 'MR NLH BOMBPOT 1/2' 7-max Seat #4 is the button
Seat 3: e312ecdb ($459.03 in chips)
Seat 4: 93a8d90d ($495.18 in chips)
Seat 1: Hero ($775.13 in chips)
Seat 2: a1492d12 ($293.05 in chips)
Seat 7: 43cc64b6 ($193.77 in chips)
43cc64b6: posts small blind $1
Hero: posts big blind $2
*** HOLE CARDS ***
Dealt to e312ecdb 
Dealt to 93a8d90d 
Dealt to Hero [Ah 9h]
Dealt to a1492d12 
Dealt to 43cc64b6 
a1492d12: raises $4 to $6
e312ecdb: folds
93a8d90d: calls $6
43cc64b6: folds
Hero: calls $4
*** FLOP *** [5s 7s 2h]
Hero: checks
a1492d12: bets $9.5
93a8d90d: calls $9.5
Hero: calls $9.5
*** TURN *** [5s 7s 2h] [6c]
Hero: checks
a1492d12: bets $35.62
93a8d90d: folds
Hero: folds
Uncalled bet ($35.62) returned to a1492d12
a1492d12: shows [7d 7h]
*** SHOWDOWN ***
a1492d12 collected $47.5 from pot
*** SUMMARY ***
Total pot $47.5
Board [5s 7s 2h 6c]
Seat 3: e312ecdb folded before Flop (didn't bet)
Seat 4: 93a8d90d folded on the Turn
Seat 1: Hero(big blind) folded on the Turn
Seat 2: a1492d12 showed [7d 7h] and won ($47.5) with Three Sevens
Seat 7: 43cc64b6(small blind) folded before Flop



Poker Hand #ring_866515581: NLH No Limit ($1/$2) - 2025/05/09 00:39:43
Table 'MR NLH BOMBPOT 1/2' 7-max Seat #3 is the button
Seat 3: e312ecdb ($452.61 in chips)
Seat 4: 93a8d90d ($496.18 in chips)
Seat 1: Hero ($775.13 in chips)
Seat 2: a1492d12 ($293.05 in chips)
Seat 7: 43cc64b6 ($199.77 in chips)
93a8d90d: posts small blind $1
43cc64b6: posts big blind $2
*** HOLE CARDS ***
Dealt to e312ecdb 
Dealt to 93a8d90d 
Dealt to Hero [8h Td]
Dealt to a1492d12 
Dealt to 43cc64b6 
Hero: folds
a1492d12: folds
e312ecdb: raises $4 to $6
93a8d90d: folds
43cc64b6: calls $4
*** FLOP *** [Ah 6s 2h]
43cc64b6: checks
e312ecdb: checks
*** TURN *** [Ah 6s 2h] [6h]
43cc64b6: checks
e312ecdb: bets $6.5
43cc64b6: folds
Uncalled bet ($6.5) returned to e312ecdb
*** SHOWDOWN ***
e312ecdb collected $13 from pot
*** SUMMARY ***
Total pot $13
Board [Ah 6s 2h 6h]
Seat 3: e312ecdbwon ($13) with Pair of Sixes
Seat 4: 93a8d90d(small blind) folded before Flop
Seat 1: Hero folded before Flop (didn't bet)
Seat 2: a1492d12 folded before Flop (didn't bet)
Seat 7: 43cc64b6(big blind) folded on the Turn



Poker Hand #ring_866514836: NLH No Limit ($1/$2) - 2025/05/09 00:39:18
Table 'MR NLH BOMBPOT 1/2' 7-max Seat #2 is the button
Seat 3: e312ecdb ($444.61 in chips)
Seat 4: 93a8d90d ($498.18 in chips)
Seat 1: Hero ($781.13 in chips)
Seat 2: a1492d12 ($293.05 in chips)
Seat 7: 43cc64b6 ($199.77 in chips)
e312ecdb: posts small blind $1
93a8d90d: posts big blind $2
*** HOLE CARDS ***
Dealt to e312ecdb 
Dealt to 93a8d90d 
Dealt to Hero [Js 8s]
Dealt to a1492d12 
Dealt to 43cc64b6 
43cc64b6: folds
Hero: raises $4 to $6
a1492d12: folds
e312ecdb: raises $14 to $20
93a8d90d: folds
Hero: folds
Uncalled bet ($14) returned to e312ecdb
*** SHOWDOWN ***
e312ecdb collected $14 from pot
*** SUMMARY ***
Total pot $14
Seat 3: e312ecdb(small blind)won ($14)
Seat 4: 93a8d90d(big blind) folded before Flop
Seat 1: Hero folded before Flop
Seat 2: a1492d12 folded before Flop (didn't bet)
Seat 7: 43cc64b6 folded before Flop (didn't bet)



Poker Hand #ring_866514162: NLH No Limit ($1/$2) - 2025/05/09 00:38:55
Table 'MR NLH BOMBPOT 1/2' 7-max Seat #1 is the button
Seat 3: e312ecdb ($454.61 in chips)
Seat 4: 93a8d90d ($508.18 in chips)
Seat 1: Hero ($791.13 in chips)
Seat 2: a1492d12 ($255.8 in chips)
Seat 7: 43cc64b6 ($209.77 in chips)
a1492d12: posts the ante $10
e312ecdb: posts the ante $10
93a8d90d: posts the ante $10
43cc64b6: posts the ante $10
Hero: posts the ante $10
*** HOLE CARDS ***
Dealt to e312ecdb 
Dealt to 93a8d90d 
Dealt to Hero [Ah 4c]
Dealt to a1492d12 
Dealt to 43cc64b6 
*** FLOP *** [8d 2c Ks]
a1492d12: bets $37.5
e312ecdb: folds
93a8d90d: folds
43cc64b6: folds
Hero: folds
Uncalled bet ($37.5) returned to a1492d12
*** SHOWDOWN ***
a1492d12 collected $50 from pot
*** SUMMARY ***
Total pot $50
Board [8d 2c Ks]
Seat 3: e312ecdb(big blind) folded on the Flop
Seat 4: 93a8d90d folded on the Flop
Seat 1: Hero folded on the Flop
Seat 2: a1492d12(small blind)won ($50) with Pair of Kings and Pair of Eights
Seat 7: 43cc64b6 folded on the Flop



Poker Hand #ring_866511800: NLH No Limit ($1/$2) - 2025/05/09 00:37:39
Table 'MR NLH BOMBPOT 1/2' 7-max Seat #7 is the button
Seat 3: e312ecdb ($460.61 in chips)
Seat 6: 16aadc7c ($208 in chips)
Seat 4: 93a8d90d ($514.18 in chips)
Seat 1: Hero ($797.13 in chips)
Seat 2: a1492d12 ($231.74 in chips)
Seat 7: 43cc64b6 ($215.77 in chips)
Hero: posts small blind $1
a1492d12: posts big blind $2
16aadc7c: posts big blind $2
*** HOLE CARDS ***
Dealt to e312ecdb 
Dealt to 16aadc7c 
Dealt to 93a8d90d 
Dealt to Hero [Td 2d]
Dealt to a1492d12 
Dealt to 43cc64b6 
e312ecdb: raises $4 to $6
93a8d90d: calls $6
16aadc7c: folds
43cc64b6: calls $6
Hero: calls $5
a1492d12: calls $4
*** FLOP *** [3h 4s 5h]
Hero: checks
a1492d12: checks
e312ecdb: checks
93a8d90d: checks
43cc64b6: checks
*** TURN *** [3h 4s 5h] [8c]
Hero: checks
a1492d12: bets $24
e312ecdb: folds
93a8d90d: folds
43cc64b6: folds
Hero: folds
Uncalled bet ($24) returned to a1492d12
*** SHOWDOWN ***
a1492d12 collected $32 from pot
*** SUMMARY ***
Total pot $32
Board [3h 4s 5h 8c]
Seat 3: e312ecdb folded on the Turn
Seat 6: 16aadc7c folded before Flop
Seat 4: 93a8d90d folded on the Turn
Seat 1: Hero(small blind) folded on the Turn
Seat 2: a1492d12(big blind)won ($32) with Fives-High Straight
Seat 7: 43cc64b6 folded on the Turn



Poker Hand #ring_866508168: NLH No Limit ($1/$2) - 2025/05/09 00:35:38
Table 'MR NLH BOMBPOT 1/2' 7-max Seat #4 is the button
Seat 3: e312ecdb ($460.61 in chips)
Seat 4: 93a8d90d ($409.6 in chips)
Seat 1: Hero ($911.55 in chips)
Seat 2: a1492d12 ($231.74 in chips)
Seat 7: 43cc64b6 ($216.77 in chips)
43cc64b6: posts small blind $1
Hero: posts big blind $2
*** HOLE CARDS ***
Dealt to e312ecdb 
Dealt to 93a8d90d 
Dealt to Hero [Ad 5d]
Dealt to a1492d12 
Dealt to 43cc64b6 
a1492d12: folds
e312ecdb: folds
93a8d90d: raises $6 to $8
43cc64b6: folds
Hero: calls $6
*** FLOP *** [7c 2s 4d]
Hero: bets $8.5
93a8d90d: calls $8.5
*** TURN *** [7c 2s 4d] [3s]
Hero: bets $27.2
93a8d90d: calls $27.2
*** RIVER *** [7c 2s 4d 3s] [3h]
Hero: bets $70.72
93a8d90d: raises $183.88 to $254.6
Hero: folds
Uncalled bet ($183.88) returned to 93a8d90d
*** SHOWDOWN ***
93a8d90d collected $229.84 from pot
*** SUMMARY ***
Total pot $229.84
Board [7c 2s 4d 3s 3h]
Seat 3: e312ecdb folded before Flop (didn't bet)
Seat 4: 93a8d90dwon ($229.84) with Pair of Fives and Pair of Treys
Seat 1: Hero(big blind) folded on the River
Seat 2: a1492d12 folded before Flop (didn't bet)
Seat 7: 43cc64b6(small blind) folded before Flop



Poker Hand #ring_866507115: NLH No Limit ($1/$2) - 2025/05/09 00:35:06
Table 'MR NLH BOMBPOT 1/2' 7-max Seat #3 is the button
Seat 3: e312ecdb ($460.61 in chips)
Seat 4: 93a8d90d ($410.6 in chips)
Seat 1: Hero ($932.55 in chips)
Seat 2: a1492d12 ($210.26 in chips)
Seat 7: 43cc64b6 ($218.77 in chips)
93a8d90d: posts small blind $1
43cc64b6: posts big blind $2
*** HOLE CARDS ***
Dealt to e312ecdb 
Dealt to 93a8d90d 
Dealt to Hero [9s 9c]
Dealt to a1492d12 
Dealt to 43cc64b6 
Hero: raises $4 to $6
a1492d12: raises $15 to $21
e312ecdb: folds
93a8d90d: folds
43cc64b6: folds
Hero: calls $15
*** FLOP *** [Js Qs 3h]
Hero: checks
a1492d12: bets $33.75
Hero: folds
Uncalled bet ($33.75) returned to a1492d12
*** SHOWDOWN ***
a1492d12 collected $45 from pot
*** SUMMARY ***
Total pot $45
Board [Js Qs 3h]
Seat 3: e312ecdb folded before Flop (didn't bet)
Seat 4: 93a8d90d(small blind) folded before Flop
Seat 1: Hero folded on the Flop
Seat 2: a1492d12won ($45) with Ace-High
Seat 7: 43cc64b6(big blind) folded before Flop



Poker Hand #ring_866504740: NLH No Limit ($1/$2) - 2025/05/09 00:33:48
Table 'MR NLH BOMBPOT 1/2' 7-max Seat #2 is the button
Seat 3: e312ecdb ($461.61 in chips)
Seat 6: 16aadc7c ($232.33 in chips)
Seat 4: 93a8d90d ($412.6 in chips)
Seat 1: Hero ($718.76 in chips)
Seat 2: a1492d12 ($210.26 in chips)
e312ecdb: posts small blind $1
93a8d90d: posts big blind $2
*** HOLE CARDS ***
Dealt to e312ecdb 
Dealt to 16aadc7c 
Dealt to 93a8d90d 
Dealt to Hero [Jh Jc]
Dealt to a1492d12 
16aadc7c: raises $3 to $5
Hero: raises $14 to $19
a1492d12: folds
e312ecdb: folds
93a8d90d: folds
16aadc7c: calls $14
*** FIRST FLOP *** [Js Th 3s]
16aadc7c: checks
Hero: bets $12.3
16aadc7c: raises $35.7 to $48
Hero: calls $35.7
*** FIRST TURN *** [Js Th 3s] [9c]
16aadc7c: bets $165.33 and is all-in
Hero: calls $165.33
Hero: shows [Jh Jc]
16aadc7c: shows [3d 3c]
*** FIRST RIVER *** [Js Th 3s 9c] [Kc]
*** SECOND RIVER *** [Js Th 3s 9c] [Ah]
*** FIRST SHOWDOWN ***
Hero collected $234.08 from pot
*** SECOND SHOWDOWN ***
Hero collected $233.58 from pot
*** SUMMARY ***
Total pot $467.66
Hand was run two timesFIRST Board [Js Th 3s 9c Kc]
SECOND Board [Ah]
Seat 3: e312ecdb(small blind) folded before Flop
Seat 6: 16aadc7c showed [3d 3c] and lost with Three Treys / Three Treys
Seat 4: 93a8d90d(big blind) folded before Flop
Seat 1: Hero showed [Jh Jc] and won ($467.66) with Three Jacks / Three Jacks
Seat 2: a1492d12 folded before Flop (didn't bet)



Poker Hand #ring_866503791: NLH No Limit ($1/$2) - 2025/05/09 00:33:17
Table 'MR NLH BOMBPOT 1/2' 7-max Seat #1 is the button
Seat 3: e312ecdb ($463.61 in chips)
Seat 6: 16aadc7c ($238.33 in chips)
Seat 4: 93a8d90d ($400 in chips)
Seat 1: Hero ($718.76 in chips)
Seat 2: a1492d12 ($216.26 in chips)
a1492d12: posts small blind $1
e312ecdb: posts big blind $2
93a8d90d: posts big blind $2
*** HOLE CARDS ***
Dealt to e312ecdb 
Dealt to 16aadc7c 
Dealt to 93a8d90d 
Dealt to Hero [8c Ad]
Dealt to a1492d12 
93a8d90d: checks
16aadc7c: raises $4 to $6
Hero: folds
a1492d12: calls $5
e312ecdb: folds
93a8d90d: calls $4
*** FLOP *** [8h 3c 9s]
a1492d12: checks
93a8d90d: bets $16
16aadc7c: folds
a1492d12: folds
Uncalled bet ($16) returned to 93a8d90d
*** SHOWDOWN ***
93a8d90d collected $20 from pot
*** SUMMARY ***
Total pot $20
Board [8h 3c 9s]
Seat 3: e312ecdb(big blind) folded before Flop
Seat 6: 16aadc7c folded on the Flop
Seat 4: 93a8d90dwon ($20) with Pair of Nines
Seat 1: Hero folded before Flop (didn't bet)
Seat 2: a1492d12(small blind) folded on the Flop



Poker Hand #ring_866503043: NLH No Limit ($1/$2) - 2025/05/09 00:32:52
Table 'MR NLH BOMBPOT 1/2' 7-max Seat #6 is the button
Seat 3: e312ecdb ($482.61 in chips)
Seat 6: 16aadc7c ($238.33 in chips)
Seat 1: Hero ($719.76 in chips)
Seat 2: a1492d12 ($198.51 in chips)
Hero: posts small blind $1
a1492d12: posts big blind $2
*** HOLE CARDS ***
Dealt to e312ecdb 
Dealt to 16aadc7c 
Dealt to Hero [5s 3d]
Dealt to a1492d12 
e312ecdb: raises $4 to $6
16aadc7c: folds
Hero: folds
a1492d12: raises $13 to $19
e312ecdb: calls $13
*** FLOP *** [8d 8c Th]
a1492d12: bets $39
e312ecdb: folds
Uncalled bet ($39) returned to a1492d12
*** SHOWDOWN ***
a1492d12 collected $39 from pot
*** SUMMARY ***
Total pot $39
Board [8d 8c Th]
Seat 3: e312ecdb folded on the Flop
Seat 6: 16aadc7c folded before Flop (didn't bet)
Seat 1: Hero(small blind) folded before Flop
Seat 2: a1492d12(big blind)won ($39) with Pair of Tens and Pair of Eights



Poker Hand #ring_866502233: NLH No Limit ($1/$2) - 2025/05/09 00:32:27
Table 'MR NLH BOMBPOT 1/2' 7-max Seat #3 is the button
Seat 3: e312ecdb ($482.61 in chips)
Seat 6: 16aadc7c ($239.33 in chips)
Seat 1: Hero ($713.34 in chips)
Seat 2: a1492d12 ($204.51 in chips)
16aadc7c: posts small blind $1
Hero: posts big blind $2
*** HOLE CARDS ***
Dealt to e312ecdb 
Dealt to 16aadc7c 
Dealt to Hero [7h Qh]
Dealt to a1492d12 
a1492d12: raises $4 to $6
e312ecdb: folds
16aadc7c: folds
Hero: calls $4
*** FLOP *** [2c Kh Js]
Hero: bets $6.5
a1492d12: folds
Uncalled bet ($6.5) returned to Hero
*** SHOWDOWN ***
Hero collected $13 from pot
*** SUMMARY ***
Total pot $13
Board [2c Kh Js]
Seat 3: e312ecdb folded before Flop (didn't bet)
Seat 6: 16aadc7c(small blind) folded before Flop
Seat 1: Hero(big blind)won ($13) with King-High
Seat 2: a1492d12 folded on the Flop



Poker Hand #ring_866501717: NLH No Limit ($1/$2) - 2025/05/09 00:32:11
Table 'MR NLH BOMBPOT 1/2' 7-max Seat #2 is the button
Seat 3: e312ecdb ($483.61 in chips)
Seat 6: 16aadc7c ($238.33 in chips)
Seat 1: Hero ($713.34 in chips)
Seat 2: a1492d12 ($204.51 in chips)
e312ecdb: posts small blind $1
16aadc7c: posts big blind $2
*** HOLE CARDS ***
Dealt to e312ecdb 
Dealt to 16aadc7c 
Dealt to Hero [3d 4s]
Dealt to a1492d12 
Hero: folds
a1492d12: folds
e312ecdb: folds
*** SHOWDOWN ***
16aadc7c collected $3 from pot
*** SUMMARY ***
Total pot $3
Seat 3: e312ecdb(small blind) folded before Flop
Seat 6: 16aadc7c(big blind)won ($3)
Seat 1: Hero folded before Flop (didn't bet)
Seat 2: a1492d12 folded before Flop (didn't bet)



Poker Hand #ring_866500230: NLH No Limit ($1/$2) - 2025/05/09 00:31:20
Table 'MR NLH BOMBPOT 1/2' 7-max Seat #1 is the button
Seat 3: e312ecdb ($485.61 in chips)
Seat 6: 16aadc7c ($231.87 in chips)
Seat 1: Hero ($713.34 in chips)
Seat 2: a1492d12 ($209.51 in chips)
a1492d12: posts small blind $1
e312ecdb: posts big blind $2
*** HOLE CARDS ***
Dealt to e312ecdb 
Dealt to 16aadc7c 
Dealt to Hero [8c Ad]
Dealt to a1492d12 
16aadc7c: raises $3 to $5
Hero: folds
a1492d12: calls $4
e312ecdb: folds
*** FLOP *** [9h 7c 5d]
a1492d12: checks
16aadc7c: checks
*** TURN *** [9h 7c 5d] [5h]
a1492d12: checks
16aadc7c: checks
*** RIVER *** [9h 7c 5d 5h] [3c]
a1492d12: checks
16aadc7c: checks
a1492d12: shows [8s Qh]
16aadc7c: shows [Kd Jc]
*** SHOWDOWN ***
16aadc7c collected $12 from pot
*** SUMMARY ***
Total pot $12
Board [9h 7c 5d 5h 3c]
Seat 3: e312ecdb(big blind) folded before Flop
Seat 6: 16aadc7c showed [Kd Jc] and won ($12) with Pair of Fives
Seat 1: Hero folded before Flop (didn't bet)
Seat 2: a1492d12(small blind) showed [8s Qh] and lost with Pair of Fives



Poker Hand #ring_866499426: NLH No Limit ($1/$2) - 2025/05/09 00:30:54
Table 'MR NLH BOMBPOT 1/2' 7-max Seat #6 is the button
Seat 3: e312ecdb ($495.61 in chips)
Seat 6: 16aadc7c ($241.87 in chips)
Seat 1: Hero ($723.34 in chips)
Seat 2: a1492d12 ($181.81 in chips)
Hero: posts the ante $10
a1492d12: posts the ante $10
e312ecdb: posts the ante $10
16aadc7c: posts the ante $10
*** HOLE CARDS ***
Dealt to e312ecdb 
Dealt to 16aadc7c 
Dealt to Hero [Qs Ah]
Dealt to a1492d12 
*** FLOP *** [Ts 5c 9s]
Hero: checks
a1492d12: bets $30
e312ecdb: folds
16aadc7c: folds
Hero: folds
Uncalled bet ($30) returned to a1492d12
*** SHOWDOWN ***
a1492d12 collected $40 from pot
*** SUMMARY ***
Total pot $40
Board [Ts 5c 9s]
Seat 3: e312ecdb folded on the Flop
Seat 6: 16aadc7c folded on the Flop
Seat 1: Hero(small blind) folded on the Flop
Seat 2: a1492d12(big blind)won ($40) with Pair of Tens



Poker Hand #ring_866498459: NLH No Limit ($1/$2) - 2025/05/09 00:30:22
Table 'MR NLH BOMBPOT 1/2' 7-max Seat #3 is the button
Seat 3: e312ecdb ($495.61 in chips)
Seat 6: 16aadc7c ($242.87 in chips)
Seat 1: Hero ($739.09 in chips)
Seat 2: a1492d12 ($167.02 in chips)
16aadc7c: posts small blind $1
Hero: posts big blind $2
*** HOLE CARDS ***
Dealt to e312ecdb 
Dealt to 16aadc7c 
Dealt to Hero [3c 4c]
Dealt to a1492d12 
a1492d12: raises $4 to $6
e312ecdb: folds
16aadc7c: folds
Hero: calls $4
*** FLOP *** [Jh 4d Qs]
Hero: checks
a1492d12: bets $9.75
Hero: calls $9.75
*** TURN *** [Jh 4d Qs] [Th]
Hero: checks
a1492d12: bets $24.37
Hero: folds
Uncalled bet ($24.37) returned to a1492d12
*** SHOWDOWN ***
a1492d12 collected $32.5 from pot
*** SUMMARY ***
Total pot $32.5
Board [Jh 4d Qs Th]
Seat 3: e312ecdb folded before Flop (didn't bet)
Seat 6: 16aadc7c(small blind) folded before Flop
Seat 1: Hero(big blind) folded on the Turn
Seat 2: a1492d12won ($32.5) with Pair of Queens



Poker Hand #ring_866497515: NLH No Limit ($1/$2) - 2025/05/09 00:29:50
Table 'MR NLH BOMBPOT 1/2' 7-max Seat #2 is the button
Seat 3: e312ecdb ($496.61 in chips)
Seat 6: 16aadc7c ($255.37 in chips)
Seat 1: Hero ($739.09 in chips)
Seat 2: a1492d12 ($155.19 in chips)
e312ecdb: posts small blind $1
16aadc7c: posts big blind $2
*** HOLE CARDS ***
Dealt to e312ecdb 
Dealt to 16aadc7c 
Dealt to Hero [Kc 2d]
Dealt to a1492d12 
Hero: folds
a1492d12: raises $4 to $6
e312ecdb: folds
16aadc7c: calls $4
*** FLOP *** [Ah 8d 7d]
16aadc7c: checks
a1492d12: bets $6.5
16aadc7c: calls $6.5
*** TURN *** [Ah 8d 7d] [Kh]
16aadc7c: checks
a1492d12: bets $19.5
16aadc7c: folds
Uncalled bet ($19.5) returned to a1492d12
*** SHOWDOWN ***
a1492d12 collected $26 from pot
*** SUMMARY ***
Total pot $26
Board [Ah 8d 7d Kh]
Seat 3: e312ecdb(small blind) folded before Flop
Seat 6: 16aadc7c(big blind) folded on the Turn
Seat 1: Hero folded before Flop (didn't bet)
Seat 2: a1492d12won ($26) with Ace-High



Poker Hand #ring_866497008: NLH No Limit ($1/$2) - 2025/05/09 00:29:33
Table 'MR NLH BOMBPOT 1/2' 7-max Seat #1 is the button
Seat 3: e312ecdb ($498.61 in chips)
Seat 6: 16aadc7c ($255.37 in chips)
Seat 1: Hero ($739.09 in chips)
Seat 2: a1492d12 ($153.19 in chips)
a1492d12: posts small blind $1
e312ecdb: posts big blind $2
*** HOLE CARDS ***
Dealt to e312ecdb 
Dealt to 16aadc7c 
Dealt to Hero [4d 8s]
Dealt to a1492d12 
16aadc7c: folds
Hero: folds
a1492d12: raises $4 to $6
e312ecdb: folds
Uncalled bet ($4) returned to a1492d12
*** SHOWDOWN ***
a1492d12 collected $4 from pot
*** SUMMARY ***
Total pot $4
Seat 3: e312ecdb(big blind) folded before Flop
Seat 6: 16aadc7c folded before Flop (didn't bet)
Seat 1: Hero folded before Flop (didn't bet)
Seat 2: a1492d12(small blind)won ($4)



Poker Hand #ring_866496057: NLH No Limit ($1/$2) - 2025/05/09 00:29:02
Table 'MR NLH BOMBPOT 1/2' 7-max Seat #6 is the button
Seat 3: e312ecdb ($498.61 in chips)
Seat 6: 16aadc7c ($260.37 in chips)
Seat 1: Hero ($744.09 in chips)
Seat 2: a1492d12 ($143.86 in chips)
Hero: posts small blind $1
a1492d12: posts big blind $2
*** HOLE CARDS ***
Dealt to e312ecdb 
Dealt to 16aadc7c 
Dealt to Hero [Td Ad]
Dealt to a1492d12 
e312ecdb: folds
16aadc7c: raises $3 to $5
Hero: calls $4
a1492d12: calls $3
*** FLOP *** [Jc 6s 4s]
Hero: checks
a1492d12: checks
16aadc7c: checks
*** TURN *** [Jc 6s 4s] [3s]
Hero: checks
a1492d12: bets $11.25
16aadc7c: folds
Hero: folds
Uncalled bet ($11.25) returned to a1492d12
Hero: shows [Ad]
*** SHOWDOWN ***
a1492d12 collected $15 from pot
*** SUMMARY ***
Total pot $15
Board [Jc 6s 4s 3s]
Seat 3: e312ecdb folded before Flop (didn't bet)
Seat 6: 16aadc7c folded on the Turn
Seat 1: Hero(small blind) folded on the Turn
Seat 2: a1492d12(big blind)won ($15) with Pair of Jacks



Poker Hand #ring_866495645: NLH No Limit ($1/$2) - 2025/05/09 00:28:48
Table 'MR NLH BOMBPOT 1/2' 7-max Seat #3 is the button
Seat 3: e312ecdb ($498.61 in chips)
Seat 6: 16aadc7c ($261.37 in chips)
Seat 1: Hero ($746.09 in chips)
Seat 2: a1492d12 ($140.86 in chips)
16aadc7c: posts small blind $1
Hero: posts big blind $2
*** HOLE CARDS ***
Dealt to e312ecdb 
Dealt to 16aadc7c 
Dealt to Hero [9d 3c]
Dealt to a1492d12 
a1492d12: raises $4 to $6
e312ecdb: folds
16aadc7c: folds
Hero: folds
Uncalled bet ($4) returned to a1492d12
*** SHOWDOWN ***
a1492d12 collected $5 from pot
*** SUMMARY ***
Total pot $5
Seat 3: e312ecdb folded before Flop (didn't bet)
Seat 6: 16aadc7c(small blind) folded before Flop
Seat 1: Hero(big blind) folded before Flop
Seat 2: a1492d12won ($5)



Poker Hand #ring_866494968: NLH No Limit ($1/$2) - 2025/05/09 00:28:27
Table 'MR NLH BOMBPOT 1/2' 7-max Seat #2 is the button
Seat 3: e312ecdb ($499.61 in chips)
Seat 6: 16aadc7c ($263.37 in chips)
Seat 1: Hero ($763.34 in chips)
Seat 2: a1492d12 ($122.79 in chips)
e312ecdb: posts small blind $1
16aadc7c: posts big blind $2
*** HOLE CARDS ***
Dealt to e312ecdb 
Dealt to 16aadc7c 
Dealt to Hero [Qd Kc]
Dealt to a1492d12 
Hero: raises $4 to $6
a1492d12: raises $11.25 to $17.25
e312ecdb: folds
16aadc7c: folds
Hero: calls $11.25
*** FLOP *** [6c 3h Jc]
Hero: checks
a1492d12: bets $28.12
Hero: folds
Uncalled bet ($28.12) returned to a1492d12
*** SHOWDOWN ***
a1492d12 collected $37.5 from pot
*** SUMMARY ***
Total pot $37.5
Board [6c 3h Jc]
Seat 3: e312ecdb(small blind) folded before Flop
Seat 6: 16aadc7c(big blind) folded before Flop
Seat 1: Hero folded on the Flop
Seat 2: a1492d12won ($37.5) with Pair of Sixes



Poker Hand #ring_866494561: NLH No Limit ($1/$2) - 2025/05/09 00:28:13
Table 'MR NLH BOMBPOT 1/2' 7-max Seat #1 is the button
Seat 3: e312ecdb ($501.61 in chips)
Seat 6: 16aadc7c ($263.37 in chips)
Seat 1: Hero ($763.34 in chips)
Seat 2: a1492d12 ($120.79 in chips)
a1492d12: posts small blind $1
e312ecdb: posts big blind $2
*** HOLE CARDS ***
Dealt to e312ecdb 
Dealt to 16aadc7c 
Dealt to Hero [6d Ts]
Dealt to a1492d12 
16aadc7c: folds
Hero: folds
a1492d12: raises $4 to $6
e312ecdb: folds
Uncalled bet ($4) returned to a1492d12
*** SHOWDOWN ***
a1492d12 collected $4 from pot
*** SUMMARY ***
Total pot $4
Seat 3: e312ecdb(big blind) folded before Flop
Seat 6: 16aadc7c folded before Flop (didn't bet)
Seat 1: Hero folded before Flop (didn't bet)
Seat 2: a1492d12(small blind)won ($4)



Poker Hand #ring_866494088: NLH No Limit ($1/$2) - 2025/05/09 00:27:57
Table 'MR NLH BOMBPOT 1/2' 7-max Seat #6 is the button
Seat 3: e312ecdb ($501.61 in chips)
Seat 6: 16aadc7c ($263.37 in chips)
Seat 1: Hero ($761.34 in chips)
Seat 2: a1492d12 ($122.79 in chips)
Hero: posts small blind $1
a1492d12: posts big blind $2
*** HOLE CARDS ***
Dealt to e312ecdb 
Dealt to 16aadc7c 
Dealt to Hero [Qd 7h]
Dealt to a1492d12 
e312ecdb: folds
16aadc7c: folds
Hero: raises $3 to $5
a1492d12: folds
Uncalled bet ($3) returned to Hero
Hero: shows [Qd]
*** SHOWDOWN ***
Hero collected $4 from pot
*** SUMMARY ***
Total pot $4
Seat 3: e312ecdb folded before Flop (didn't bet)
Seat 6: 16aadc7c folded before Flop (didn't bet)
Seat 1: Hero(small blind) showed [Qd] and won ($4)
Seat 2: a1492d12(big blind) folded before Flop



Poker Hand #ring_866493726: NLH No Limit ($1/$2) - 2025/05/09 00:27:44
Table 'MR NLH BOMBPOT 1/2' 7-max Seat #3 is the button
Seat 3: e312ecdb ($501.61 in chips)
Seat 6: 16aadc7c ($264.37 in chips)
Seat 1: Hero ($760.34 in chips)
Seat 2: a1492d12 ($122.79 in chips)
16aadc7c: posts small blind $1
Hero: posts big blind $2
*** HOLE CARDS ***
Dealt to e312ecdb 
Dealt to 16aadc7c 
Dealt to Hero [5c Th]
Dealt to a1492d12 
a1492d12: folds
e312ecdb: folds
16aadc7c: folds
*** SHOWDOWN ***
Hero collected $3 from pot
*** SUMMARY ***
Total pot $3
Seat 3: e312ecdb folded before Flop (didn't bet)
Seat 6: 16aadc7c(small blind) folded before Flop
Seat 1: Hero(big blind)won ($3)
Seat 2: a1492d12 folded before Flop (didn't bet)



Poker Hand #ring_866492649: NLH No Limit ($1/$2) - 2025/05/09 00:27:08
Table 'MR NLH BOMBPOT 1/2' 7-max Seat #2 is the button
Seat 3: e312ecdb ($511.61 in chips)
Seat 6: 16aadc7c ($294.37 in chips)
Seat 1: Hero ($695.34 in chips)
Seat 2: a1492d12 ($152.79 in chips)
e312ecdb: posts the ante $10
16aadc7c: posts the ante $10
Hero: posts the ante $10
a1492d12: posts the ante $10
*** HOLE CARDS ***
Dealt to e312ecdb 
Dealt to 16aadc7c 
Dealt to Hero [Ad 2h]
Dealt to a1492d12 
*** FLOP *** [Kh Ac Jc]
e312ecdb: checks
16aadc7c: checks
Hero: bets $20
a1492d12: calls $20
e312ecdb: folds
16aadc7c: calls $20
*** TURN *** [Kh Ac Jc] [9c]
16aadc7c: checks
Hero: checks
a1492d12: checks
*** RIVER *** [Kh Ac Jc 9c] [4s]
16aadc7c: checks
Hero: checks
a1492d12: checks
Hero: shows [Ad 2h]
a1492d12: shows [8c Td]
16aadc7c: shows [Kd Qd]
*** SHOWDOWN ***
Hero collected $100 from pot
*** SUMMARY ***
Total pot $100
Board [Kh Ac Jc 9c 4s]
Seat 3: e312ecdb(small blind) folded on the Flop
Seat 6: 16aadc7c(big blind) showed [Kd Qd] and lost with Pair of Kings
Seat 1: Hero showed [Ad 2h] and won ($100) with Pair of Aces
Seat 2: a1492d12 showed [8c Td] and lost with Ace-High



Poker Hand #ring_866491514: NLH No Limit ($1/$2) - 2025/05/09 00:26:31
Table 'MR NLH BOMBPOT 1/2' 7-max Seat #1 is the button
Seat 3: e312ecdb ($513.61 in chips)
Seat 6: 16aadc7c ($262.61 in chips)
Seat 1: Hero ($727.64 in chips)
Seat 2: a1492d12 ($153.79 in chips)
a1492d12: posts small blind $1
e312ecdb: posts big blind $2
*** HOLE CARDS ***
Dealt to e312ecdb 
Dealt to 16aadc7c 
Dealt to Hero [8h 8c]
Dealt to a1492d12 
16aadc7c: raises $3 to $5
Hero: calls $5
a1492d12: folds
e312ecdb: folds
*** FLOP *** [Jd Js Kh]
16aadc7c: checks
Hero: checks
*** TURN *** [Jd Js Kh] [6d]
16aadc7c: checks
Hero: bets $6.5
16aadc7c: calls $6.5
*** RIVER *** [Jd Js Kh 6d] [Ks]
16aadc7c: checks
Hero: bets $20.8
16aadc7c: calls $20.8
Hero: shows [8h 8c]
16aadc7c: shows [9s Ah]
*** SHOWDOWN ***
16aadc7c collected $67.6 from pot
*** SUMMARY ***
Total pot $67.6
Board [Jd Js Kh 6d Ks]
Seat 3: e312ecdb(big blind) folded before Flop
Seat 6: 16aadc7c showed [9s Ah] and won ($67.6) with Pair of Kings and Pair of Jacks
Seat 1: Hero showed [8h 8c] and lost with Pair of Kings and Pair of Jacks
Seat 2: a1492d12(small blind) folded before Flop



Poker Hand #ring_866491004: NLH No Limit ($1/$2) - 2025/05/09 00:26:14
Table 'MR NLH BOMBPOT 1/2' 7-max Seat #6 is the button
Seat 3: e312ecdb ($513.61 in chips)
Seat 6: 16aadc7c ($262.61 in chips)
Seat 1: Hero ($733.64 in chips)
Seat 2: a1492d12 ($147.79 in chips)
Hero: posts small blind $1
a1492d12: posts big blind $2
*** HOLE CARDS ***
Dealt to e312ecdb 
Dealt to 16aadc7c 
Dealt to Hero [6s 8d]
Dealt to a1492d12 
e312ecdb: folds
16aadc7c: folds
Hero: raises $4 to $6
a1492d12: raises $12 to $18
Hero: folds
Uncalled bet ($12) returned to a1492d12
*** SHOWDOWN ***
a1492d12 collected $12 from pot
*** SUMMARY ***
Total pot $12
Seat 3: e312ecdb folded before Flop (didn't bet)
Seat 6: 16aadc7c folded before Flop (didn't bet)
Seat 1: Hero(small blind) folded before Flop
Seat 2: a1492d12(big blind)won ($12)



Poker Hand #ring_866490090: NLH No Limit ($1/$2) - 2025/05/09 00:25:44
Table 'MR NLH BOMBPOT 1/2' 7-max Seat #3 is the button
Seat 3: e312ecdb ($489.31 in chips)
Seat 6: 16aadc7c ($263.61 in chips)
Seat 1: Hero ($735.64 in chips)
Seat 2: a1492d12 ($171.89 in chips)
16aadc7c: posts small blind $1
Hero: posts big blind $2
*** HOLE CARDS ***
Dealt to e312ecdb 
Dealt to 16aadc7c 
Dealt to Hero [6c Jd]
Dealt to a1492d12 
a1492d12: raises $4 to $6
e312ecdb: raises $18.1 to $24.1
16aadc7c: folds
Hero: folds
a1492d12: calls $18.1
*** FLOP *** [As Th Ks]
a1492d12: checks
e312ecdb: bets $465.21 and is all-in
a1492d12: folds
Uncalled bet ($465.21) returned to e312ecdb
*** SHOWDOWN ***
e312ecdb collected $51.2 from pot
*** SUMMARY ***
Total pot $51.2
Board [As Th Ks]
Seat 3: e312ecdbwon ($51.2) with Pair of Aces and Pair of Kings
Seat 6: 16aadc7c(small blind) folded before Flop
Seat 1: Hero(big blind) folded before Flop
Seat 2: a1492d12 folded on the Flop



Poker Hand #ring_866489326: NLH No Limit ($1/$2) - 2025/05/09 00:25:19
Table 'MR NLH BOMBPOT 1/2' 7-max Seat #2 is the button
Seat 3: e312ecdb ($481.31 in chips)
Seat 6: 16aadc7c ($265.61 in chips)
Seat 1: Hero ($735.64 in chips)
Seat 2: a1492d12 ($177.89 in chips)
e312ecdb: posts small blind $1
16aadc7c: posts big blind $2
*** HOLE CARDS ***
Dealt to e312ecdb 
Dealt to 16aadc7c 
Dealt to Hero [7c 4h]
Dealt to a1492d12 
Hero: folds
a1492d12: raises $4 to $6
e312ecdb: raises $14 to $20
16aadc7c: folds
a1492d12: folds
Uncalled bet ($14) returned to e312ecdb
*** SHOWDOWN ***
e312ecdb collected $14 from pot
*** SUMMARY ***
Total pot $14
Seat 3: e312ecdb(small blind)won ($14)
Seat 6: 16aadc7c(big blind) folded before Flop
Seat 1: Hero folded before Flop (didn't bet)
Seat 2: a1492d12 folded before Flop



Poker Hand #ring_866488825: NLH No Limit ($1/$2) - 2025/05/09 00:25:03
Table 'MR NLH BOMBPOT 1/2' 7-max Seat #1 is the button
Seat 3: e312ecdb ($483.31 in chips)
Seat 6: 16aadc7c ($265.61 in chips)
Seat 1: Hero ($735.64 in chips)
Seat 2: a1492d12 ($175.89 in chips)
a1492d12: posts small blind $1
e312ecdb: posts big blind $2
*** HOLE CARDS ***
Dealt to e312ecdb 
Dealt to 16aadc7c 
Dealt to Hero [7s 4h]
Dealt to a1492d12 
16aadc7c: folds
Hero: folds
a1492d12: raises $4 to $6
e312ecdb: folds
Uncalled bet ($4) returned to a1492d12
*** SHOWDOWN ***
a1492d12 collected $4 from pot
*** SUMMARY ***
Total pot $4
Seat 3: e312ecdb(big blind) folded before Flop
Seat 6: 16aadc7c folded before Flop (didn't bet)
Seat 1: Hero folded before Flop (didn't bet)
Seat 2: a1492d12(small blind)won ($4)



Poker Hand #ring_866487642: NLH No Limit ($1/$2) - 2025/05/09 00:24:24
Table 'MR NLH BOMBPOT 1/2' 7-max Seat #6 is the button
Seat 3: e312ecdb ($483.31 in chips)
Seat 6: 16aadc7c ($265.61 in chips)
Seat 1: Hero ($665.05 in chips)
Seat 2: a1492d12 ($254.01 in chips)
Hero: posts small blind $1
a1492d12: posts big blind $2
*** HOLE CARDS ***
Dealt to e312ecdb 
Dealt to 16aadc7c 
Dealt to Hero [8d Kc]
Dealt to a1492d12 
e312ecdb: folds
16aadc7c: folds
Hero: raises $3 to $5
a1492d12: calls $3
*** FLOP *** [Kd Jh 4c]
Hero: checks
a1492d12: bets $7.5
Hero: calls $7.5
*** TURN *** [Kd Jh 4c] [5s]
Hero: checks
a1492d12: bets $18.75
Hero: calls $18.75
*** RIVER *** [Kd Jh 4c 5s] [5c]
Hero: checks
a1492d12: bets $46.87
Hero: calls $46.87
Hero: shows [8d Kc]
a1492d12: shows [9c 8s]
*** SHOWDOWN ***
Hero collected $156.24 from pot
*** SUMMARY ***
Total pot $156.24
Board [Kd Jh 4c 5s 5c]
Seat 3: e312ecdb folded before Flop (didn't bet)
Seat 6: 16aadc7c folded before Flop (didn't bet)
Seat 1: Hero(small blind) showed [8d Kc] and won ($156.24) with Pair of Kings and Pair of Fives
Seat 2: a1492d12(big blind) showed [9c 8s] and lost with Pair of Fives



Poker Hand #ring_866486450: NLH No Limit ($1/$2) - 2025/05/09 00:23:45
Table 'MR NLH BOMBPOT 1/2' 7-max Seat #3 is the button
Seat 3: e312ecdb ($445.08 in chips)
Seat 6: 16aadc7c ($266.61 in chips)
Seat 1: Hero ($685.3 in chips)
Seat 2: a1492d12 ($274.26 in chips)
16aadc7c: posts small blind $1
Hero: posts big blind $2
*** HOLE CARDS ***
Dealt to e312ecdb 
Dealt to 16aadc7c 
Dealt to Hero [Qc 6h]
Dealt to a1492d12 
a1492d12: raises $4 to $6
e312ecdb: calls $6
16aadc7c: folds
Hero: calls $4
*** FLOP *** [6c Ah 8d]
Hero: checks
a1492d12: bets $14.25
e312ecdb: calls $14.25
Hero: calls $14.25
*** TURN *** [6c Ah 8d] [3c]
Hero: checks
a1492d12: checks
e312ecdb: bets $46.31
Hero: folds
a1492d12: folds
Uncalled bet ($46.31) returned to e312ecdb
*** SHOWDOWN ***
e312ecdb collected $61.75 from pot
*** SUMMARY ***
Total pot $61.75
Board [6c Ah 8d 3c]
Seat 3: e312ecdbwon ($61.75) with Three Eights
Seat 6: 16aadc7c(small blind) folded before Flop
Seat 1: Hero(big blind) folded on the Turn
Seat 2: a1492d12 folded on the Turn



Poker Hand #ring_866485587: NLH No Limit ($1/$2) - 2025/05/09 00:23:19
Table 'MR NLH BOMBPOT 1/2' 7-max Seat #2 is the button
Seat 3: e312ecdb ($451.08 in chips)
Seat 6: 16aadc7c ($268.61 in chips)
Seat 1: Hero ($672.7 in chips)
Seat 2: a1492d12 ($280.26 in chips)
e312ecdb: posts small blind $1
16aadc7c: posts big blind $2
*** HOLE CARDS ***
Dealt to e312ecdb 
Dealt to 16aadc7c 
Dealt to Hero [Jd Ad]
Dealt to a1492d12 
Hero: raises $4 to $6
a1492d12: calls $6
e312ecdb: calls $5
16aadc7c: folds
*** FLOP *** [Kd 5d 4s]
e312ecdb: checks
Hero: bets $10
a1492d12: folds
e312ecdb: folds
Uncalled bet ($10) returned to Hero
*** SHOWDOWN ***
Hero collected $20 from pot
*** SUMMARY ***
Total pot $20
Board [Kd 5d 4s]
Seat 3: e312ecdb(small blind) folded on the Flop
Seat 6: 16aadc7c(big blind) folded before Flop
Seat 1: Herowon ($20) with Ace-High
Seat 2: a1492d12 folded on the Flop



Poker Hand #ring_866484425: NLH No Limit ($1/$2) - 2025/05/09 00:22:41
Table 'MR NLH BOMBPOT 1/2' 7-max Seat #1 is the button
Seat 3: e312ecdb ($453.08 in chips)
Seat 6: 16aadc7c ($262.15 in chips)
Seat 1: Hero ($672.7 in chips)
Seat 2: a1492d12 ($285.26 in chips)
a1492d12: posts small blind $1
e312ecdb: posts big blind $2
*** HOLE CARDS ***
Dealt to e312ecdb 
Dealt to 16aadc7c 
Dealt to Hero [Ks 2h]
Dealt to a1492d12 
16aadc7c: raises $3 to $5
Hero: folds
a1492d12: calls $4
e312ecdb: folds
*** FLOP *** [9s 7s Jh]
a1492d12: checks
16aadc7c: bets $9
a1492d12: folds
Uncalled bet ($9) returned to 16aadc7c
*** SHOWDOWN ***
16aadc7c collected $12 from pot
*** SUMMARY ***
Total pot $12
Board [9s 7s Jh]
Seat 3: e312ecdb(big blind) folded before Flop
Seat 6: 16aadc7cwon ($12) with Jacks-High Straight
Seat 1: Hero folded before Flop (didn't bet)
Seat 2: a1492d12(small blind) folded on the Flop



Poker Hand #ring_866483701: NLH No Limit ($1/$2) - 2025/05/09 00:22:17
Table 'MR NLH BOMBPOT 1/2' 7-max Seat #6 is the button
Seat 3: e312ecdb ($425.38 in chips)
Seat 6: 16aadc7c ($272.15 in chips)
Seat 1: Hero ($682.7 in chips)
Seat 2: a1492d12 ($295.26 in chips)
Hero: posts the ante $10
a1492d12: posts the ante $10
e312ecdb: posts the ante $10
16aadc7c: posts the ante $10
*** HOLE CARDS ***
Dealt to e312ecdb 
Dealt to 16aadc7c 
Dealt to Hero [Ks Jc]
Dealt to a1492d12 
*** FLOP *** [Ad 9d 7h]
Hero: checks
a1492d12: checks
e312ecdb: bets $30
16aadc7c: folds
Hero: folds
a1492d12: folds
Uncalled bet ($30) returned to e312ecdb
*** SHOWDOWN ***
e312ecdb collected $40 from pot
*** SUMMARY ***
Total pot $40
Board [Ad 9d 7h]
Seat 3: e312ecdbwon ($40) with Pair of Aces and Pair of Sevens
Seat 6: 16aadc7c folded on the Flop
Seat 1: Hero(small blind) folded on the Flop
Seat 2: a1492d12(big blind) folded on the Flop



Poker Hand #ring_866482573: NLH No Limit ($1/$2) - 2025/05/09 00:21:41
Table 'MR NLH BOMBPOT 1/2' 7-max Seat #3 is the button
Seat 3: e312ecdb ($431.38 in chips)
Seat 6: 16aadc7c ($273.15 in chips)
Seat 1: Hero ($676.28 in chips)
Seat 2: a1492d12 ($295.26 in chips)
16aadc7c: posts small blind $1
Hero: posts big blind $2
*** HOLE CARDS ***
Dealt to e312ecdb 
Dealt to 16aadc7c 
Dealt to Hero [Jd 9d]
Dealt to a1492d12 
a1492d12: folds
e312ecdb: raises $4 to $6
16aadc7c: folds
Hero: calls $4
*** FLOP *** [Kd 8h 8d]
Hero: checks
e312ecdb: checks
*** TURN *** [Kd 8h 8d] [3d]
Hero: checks
e312ecdb: checks
*** RIVER *** [Kd 8h 8d 3d] [7d]
Hero: checks
e312ecdb: checks
Hero: shows [Jd 9d]
e312ecdb: shows [As 9c]
*** SHOWDOWN ***
Hero collected $13 from pot
*** SUMMARY ***
Total pot $13
Board [Kd 8h 8d 3d 7d]
Seat 3: e312ecdb showed [As 9c] and lost with Pair of Eights
Seat 6: 16aadc7c(small blind) folded before Flop
Seat 1: Hero(big blind) showed [Jd 9d] and won ($13) with King High Flush
Seat 2: a1492d12 folded before Flop (didn't bet)



Poker Hand #ring_866482198: NLH No Limit ($1/$2) - 2025/05/09 00:21:29
Table 'MR NLH BOMBPOT 1/2' 7-max Seat #2 is the button
Seat 3: e312ecdb ($432.38 in chips)
Seat 6: 16aadc7c ($272.15 in chips)
Seat 1: Hero ($676.28 in chips)
Seat 2: a1492d12 ($295.26 in chips)
e312ecdb: posts small blind $1
16aadc7c: posts big blind $2
*** HOLE CARDS ***
Dealt to e312ecdb 
Dealt to 16aadc7c 
Dealt to Hero [8d 7s]
Dealt to a1492d12 
Hero: folds
a1492d12: folds
e312ecdb: folds
*** SHOWDOWN ***
16aadc7c collected $3 from pot
*** SUMMARY ***
Total pot $3
Seat 3: e312ecdb(small blind) folded before Flop
Seat 6: 16aadc7c(big blind)won ($3)
Seat 1: Hero folded before Flop (didn't bet)
Seat 2: a1492d12 folded before Flop (didn't bet)



Poker Hand #ring_866481587: NLH No Limit ($1/$2) - 2025/05/09 00:21:09
Table 'MR NLH BOMBPOT 1/2' 7-max Seat #1 is the button
Seat 3: e312ecdb ($434.38 in chips)
Seat 6: 16aadc7c ($272.15 in chips)
Seat 1: Hero ($676.28 in chips)
Seat 2: a1492d12 ($293.26 in chips)
a1492d12: posts small blind $1
e312ecdb: posts big blind $2
*** HOLE CARDS ***
Dealt to e312ecdb 
Dealt to 16aadc7c 
Dealt to Hero [Td 5d]
Dealt to a1492d12 
16aadc7c: folds
Hero: folds
a1492d12: raises $4 to $6
e312ecdb: folds
Uncalled bet ($4) returned to a1492d12
*** SHOWDOWN ***
a1492d12 collected $4 from pot
*** SUMMARY ***
Total pot $4
Seat 3: e312ecdb(big blind) folded before Flop
Seat 6: 16aadc7c folded before Flop (didn't bet)
Seat 1: Hero folded before Flop (didn't bet)
Seat 2: a1492d12(small blind)won ($4)



Poker Hand #ring_866480783: NLH No Limit ($1/$2) - 2025/05/09 00:20:43
Table 'MR NLH BOMBPOT 1/2' 7-max Seat #6 is the button
Seat 3: e312ecdb ($434.38 in chips)
Seat 6: 16aadc7c ($272.15 in chips)
Seat 1: Hero ($681.28 in chips)
Seat 2: a1492d12 ($288.71 in chips)
Hero: posts small blind $1
a1492d12: posts big blind $2
*** HOLE CARDS ***
Dealt to e312ecdb 
Dealt to 16aadc7c 
Dealt to Hero [3c 4d]
Dealt to a1492d12 
e312ecdb: folds
16aadc7c: folds
Hero: raises $3 to $5
a1492d12: calls $3
*** FLOP *** [Qs 2s 9s]
Hero: checks
a1492d12: checks
*** TURN *** [Qs 2s 9s] [8c]
Hero: checks
a1492d12: bets $7.5
Hero: folds
Uncalled bet ($7.5) returned to a1492d12
*** SHOWDOWN ***
a1492d12 collected $10 from pot
*** SUMMARY ***
Total pot $10
Board [Qs 2s 9s 8c]
Seat 3: e312ecdb folded before Flop (didn't bet)
Seat 6: 16aadc7c folded before Flop (didn't bet)
Seat 1: Hero(small blind) folded on the Turn
Seat 2: a1492d12(big blind)won ($10) with Pair of Queens



Poker Hand #ring_866480081: NLH No Limit ($1/$2) - 2025/05/09 00:20:20
Table 'MR NLH BOMBPOT 1/2' 7-max Seat #3 is the button
Seat 3: e312ecdb ($434.38 in chips)
Seat 6: 16aadc7c ($273.15 in chips)
Seat 1: Hero ($674.86 in chips)
Seat 2: a1492d12 ($294.71 in chips)
16aadc7c: posts small blind $1
Hero: posts big blind $2
*** HOLE CARDS ***
Dealt to e312ecdb 
Dealt to 16aadc7c 
Dealt to Hero [Td As]
Dealt to a1492d12 
a1492d12: raises $4 to $6
e312ecdb: folds
16aadc7c: folds
Hero: calls $4
*** FLOP *** [Ah Th Qs]
Hero: bets $6.5
a1492d12: folds
Uncalled bet ($6.5) returned to Hero
*** SHOWDOWN ***
Hero collected $13 from pot
*** SUMMARY ***
Total pot $13
Board [Ah Th Qs]
Seat 3: e312ecdb folded before Flop (didn't bet)
Seat 6: 16aadc7c(small blind) folded before Flop
Seat 1: Hero(big blind)won ($13) with Pair of Aces and Pair of Tens
Seat 2: a1492d12 folded on the Flop



Poker Hand #ring_866479491: NLH No Limit ($1/$2) - 2025/05/09 00:20:01
Table 'MR NLH BOMBPOT 1/2' 7-max Seat #2 is the button
Seat 3: e312ecdb ($435.38 in chips)
Seat 6: 16aadc7c ($275.15 in chips)
Seat 1: Hero ($680.86 in chips)
Seat 2: a1492d12 ($285.71 in chips)
e312ecdb: posts small blind $1
16aadc7c: posts big blind $2
*** HOLE CARDS ***
Dealt to e312ecdb 
Dealt to 16aadc7c 
Dealt to Hero [Ks 3s]
Dealt to a1492d12 
Hero: raises $4 to $6
a1492d12: raises $15 to $21
e312ecdb: folds
16aadc7c: folds
Hero: folds
Uncalled bet ($15) returned to a1492d12
Hero: shows [Ks]
*** SHOWDOWN ***
a1492d12 collected $15 from pot
*** SUMMARY ***
Total pot $15
Seat 3: e312ecdb(small blind) folded before Flop
Seat 6: 16aadc7c(big blind) folded before Flop
Seat 1: Hero folded before Flop
Seat 2: a1492d12won ($15)



Poker Hand #ring_866478990: NLH No Limit ($1/$2) - 2025/05/09 00:19:45
Table 'MR NLH BOMBPOT 1/2' 7-max Seat #1 is the button
Seat 3: e312ecdb ($437.38 in chips)
Seat 6: 16aadc7c ($275.15 in chips)
Seat 1: Hero ($680.86 in chips)
Seat 2: a1492d12 ($283.71 in chips)
a1492d12: posts small blind $1
e312ecdb: posts big blind $2
*** HOLE CARDS ***
Dealt to e312ecdb 
Dealt to 16aadc7c 
Dealt to Hero [6s Qh]
Dealt to a1492d12 
16aadc7c: folds
Hero: folds
a1492d12: raises $4 to $6
e312ecdb: folds
Uncalled bet ($4) returned to a1492d12
*** SHOWDOWN ***
a1492d12 collected $4 from pot
*** SUMMARY ***
Total pot $4
Seat 3: e312ecdb(big blind) folded before Flop
Seat 6: 16aadc7c folded before Flop (didn't bet)
Seat 1: Hero folded before Flop (didn't bet)
Seat 2: a1492d12(small blind)won ($4)



Poker Hand #ring_866477877: NLH No Limit ($1/$2) - 2025/05/09 00:19:08
Table 'MR NLH BOMBPOT 1/2' 7-max Seat #6 is the button
Seat 3: e312ecdb ($437.38 in chips)
Seat 6: 16aadc7c ($280.15 in chips)
Seat 1: Hero ($671.53 in chips)
Seat 2: a1492d12 ($288.71 in chips)
Hero: posts small blind $1
a1492d12: posts big blind $2
*** HOLE CARDS ***
Dealt to e312ecdb 
Dealt to 16aadc7c 
Dealt to Hero [Qs 7s]
Dealt to a1492d12 
e312ecdb: folds
16aadc7c: raises $3 to $5
Hero: calls $4
a1492d12: calls $3
*** FLOP *** [Kd Ah Kc]
Hero: checks
a1492d12: checks
16aadc7c: checks
*** TURN *** [Kd Ah Kc] [3d]
Hero: checks
a1492d12: checks
16aadc7c: checks
*** RIVER *** [Kd Ah Kc 3d] [Qc]
Hero: checks
a1492d12: checks
16aadc7c: checks
Hero: shows [Qs 7s]
a1492d12: shows [6c 6s]
16aadc7c: shows [4d 4c]
*** SHOWDOWN ***
Hero collected $15 from pot
*** SUMMARY ***
Total pot $15
Board [Kd Ah Kc 3d Qc]
Seat 3: e312ecdb folded before Flop (didn't bet)
Seat 6: 16aadc7c showed [4d 4c] and lost with Pair of Kings and Pair of Fours
Seat 1: Hero(small blind) showed [Qs 7s] and won ($15) with Pair of Kings and Pair of Queens
Seat 2: a1492d12(big blind) showed [6c 6s] and lost with Pair of Kings and Pair of Sixes



Poker Hand #ring_866476998: NLH No Limit ($1/$2) - 2025/05/09 00:18:40
Table 'MR NLH BOMBPOT 1/2' 7-max Seat #3 is the button
Seat 3: e312ecdb ($443.38 in chips)
Seat 6: 16aadc7c ($286.15 in chips)
Seat 1: Hero ($677.53 in chips)
Seat 2: a1492d12 ($272.29 in chips)
16aadc7c: posts small blind $1
Hero: posts big blind $2
*** HOLE CARDS ***
Dealt to e312ecdb 
Dealt to 16aadc7c 
Dealt to Hero [Kh 6h]
Dealt to a1492d12 
a1492d12: raises $4 to $6
e312ecdb: calls $6
16aadc7c: calls $5
Hero: calls $4
*** FLOP *** [9d 6s Jd]
16aadc7c: checks
Hero: checks
a1492d12: bets $18
e312ecdb: folds
16aadc7c: folds
Hero: folds
Uncalled bet ($18) returned to a1492d12
*** SHOWDOWN ***
a1492d12 collected $24 from pot
*** SUMMARY ***
Total pot $24
Board [9d 6s Jd]
Seat 3: e312ecdb folded on the Flop
Seat 6: 16aadc7c(small blind) folded on the Flop
Seat 1: Hero(big blind) folded on the Flop
Seat 2: a1492d12won ($24) with Pair of Jacks



Poker Hand #ring_866475101: NLH No Limit ($1/$2) - 2025/05/09 00:17:39
Table 'MR NLH BOMBPOT 1/2' 7-max Seat #2 is the button
Seat 3: e312ecdb ($453.38 in chips)
Seat 6: 16aadc7c ($268.65 in chips)
Seat 1: Hero ($660.03 in chips)
Seat 2: a1492d12 ($302.29 in chips)
e312ecdb: posts the ante $10
16aadc7c: posts the ante $10
Hero: posts the ante $10
a1492d12: posts the ante $10
*** HOLE CARDS ***
Dealt to e312ecdb 
Dealt to 16aadc7c 
Dealt to Hero [8d 2d]
Dealt to a1492d12 
*** FLOP *** [4s 8c 6c]
e312ecdb: checks
16aadc7c: checks
Hero: bets $20
a1492d12: calls $20
e312ecdb: folds
16aadc7c: calls $20
*** TURN *** [4s 8c 6c] [5d]
16aadc7c: checks
Hero: checks
a1492d12: checks
*** RIVER *** [4s 8c 6c 5d] [Ts]
16aadc7c: checks
Hero: checks
a1492d12: checks
Hero: shows [8d 2d]
a1492d12: shows [Kc 6s]
16aadc7c: shows [2h 8s]
*** SHOWDOWN ***
Hero collected $50 from pot
16aadc7c collected $50 from pot
*** SUMMARY ***
Total pot $100
Board [4s 8c 6c 5d Ts]
Seat 3: e312ecdb(small blind) folded on the Flop
Seat 6: 16aadc7c(big blind) showed [2h 8s] and won ($50) with Pair of Eights
Seat 1: Hero showed [8d 2d] and won ($50) with Pair of Eights
Seat 2: a1492d12 showed [Kc 6s] and lost with Pair of Sixes



Poker Hand #ring_866473973: NLH No Limit ($1/$2) - 2025/05/09 00:17:02
Table 'MR NLH BOMBPOT 1/2' 7-max Seat #1 is the button
Seat 3: e312ecdb ($455.38 in chips)
Seat 6: 16aadc7c ($268.65 in chips)
Seat 1: Hero ($652.66 in chips)
Seat 2: a1492d12 ($308.29 in chips)
a1492d12: posts small blind $1
e312ecdb: posts big blind $2
*** HOLE CARDS ***
Dealt to e312ecdb 
Dealt to 16aadc7c 
Dealt to Hero [9s Ac]
Dealt to a1492d12 
16aadc7c: folds
Hero: raises $4 to $6
a1492d12: calls $5
e312ecdb: folds
*** FLOP *** [3h 2h 4c]
a1492d12: checks
Hero: checks
*** TURN *** [3h 2h 4c] [3c]
a1492d12: checks
Hero: checks
*** RIVER *** [3h 2h 4c 3c] [4h]
a1492d12: checks
Hero: checks
Hero: shows [9s Ac]
a1492d12: shows [Qc 8d]
*** SHOWDOWN ***
Hero collected $14 from pot
*** SUMMARY ***
Total pot $14
Board [3h 2h 4c 3c 4h]
Seat 3: e312ecdb(big blind) folded before Flop
Seat 6: 16aadc7c folded before Flop (didn't bet)
Seat 1: Hero showed [9s Ac] and won ($14) with Pair of Fours and Pair of Treys
Seat 2: a1492d12(small blind) showed [Qc 8d] and lost with Pair of Fours and Pair of Treys



Poker Hand #ring_866473008: NLH No Limit ($1/$2) - 2025/05/09 00:16:31
Table 'MR NLH BOMBPOT 1/2' 7-max Seat #6 is the button
Seat 3: e312ecdb ($452.38 in chips)
Seat 6: 16aadc7c ($268.65 in chips)
Seat 1: Hero ($653.66 in chips)
Seat 2: a1492d12 ($310.29 in chips)
Hero: posts small blind $1
a1492d12: posts big blind $2
*** HOLE CARDS ***
Dealt to e312ecdb 
Dealt to 16aadc7c 
Dealt to Hero [2s Kd]
Dealt to a1492d12 
e312ecdb: raises $4 to $6
16aadc7c: folds
Hero: folds
a1492d12: folds
Uncalled bet ($4) returned to e312ecdb
*** SHOWDOWN ***
e312ecdb collected $5 from pot
*** SUMMARY ***
Total pot $5
Seat 3: e312ecdbwon ($5)
Seat 6: 16aadc7c folded before Flop (didn't bet)
Seat 1: Hero(small blind) folded before Flop
Seat 2: a1492d12(big blind) folded before Flop



Poker Hand #ring_866472600: NLH No Limit ($1/$2) - 2025/05/09 00:16:18
Table 'MR NLH BOMBPOT 1/2' 7-max Seat #3 is the button
Seat 3: e312ecdb ($452.38 in chips)
Seat 6: 16aadc7c ($269.65 in chips)
Seat 1: Hero ($652.66 in chips)
Seat 2: a1492d12 ($310.29 in chips)
16aadc7c: posts small blind $1
Hero: posts big blind $2
*** HOLE CARDS ***
Dealt to e312ecdb 
Dealt to 16aadc7c 
Dealt to Hero [6c 2d]
Dealt to a1492d12 
a1492d12: folds
e312ecdb: folds
16aadc7c: folds
*** SHOWDOWN ***
Hero collected $3 from pot
*** SUMMARY ***
Total pot $3
Seat 3: e312ecdb folded before Flop (didn't bet)
Seat 6: 16aadc7c(small blind) folded before Flop
Seat 1: Hero(big blind)won ($3)
Seat 2: a1492d12 folded before Flop (didn't bet)



Poker Hand #ring_866472099: NLH No Limit ($1/$2) - 2025/05/09 00:16:02
Table 'MR NLH BOMBPOT 1/2' 7-max Seat #2 is the button
Seat 3: e312ecdb ($453.38 in chips)
Seat 6: 16aadc7c ($271.65 in chips)
Seat 1: Hero ($658.66 in chips)
Seat 2: a1492d12 ($301.29 in chips)
e312ecdb: posts small blind $1
16aadc7c: posts big blind $2
*** HOLE CARDS ***
Dealt to e312ecdb 
Dealt to 16aadc7c 
Dealt to Hero [3s 4s]
Dealt to a1492d12 
Hero: raises $4 to $6
a1492d12: raises $15 to $21
e312ecdb: folds
16aadc7c: folds
Hero: folds
Uncalled bet ($15) returned to a1492d12
*** SHOWDOWN ***
a1492d12 collected $15 from pot
*** SUMMARY ***
Total pot $15
Seat 3: e312ecdb(small blind) folded before Flop
Seat 6: 16aadc7c(big blind) folded before Flop
Seat 1: Hero folded before Flop
Seat 2: a1492d12won ($15)



Poker Hand #ring_866471195: NLH No Limit ($1/$2) - 2025/05/09 00:15:32
Table 'MR NLH BOMBPOT 1/2' 7-max Seat #1 is the button
Seat 3: e312ecdb ($455.38 in chips)
Seat 6: 16aadc7c ($271.65 in chips)
Seat 1: Hero ($652.2 in chips)
Seat 2: a1492d12 ($306.29 in chips)
a1492d12: posts small blind $1
e312ecdb: posts big blind $2
*** HOLE CARDS ***
Dealt to e312ecdb 
Dealt to 16aadc7c 
Dealt to Hero [2c 3c]
Dealt to a1492d12 
16aadc7c: folds
Hero: raises $3 to $5
a1492d12: calls $4
e312ecdb: folds
*** FLOP *** [8h 7h Ac]
a1492d12: checks
Hero: bets $6
a1492d12: folds
Uncalled bet ($6) returned to Hero
*** SHOWDOWN ***
Hero collected $12 from pot
*** SUMMARY ***
Total pot $12
Board [8h 7h Ac]
Seat 3: e312ecdb(big blind) folded before Flop
Seat 6: 16aadc7c folded before Flop (didn't bet)
Seat 1: Herowon ($12) with Ace-High
Seat 2: a1492d12(small blind) folded on the Flop



Poker Hand #ring_866470046: NLH No Limit ($1/$2) - 2025/05/09 00:14:55
Table 'MR NLH BOMBPOT 1/2' 7-max Seat #6 is the button
Seat 3: e312ecdb ($426.05 in chips)
Seat 6: 16aadc7c ($301.28 in chips)
Seat 1: Hero ($653.2 in chips)
Seat 2: a1492d12 ($308.29 in chips)
Hero: posts small blind $1
a1492d12: posts big blind $2
*** HOLE CARDS ***
Dealt to e312ecdb 
Dealt to 16aadc7c 
Dealt to Hero [8d Ts]
Dealt to a1492d12 
e312ecdb: raises $4 to $6
16aadc7c: raises $11.25 to $17.25
Hero: folds
a1492d12: folds
e312ecdb: calls $11.25
*** FLOP *** [Ks Td 5d]
e312ecdb: checks
16aadc7c: bets $12.38
e312ecdb: raises $62.26 to $74.64
16aadc7c: folds
Uncalled bet ($62.26) returned to e312ecdb
*** SHOWDOWN ***
e312ecdb collected $62.26 from pot
*** SUMMARY ***
Total pot $62.26
Board [Ks Td 5d]
Seat 3: e312ecdbwon ($62.26) with Three Fives
Seat 6: 16aadc7c folded on the Flop
Seat 1: Hero(small blind) folded before Flop
Seat 2: a1492d12(big blind) folded before Flop



Poker Hand #ring_866469153: NLH No Limit ($1/$2) - 2025/05/09 00:14:25
Table 'MR NLH BOMBPOT 1/2' 7-max Seat #3 is the button
Seat 3: e312ecdb ($426.05 in chips)
Seat 6: 16aadc7c ($302.28 in chips)
Seat 1: Hero ($665.7 in chips)
Seat 2: a1492d12 ($296.46 in chips)
16aadc7c: posts small blind $1
Hero: posts big blind $2
*** HOLE CARDS ***
Dealt to e312ecdb 
Dealt to 16aadc7c 
Dealt to Hero [Ts 7c]
Dealt to a1492d12 
a1492d12: raises $4 to $6
e312ecdb: folds
16aadc7c: folds
Hero: calls $4
*** FLOP *** [8d Qs Th]
Hero: checks
a1492d12: bets $6.5
Hero: calls $6.5
*** TURN *** [8d Qs Th] [Kc]
Hero: checks
a1492d12: bets $19.5
Hero: folds
Uncalled bet ($19.5) returned to a1492d12
*** SHOWDOWN ***
a1492d12 collected $26 from pot
*** SUMMARY ***
Total pot $26
Board [8d Qs Th Kc]
Seat 3: e312ecdb folded before Flop (didn't bet)
Seat 6: 16aadc7c(small blind) folded before Flop
Seat 1: Hero(big blind) folded on the Turn
Seat 2: a1492d12won ($26) with Pair of Fives



Poker Hand #ring_866468349: NLH No Limit ($1/$2) - 2025/05/09 00:13:58
Table 'MR NLH BOMBPOT 1/2' 7-max Seat #2 is the button
Seat 3: e312ecdb ($427.05 in chips)
Seat 6: 16aadc7c ($304.28 in chips)
Seat 1: Hero ($657.37 in chips)
Seat 2: a1492d12 ($302.46 in chips)
e312ecdb: posts small blind $1
16aadc7c: posts big blind $2
*** HOLE CARDS ***
Dealt to e312ecdb 
Dealt to 16aadc7c 
Dealt to Hero [6s 7s]
Dealt to a1492d12 
Hero: raises $4 to $6
a1492d12: calls $6
e312ecdb: folds
16aadc7c: folds
*** FLOP *** [Jc Ks Jh]
Hero: checks
a1492d12: checks
*** TURN *** [Jc Ks Jh] [2s]
Hero: bets $7.5
a1492d12: folds
Uncalled bet ($7.5) returned to Hero
*** SHOWDOWN ***
Hero collected $15 from pot
*** SUMMARY ***
Total pot $15
Board [Jc Ks Jh 2s]
Seat 3: e312ecdb(small blind) folded before Flop
Seat 6: 16aadc7c(big blind) folded before Flop
Seat 1: Herowon ($15) with Pair of Jacks
Seat 2: a1492d12 folded on the Turn



Poker Hand #ring_866467807: NLH No Limit ($1/$2) - 2025/05/09 00:13:41
Table 'MR NLH BOMBPOT 1/2' 7-max Seat #1 is the button
Seat 3: e312ecdb ($429.05 in chips)
Seat 6: 16aadc7c ($304.28 in chips)
Seat 1: Hero ($663.37 in chips)
Seat 2: a1492d12 ($294.46 in chips)
a1492d12: posts small blind $1
e312ecdb: posts big blind $2
*** HOLE CARDS ***
Dealt to e312ecdb 
Dealt to 16aadc7c 
Dealt to Hero [7c 6s]
Dealt to a1492d12 
16aadc7c: folds
Hero: raises $4 to $6
a1492d12: raises $14 to $20
e312ecdb: folds
Hero: folds
Uncalled bet ($14) returned to a1492d12
*** SHOWDOWN ***
a1492d12 collected $14 from pot
*** SUMMARY ***
Total pot $14
Seat 3: e312ecdb(big blind) folded before Flop
Seat 6: 16aadc7c folded before Flop (didn't bet)
Seat 1: Hero folded before Flop
Seat 2: a1492d12(small blind)won ($14)



Poker Hand #ring_866466172: NLH No Limit ($1/$2) - 2025/05/09 00:12:47
Table 'MR NLH BOMBPOT 1/2' 7-max Seat #6 is the button
Seat 3: e312ecdb ($439.05 in chips)
Seat 6: 16aadc7c ($203.78 in chips)
Seat 1: Hero ($673.37 in chips)
Seat 2: a1492d12 ($384.46 in chips)
Hero: posts the ante $10
a1492d12: posts the ante $10
e312ecdb: posts the ante $10
16aadc7c: posts the ante $10
*** HOLE CARDS ***
Dealt to e312ecdb 
Dealt to 16aadc7c 
Dealt to Hero [6h Qc]
Dealt to a1492d12 
*** FLOP *** [5d 2s 8d]
Hero: checks
a1492d12: bets $30
e312ecdb: folds
16aadc7c: calls $30
Hero: folds
*** TURN *** [5d 2s 8d] [3c]
a1492d12: bets $50
16aadc7c: calls $50
*** RIVER *** [5d 2s 8d 3c] [4h]
a1492d12: checks
16aadc7c: bets $113.78 and is all-in
a1492d12: folds
Uncalled bet ($113.78) returned to 16aadc7c
Hero: shows [6h]
*** SHOWDOWN ***
16aadc7c collected $200 from pot
*** SUMMARY ***
Total pot $200
Board [5d 2s 8d 3c 4h]
Seat 3: e312ecdb folded on the Flop
Seat 6: 16aadc7cwon ($200) with Queen-High
Seat 1: Hero(small blind) folded on the Flop
Seat 2: a1492d12(big blind) folded on the River



Poker Hand #ring_866465103: NLH No Limit ($1/$2) - 2025/05/09 00:12:11
Table 'MR NLH BOMBPOT 1/2' 7-max Seat #3 is the button
Seat 3: e312ecdb ($393 in chips)
Seat 6: 16aadc7c ($204.78 in chips)
Seat 1: Hero ($675.37 in chips)
Seat 2: a1492d12 ($432.46 in chips)
16aadc7c: posts small blind $1
Hero: posts big blind $2
*** HOLE CARDS ***
Dealt to e312ecdb 
Dealt to 16aadc7c 
Dealt to Hero [Qs 5s]
Dealt to a1492d12 
a1492d12: raises $2 to $4
e312ecdb: raises $11 to $15
16aadc7c: folds
Hero: folds
a1492d12: calls $11
*** FLOP *** [Tc 8s 6s]
a1492d12: checks
e312ecdb: bets $33
a1492d12: calls $33
*** TURN *** [Tc 8s 6s] [2d]
a1492d12: checks
e312ecdb: bets $345 and is all-in
a1492d12: folds
Uncalled bet ($345) returned to e312ecdb
*** SHOWDOWN ***
e312ecdb collected $99 from pot
*** SUMMARY ***
Total pot $99
Board [Tc 8s 6s 2d]
Seat 3: e312ecdbwon ($99) with Pair of Jacks
Seat 6: 16aadc7c(small blind) folded before Flop
Seat 1: Hero(big blind) folded before Flop
Seat 2: a1492d12 folded on the Turn



Poker Hand #ring_866464498: NLH No Limit ($1/$2) - 2025/05/09 00:11:52
Table 'MR NLH BOMBPOT 1/2' 7-max Seat #2 is the button
Seat 3: e312ecdb ($394 in chips)
Seat 6: 16aadc7c ($206.78 in chips)
Seat 1: Hero ($675.37 in chips)
Seat 2: a1492d12 ($429.46 in chips)
e312ecdb: posts small blind $1
16aadc7c: posts big blind $2
*** HOLE CARDS ***
Dealt to e312ecdb 
Dealt to 16aadc7c 
Dealt to Hero [7d 2h]
Dealt to a1492d12 
Hero: folds
a1492d12: raises $4 to $6
e312ecdb: folds
16aadc7c: folds
Uncalled bet ($4) returned to a1492d12
*** SHOWDOWN ***
a1492d12 collected $5 from pot
*** SUMMARY ***
Total pot $5
Seat 3: e312ecdb(small blind) folded before Flop
Seat 6: 16aadc7c(big blind) folded before Flop
Seat 1: Hero folded before Flop (didn't bet)
Seat 2: a1492d12won ($5)



Poker Hand #ring_866463242: NLH No Limit ($1/$2) - 2025/05/09 00:11:11
Table 'MR NLH BOMBPOT 1/2' 7-max Seat #1 is the button
Seat 3: e312ecdb ($400 in chips)
Seat 6: 16aadc7c ($206.78 in chips)
Seat 1: Hero ($668.95 in chips)
Seat 2: a1492d12 ($430.46 in chips)
a1492d12: posts small blind $1
e312ecdb: posts big blind $2
*** HOLE CARDS ***
Dealt to e312ecdb 
Dealt to 16aadc7c 
Dealt to Hero [7d 8h]
Dealt to a1492d12 
16aadc7c: folds
Hero: raises $4 to $6
a1492d12: folds
e312ecdb: calls $4
*** FLOP *** [Kd 2s 4s]
e312ecdb: checks
Hero: checks
*** TURN *** [Kd 2s 4s] [Js]
e312ecdb: checks
Hero: checks
*** RIVER *** [Kd 2s 4s Js] [3h]
e312ecdb: checks
Hero: bets $3
e312ecdb: folds
Uncalled bet ($3) returned to Hero
*** SHOWDOWN ***
Hero collected $13 from pot
*** SUMMARY ***
Total pot $13
Board [Kd 2s 4s Js 3h]
Seat 3: e312ecdb(big blind) folded on the River
Seat 6: 16aadc7c folded before Flop (didn't bet)
Seat 1: Herowon ($13) with King-High
Seat 2: a1492d12(small blind) folded before Flop



Poker Hand #ring_866462390: NLH No Limit ($1/$2) - 2025/05/09 00:10:42
Table 'MR NLH BOMBPOT 1/2' 7-max Seat #6 is the button
Seat 6: 16aadc7c ($206.78 in chips)
Seat 1: Hero ($667.13 in chips)
Seat 2: a1492d12 ($432.46 in chips)
Hero: posts small blind $1
a1492d12: posts big blind $2
*** HOLE CARDS ***
Dealt to 16aadc7c 
Dealt to Hero [Jc 3s]
Dealt to a1492d12 
16aadc7c: folds
Hero: calls $1
a1492d12: checks
*** FLOP *** [Ks 8d 3h]
Hero: checks
a1492d12: checks
*** TURN *** [Ks 8d 3h] [3c]
Hero: bets $32.36
a1492d12: folds
Uncalled bet ($32.36) returned to Hero
*** SHOWDOWN ***
Hero collected $4 from pot
*** SUMMARY ***
Total pot $4
Board [Ks 8d 3h 3c]
Seat 6: 16aadc7c folded before Flop (didn't bet)
Seat 1: Hero(small blind)won ($4) with Three Treys
Seat 2: a1492d12(big blind) folded on the Turn



Poker Hand #ring_866461103: NLH No Limit ($1/$2) - 2025/05/09 00:09:58
Table 'MR NLH BOMBPOT 1/2' 7-max Seat #5 is the button
Seat 6: 16aadc7c ($207.78 in chips)
Seat 1: Hero ($587.38 in chips)
Seat 2: a1492d12 ($438.46 in chips)
Seat 5: 4a66a853 ($80.83 in chips)
16aadc7c: posts small blind $1
Hero: posts big blind $2
*** HOLE CARDS ***
Dealt to 16aadc7c 
Dealt to Hero [7d 7s]
Dealt to a1492d12 
Dealt to 4a66a853 
a1492d12: raises $4 to $6
4a66a853: calls $6
16aadc7c: folds
Hero: raises $15.2 to $21.2
a1492d12: folds
4a66a853: calls $15.2
*** FLOP *** [Th 9h 5s]
Hero: bets $71.64
4a66a853: calls $59.63 and is all-in
Uncalled bet ($12.01) returned to Hero
Hero: shows [7d 7s] (Pair of Sevens)
4a66a853: shows [4h Kh] (King-High)
*** TURN *** [Th 9h 5s] [6s]
*** RIVER *** [Th 9h 5s 6s] [Qs]
*** SHOWDOWN ***
Hero collected $168.66 from pot
*** SUMMARY ***
Total pot $168.66
Board [Th 9h 5s 6s Qs]
Seat 6: 16aadc7c(small blind) folded before Flop
Seat 1: Hero(big blind) showed [7d 7s] and won ($168.66) with Pair of Sevens
Seat 2: a1492d12 folded before Flop
Seat 5: 4a66a853 showed [4h Kh] and lost with King-High



Poker Hand #ring_866460166: NLH No Limit ($1/$2) - 2025/05/09 00:09:28
Table 'MR NLH BOMBPOT 1/2' 7-max Seat #2 is the button
Seat 6: 16aadc7c ($209.78 in chips)
Seat 1: Hero ($584.38 in chips)
Seat 2: a1492d12 ($438.46 in chips)
Seat 5: 4a66a853 ($81.83 in chips)
4a66a853: posts small blind $1
16aadc7c: posts big blind $2
*** HOLE CARDS ***
Dealt to 16aadc7c 
Dealt to Hero [Th 9h]
Dealt to a1492d12 
Dealt to 4a66a853 
Hero: raises $4 to $6
a1492d12: folds
4a66a853: folds
16aadc7c: folds
Uncalled bet ($4) returned to Hero
*** SHOWDOWN ***
Hero collected $5 from pot
*** SUMMARY ***
Total pot $5
Seat 6: 16aadc7c(big blind) folded before Flop
Seat 1: Herowon ($5)
Seat 2: a1492d12 folded before Flop (didn't bet)
Seat 5: 4a66a853(small blind) folded before Flop



Poker Hand #ring_866459812: NLH No Limit ($1/$2) - 2025/05/09 00:09:15
Table 'MR NLH BOMBPOT 1/2' 7-max Seat #1 is the button
Seat 6: 16aadc7c ($209.78 in chips)
Seat 1: Hero ($584.38 in chips)
Seat 2: a1492d12 ($439.46 in chips)
Seat 5: 4a66a853 ($80.83 in chips)
a1492d12: posts small blind $1
4a66a853: posts big blind $2
*** HOLE CARDS ***
Dealt to 16aadc7c 
Dealt to Hero [2s Tc]
Dealt to a1492d12 
Dealt to 4a66a853 
16aadc7c: folds
Hero: folds
a1492d12: folds
*** SHOWDOWN ***
4a66a853 collected $3 from pot
*** SUMMARY ***
Total pot $3
Seat 6: 16aadc7c folded before Flop (didn't bet)
Seat 1: Hero folded before Flop (didn't bet)
Seat 2: a1492d12(small blind) folded before Flop
Seat 5: 4a66a853(big blind)won ($3)



Poker Hand #ring_866459213: NLH No Limit ($1/$2) - 2025/05/09 00:08:56
Table 'MR NLH BOMBPOT 1/2' 7-max Seat #6 is the button
Seat 6: 16aadc7c ($209.78 in chips)
Seat 1: Hero ($585.38 in chips)
Seat 2: a1492d12 ($441.46 in chips)
Seat 5: 4a66a853 ($77.83 in chips)
Hero: posts small blind $1
a1492d12: posts big blind $2
*** HOLE CARDS ***
Dealt to 16aadc7c 
Dealt to Hero [4d Ks]
Dealt to a1492d12 
Dealt to 4a66a853 
4a66a853: raises $4 to $6
16aadc7c: folds
Hero: folds
a1492d12: folds
Uncalled bet ($4) returned to 4a66a853
*** SHOWDOWN ***
4a66a853 collected $5 from pot
*** SUMMARY ***
Total pot $5
Seat 6: 16aadc7c folded before Flop (didn't bet)
Seat 1: Hero(small blind) folded before Flop
Seat 2: a1492d12(big blind) folded before Flop
Seat 5: 4a66a853won ($5)



Poker Hand #ring_866458097: NLH No Limit ($1/$2) - 2025/05/09 00:08:19
Table 'MR NLH BOMBPOT 1/2' 7-max Seat #5 is the button
Seat 6: 16aadc7c ($199.36 in chips)
Seat 1: Hero ($597.38 in chips)
Seat 2: a1492d12 ($441.46 in chips)
Seat 5: 4a66a853 ($77.83 in chips)
16aadc7c: posts small blind $1
Hero: posts big blind $2
*** HOLE CARDS ***
Dealt to 16aadc7c 
Dealt to Hero [6c 8h]
Dealt to a1492d12 
Dealt to 4a66a853 
a1492d12: folds
4a66a853: folds
16aadc7c: raises $4 to $6
Hero: calls $4
*** FLOP *** [8s Qd 5c]
16aadc7c: checks
Hero: bets $6
16aadc7c: calls $6
*** TURN *** [8s Qd 5c] [Ks]
16aadc7c: checks
Hero: checks
*** RIVER *** [8s Qd 5c Ks] [2c]
16aadc7c: bets $36
Hero: folds
Uncalled bet ($36) returned to 16aadc7c
16aadc7c: shows [As Js]
*** SHOWDOWN ***
16aadc7c collected $24 from pot
*** SUMMARY ***
Total pot $24
Board [8s Qd 5c Ks 2c]
Seat 6: 16aadc7c(small blind) showed [As Js] and won ($24) with Ace-High
Seat 1: Hero(big blind) folded on the River
Seat 2: a1492d12 folded before Flop (didn't bet)
Seat 5: 4a66a853 folded before Flop (didn't bet)



Poker Hand #ring_866456808: NLH No Limit ($1/$2) - 2025/05/09 00:07:36
Table 'MR NLH BOMBPOT 1/2' 7-max Seat #0 is the button
Seat 6: 16aadc7c ($209.36 in chips)
Seat 1: Hero ($569.68 in chips)
Seat 2: a1492d12 ($451.46 in chips)
Seat 5: 4a66a853 ($87.83 in chips)
4a66a853: posts the ante $10
16aadc7c: posts the ante $10
Hero: posts the ante $10
a1492d12: posts the ante $10
*** HOLE CARDS ***
Dealt to 16aadc7c 
Dealt to Hero [8c Jh]
Dealt to a1492d12 
Dealt to 4a66a853 
*** FLOP *** [6h 3h 2h]
4a66a853: checks
16aadc7c: checks
Hero: checks
a1492d12: checks
*** TURN *** [6h 3h 2h] [Qh]
4a66a853: checks
16aadc7c: checks
Hero: checks
a1492d12: checks
*** RIVER *** [6h 3h 2h Qh] [7s]
4a66a853: checks
16aadc7c: checks
Hero: checks
a1492d12: checks
Hero: shows [8c Jh]
a1492d12: shows [5c Ts]
4a66a853: shows [9s 3d]
16aadc7c: shows [5s Ad]
*** SHOWDOWN ***
Hero collected $40 from pot
*** SUMMARY ***
Total pot $40
Board [6h 3h 2h Qh 7s]
Seat 6: 16aadc7c(big blind) showed [5s Ad] and lost with Ace-High
Seat 1: Hero showed [8c Jh] and won ($40) with Queen High Flush
Seat 2: a1492d12 showed [5c Ts] and lost with Queen-High
Seat 5: 4a66a853(small blind) showed [9s 3d] and lost with Pair of Treys



Poker Hand #ring_866455851: NLH No Limit ($1/$2) - 2025/05/09 00:07:05
Table 'MR NLH BOMBPOT 1/2' 7-max Seat #2 is the button
Seat 6: 16aadc7c ($209.36 in chips)
Seat 3: 567fcae3 ($325.8 in chips)
Seat 1: Hero ($569.68 in chips)
Seat 2: a1492d12 ($463.96 in chips)
Seat 5: 4a66a853 ($76 in chips)
567fcae3: posts small blind $1
4a66a853: posts big blind $2
*** HOLE CARDS ***
Dealt to 16aadc7c 
Dealt to 567fcae3 
Dealt to Hero [Kc 6s]
Dealt to a1492d12 
Dealt to 4a66a853 
16aadc7c: folds
Hero: folds
a1492d12: raises $4 to $6
567fcae3: folds
4a66a853: calls $4
*** FLOP *** [Qd 8s 3h]
4a66a853: bets $6.5
a1492d12: calls $6.5
*** TURN *** [Qd 8s 3h] [6h]
4a66a853: bets $19.5
a1492d12: folds
Uncalled bet ($19.5) returned to 4a66a853
*** SHOWDOWN ***
4a66a853 collected $26 from pot
*** SUMMARY ***
Total pot $26
Board [Qd 8s 3h 6h]
Seat 6: 16aadc7c folded before Flop (didn't bet)
Seat 3: 567fcae3(small blind) folded before Flop
Seat 1: Hero folded before Flop (didn't bet)
Seat 2: a1492d12 folded on the Turn
Seat 5: 4a66a853(big blind)won ($26) with Pair of Eights



Poker Hand #ring_866454463: NLH No Limit ($1/$2) - 2025/05/09 00:06:18
Table 'MR NLH BOMBPOT 1/2' 7-max Seat #1 is the button
Seat 6: 16aadc7c ($81.36 in chips)
Seat 3: 567fcae3 ($258.62 in chips)
Seat 1: Hero ($593.68 in chips)
Seat 2: a1492d12 ($487.96 in chips)
Seat 5: 4a66a853 ($100 in chips)
a1492d12: posts small blind $1
567fcae3: posts big blind $2
4a66a853: posts big blind $2
*** HOLE CARDS ***
Dealt to 16aadc7c 
Dealt to 567fcae3 
Dealt to Hero [6d 9d]
Dealt to a1492d12 
Dealt to 4a66a853 
4a66a853: checks
16aadc7c: folds
Hero: raises $4 to $6
a1492d12: calls $5
567fcae3: calls $4
4a66a853: calls $4
*** FLOP *** [Jd Ts Ad]
a1492d12: checks
567fcae3: checks
4a66a853: checks
Hero: checks
*** TURN *** [Jd Ts Ad] [2s]
a1492d12: checks
567fcae3: bets $18
4a66a853: calls $18
Hero: calls $18
a1492d12: calls $18
*** RIVER *** [Jd Ts Ad 2s] [Tc]
a1492d12: checks
567fcae3: checks
4a66a853: checks
Hero: checks
Hero: shows [6d 9d]
a1492d12: shows [4d 2d]
567fcae3: shows [5h Ah]
4a66a853: shows [Qh 9s]
*** SHOWDOWN ***
567fcae3 collected $96 from pot
*** SUMMARY ***
Total pot $96
Board [Jd Ts Ad 2s Tc]
Seat 6: 16aadc7c folded before Flop (didn't bet)
Seat 3: 567fcae3(big blind) showed [5h Ah] and won ($96) with Pair of Aces and Pair of Tens
Seat 1: Hero showed [6d 9d] and lost with Pair of Tens
Seat 2: a1492d12(small blind) showed [4d 2d] and lost with Pair of Tens and Pair of Twos
Seat 5: 4a66a853 showed [Qh 9s] and lost with Pair of Tens



Poker Hand #ring_866453360: NLH No Limit ($1/$2) - 2025/05/09 00:05:41
Table 'MR NLH BOMBPOT 1/2' 7-max Seat #6 is the button
Seat 6: 16aadc7c ($219.48 in chips)
Seat 1: Hero ($598.68 in chips)
Seat 2: a1492d12 ($357.49 in chips)
Hero: posts small blind $1
a1492d12: posts big blind $2
*** HOLE CARDS ***
Dealt to 16aadc7c 
Dealt to Hero [6c 7d]
Dealt to a1492d12 
16aadc7c: raises $3 to $5
Hero: calls $4
a1492d12: raises $15 to $20
16aadc7c: calls $15
Hero: folds
*** FLOP *** [Kd Ts Kc]
a1492d12: checks
16aadc7c: checks
*** TURN *** [Kd Ts Kc] [8s]
a1492d12: bets $33.75
16aadc7c: calls $33.75
*** RIVER *** [Kd Ts Kc 8s] [2d]
a1492d12: bets $84.37
16aadc7c: calls $84.37
a1492d12: shows [Kh Jc]
16aadc7c: shows [Qc Tc]
*** SHOWDOWN ***
a1492d12 collected $281.24 from pot
*** SUMMARY ***
Total pot $281.24
Board [Kd Ts Kc 8s 2d]
Seat 6: 16aadc7c showed [Qc Tc] and lost with Pair of Kings and Pair of Tens
Seat 1: Hero(small blind) folded before Flop
Seat 2: a1492d12(big blind) showed [Kh Jc] and won ($281.24) with Three Kings



Poker Hand #ring_866451148: NLH No Limit ($1/$2) - 2025/05/09 00:04:29
Table 'MR NLH BOMBPOT 1/2' 7-max Seat #5 is the button
Seat 6: 16aadc7c ($220.48 in chips)
Seat 1: Hero ($486.97 in chips)
Seat 2: a1492d12 ($378.69 in chips)
Seat 5: 4a66a853 ($100 in chips)
16aadc7c: posts small blind $1
Hero: posts big blind $2
*** HOLE CARDS ***
Dealt to 16aadc7c 
Dealt to Hero [7h 7s]
Dealt to a1492d12 
Dealt to 4a66a853 
a1492d12: raises $4 to $6
4a66a853: calls $6
16aadc7c: folds
Hero: calls $4
*** FLOP *** [Js 7c Kc]
Hero: checks
a1492d12: checks
4a66a853: checks
*** TURN *** [Js 7c Kc] [9s]
Hero: bets $15.2
a1492d12: calls $15.2
4a66a853: calls $15.2
*** RIVER *** [Js 7c Kc 9s] [9h]
Hero: checks
a1492d12: checks
4a66a853: bets $78.8 and is all-in
Hero: calls $78.8
a1492d12: folds
Hero: shows [7h 7s]
4a66a853: shows [Ad Ts]
*** SHOWDOWN ***
Hero collected $222.2 from pot
*** SUMMARY ***
Total pot $222.2
Board [Js 7c Kc 9s 9h]
Seat 6: 16aadc7c(small blind) folded before Flop
Seat 1: Hero(big blind) showed [7h 7s] and won ($222.2) with Sevens Full over Nines
Seat 2: a1492d12 folded on the River
Seat 5: 4a66a853 showed [Ad Ts] and lost with Pair of Nines



Poker Hand #ring_866449371: NLH No Limit ($1/$2) - 2025/05/09 00:03:31
Table 'MR NLH BOMBPOT 1/2' 7-max Seat #4 is the button
Seat 6: 16aadc7c ($222.48 in chips)
Seat 4: 754aa197 ($72.12 in chips)
Seat 1: Hero ($413.24 in chips)
Seat 2: a1492d12 ($384.69 in chips)
Seat 5: 4a66a853 ($101 in chips)
4a66a853: posts small blind $1
16aadc7c: posts big blind $2
*** HOLE CARDS ***
Dealt to 16aadc7c 
Dealt to 754aa197 
Dealt to Hero [6d 6s]
Dealt to a1492d12 
Dealt to 4a66a853 
Hero: raises $4 to $6
a1492d12: calls $6
754aa197: calls $6
4a66a853: folds
16aadc7c: folds
*** FLOP *** [4c Ts 5d]
Hero: checks
a1492d12: checks
754aa197: bets $21
Hero: calls $21
a1492d12: folds
*** TURN *** [4c Ts 5d] [4h]
Hero: bets $50.4
754aa197: calls $45.12 and is all-in
Uncalled bet ($5.28) returned to Hero
Hero: shows [6d 6s]
754aa197: shows [Td Kh]
*** RIVER *** [4c Ts 5d 4h] [6c]
*** SHOWDOWN ***
Hero collected $153.24 from pot
*** SUMMARY ***
Total pot $153.24
Board [4c Ts 5d 4h 6c]
Seat 6: 16aadc7c(big blind) folded before Flop
Seat 4: 754aa197 showed [Td Kh] and lost with Pair of Tens and Pair of Fours
Seat 1: Hero showed [6d 6s] and won ($153.24) with Sixes Full over Fours
Seat 2: a1492d12 folded on the Flop
Seat 5: 4a66a853(small blind) folded before Flop



Poker Hand #ring_866447231: NLH No Limit ($1/$2) - 2025/05/09 00:02:19
Table 'MR NLH BOMBPOT 1/2' 7-max Seat #2 is the button
Seat 6: 16aadc7c ($222.48 in chips)
Seat 4: 754aa197 ($85.12 in chips)
Seat 1: Hero ($400 in chips)
Seat 2: a1492d12 ($384.69 in chips)
Seat 5: 4a66a853 ($103 in chips)
754aa197: posts small blind $1
4a66a853: posts big blind $2
Hero: posts big blind $2
*** HOLE CARDS ***
Dealt to 16aadc7c 
Dealt to 754aa197 
Dealt to Hero [Qh 5c]
Dealt to a1492d12 
Dealt to 4a66a853 
16aadc7c: folds
Hero: checks
a1492d12: folds
754aa197: calls $1
4a66a853: checks
*** FLOP *** [7d Qd 9d]
754aa197: checks
4a66a853: checks
Hero: bets $3
754aa197: calls $3
4a66a853: folds
*** TURN *** [7d Qd 9d] [Kh]
754aa197: checks
Hero: bets $8
754aa197: calls $8
*** RIVER *** [7d Qd 9d Kh] [Ks]
754aa197: checks
Hero: checks
Hero: shows [Qh 5c]
754aa197: shows [4d 9c]
*** SHOWDOWN ***
Hero collected $28 from pot
*** SUMMARY ***
Total pot $28
Board [7d Qd 9d Kh Ks]
Seat 6: 16aadc7c folded before Flop (didn't bet)
Seat 4: 754aa197(small blind) showed [4d 9c] and lost with Pair of Kings and Pair of Nines
Seat 1: Hero showed [Qh 5c] and won ($28) with Pair of Kings and Pair of Queens
Seat 2: a1492d12 folded before Flop (didn't bet)
Seat 5: 4a66a853(big blind) folded on the Flop



