Poker Hand #ring_864347193: NLH No Limit ($1/$2) - 2025/05/07 23:37:38
Table 'MR NLH BOMBPOT 1/2' 7-max Seat #7 is the button
Seat 5: 362210c7 ($199.56 in chips)
Seat 2: d3be2b87 ($146.73 in chips)
Seat 6: d4e0eca9 ($218.03 in chips)
Seat 3: a6ee60a2 ($344.77 in chips)
Seat 4: Hero ($208.65 in chips)
Seat 7: 5cfa004e ($484.87 in chips)
d3be2b87: posts small blind $1
a6ee60a2: posts big blind $2
*** HOLE CARDS ***
Dealt to 362210c7 
Dealt to d3be2b87 
Dealt to d4e0eca9 
Dealt to a6ee60a2 
Dealt to Hero [Kh 5c]
Dealt to 5cfa004e 
Hero: folds
362210c7: folds
d4e0eca9: folds
5cfa004e: folds
d3be2b87: raises $4 to $6
a6ee60a2: calls $4
*** FLOP *** [3h Ah Qc]
d3be2b87: bets $9
a6ee60a2: calls $9
*** TURN *** [3h Ah Qc] [7h]
d3be2b87: bets $15
a6ee60a2: folds
Uncalled bet ($15) returned to d3be2b87
*** SHOWDOWN ***
d3be2b87 collected $30 from pot
*** SUMMARY ***
Total pot $30
Board [3h Ah Qc 7h]
Seat 5: 362210c7 folded before Flop (didn't bet)
Seat 2: d3be2b87(small blind)won ($30) with Ace-High
Seat 6: d4e0eca9 folded before Flop (didn't bet)
Seat 3: a6ee60a2(big blind) folded on the Turn
Seat 4: Hero folded before Flop (didn't bet)
Seat 7: 5cfa004e folded before Flop (didn't bet)



Poker Hand #ring_864345943: NLH No Limit ($1/$2) - 2025/05/07 23:37:00
Table 'MR NLH BOMBPOT 1/2' 7-max Seat #6 is the button
Seat 5: 362210c7 ($143.56 in chips)
Seat 2: d3be2b87 ($152.73 in chips)
Seat 6: d4e0eca9 ($211.61 in chips)
Seat 3: a6ee60a2 ($344.77 in chips)
Seat 4: Hero ($208.65 in chips)
Seat 7: 5cfa004e ($485.87 in chips)
5cfa004e: posts small blind $1
d3be2b87: posts big blind $2
*** HOLE CARDS ***
Dealt to 362210c7 
Dealt to d3be2b87 
Dealt to d4e0eca9 
Dealt to a6ee60a2 
Dealt to Hero [Ah 6d]
Dealt to 5cfa004e 
a6ee60a2: folds
Hero: folds
362210c7: folds
d4e0eca9: raises $4 to $6
5cfa004e: folds
d3be2b87: calls $4
*** FLOP *** [5c Ts 5s]
d3be2b87: checks
d4e0eca9: bets $9.75
d3be2b87: folds
Uncalled bet ($9.75) returned to d4e0eca9
*** SHOWDOWN ***
d4e0eca9 collected $13 from pot
*** SUMMARY ***
Total pot $13
Board [5c Ts 5s]
Seat 5: 362210c7 folded before Flop (didn't bet)
Seat 2: d3be2b87(big blind) folded on the Flop
Seat 6: d4e0eca9won ($13) with Pair of Fives
Seat 3: a6ee60a2 folded before Flop (didn't bet)
Seat 4: Hero folded before Flop (didn't bet)
Seat 7: 5cfa004e(small blind) folded before Flop



Poker Hand #ring_864343877: NLH No Limit ($1/$2) - 2025/05/07 23:35:56
Table 'MR NLH BOMBPOT 1/2' 7-max Seat #5 is the button
Seat 5: 362210c7 ($149.56 in chips)
Seat 2: d3be2b87 ($152.73 in chips)
Seat 1: 4f6ed9ef ($312.12 in chips)
Seat 6: d4e0eca9 ($200.42 in chips)
Seat 3: a6ee60a2 ($344.77 in chips)
Seat 4: Hero ($208.65 in chips)
Seat 7: 5cfa004e ($491.87 in chips)
d4e0eca9: posts small blind $1
5cfa004e: posts big blind $2
*** HOLE CARDS ***
Dealt to 362210c7 
Dealt to d3be2b87 
Dealt to 4f6ed9ef 
Dealt to d4e0eca9 
Dealt to a6ee60a2 
Dealt to Hero [Js 2h]
Dealt to 5cfa004e 
4f6ed9ef: folds
d3be2b87: folds
a6ee60a2: folds
Hero: folds
362210c7: raises $4 to $6
d4e0eca9: calls $5
5cfa004e: calls $4
*** FLOP *** [7d 4c Qs]
d4e0eca9: checks
5cfa004e: checks
362210c7: checks
*** TURN *** [7d 4c Qs] [Ad]
d4e0eca9: checks
5cfa004e: checks
362210c7: checks
*** RIVER *** [7d 4c Qs Ad] [4s]
d4e0eca9: bets $9
5cfa004e: folds
362210c7: folds
Uncalled bet ($9) returned to d4e0eca9
*** SHOWDOWN ***
d4e0eca9 collected $18 from pot
*** SUMMARY ***
Total pot $18
Board [7d 4c Qs Ad 4s]
Seat 5: 362210c7 folded on the River
Seat 2: d3be2b87 folded before Flop (didn't bet)
Seat 1: 4f6ed9ef folded before Flop (didn't bet)
Seat 6: d4e0eca9(small blind)won ($18) with Pair of Aces and Pair of Fours
Seat 3: a6ee60a2 folded before Flop (didn't bet)
Seat 4: Hero folded before Flop (didn't bet)
Seat 7: 5cfa004e(big blind) folded on the River



Poker Hand #ring_864342521: NLH No Limit ($1/$2) - 2025/05/07 23:35:13
Table 'MR NLH BOMBPOT 1/2' 7-max Seat #4 is the button
Seat 5: 362210c7 ($150.56 in chips)
Seat 2: d3be2b87 ($158.73 in chips)
Seat 1: 4f6ed9ef ($312.12 in chips)
Seat 6: d4e0eca9 ($194 in chips)
Seat 3: a6ee60a2 ($344.77 in chips)
Seat 4: Hero ($208.65 in chips)
Seat 7: 5cfa004e ($491.87 in chips)
362210c7: posts small blind $1
d4e0eca9: posts big blind $2
*** HOLE CARDS ***
Dealt to 362210c7 
Dealt to d3be2b87 
Dealt to 4f6ed9ef 
Dealt to d4e0eca9 
Dealt to a6ee60a2 
Dealt to Hero [4c Tc]
Dealt to 5cfa004e 
5cfa004e: folds
4f6ed9ef: folds
d3be2b87: raises $4 to $6
a6ee60a2: folds
Hero: folds
362210c7: folds
d4e0eca9: calls $4
*** FLOP *** [4d Ad Ac]
d4e0eca9: checks
d3be2b87: checks
*** TURN *** [4d Ad Ac] [Qh]
d4e0eca9: checks
d3be2b87: checks
*** RIVER *** [4d Ad Ac Qh] [Ts]
d4e0eca9: bets $9.75
d3be2b87: folds
Uncalled bet ($9.75) returned to d4e0eca9
*** SHOWDOWN ***
d4e0eca9 collected $13 from pot
*** SUMMARY ***
Total pot $13
Board [4d Ad Ac Qh Ts]
Seat 5: 362210c7(small blind) folded before Flop
Seat 2: d3be2b87 folded on the River
Seat 1: 4f6ed9ef folded before Flop (didn't bet)
Seat 6: d4e0eca9(big blind)won ($13) with Three Aces
Seat 3: a6ee60a2 folded before Flop (didn't bet)
Seat 4: Hero folded before Flop (didn't bet)
Seat 7: 5cfa004e folded before Flop (didn't bet)



Poker Hand #ring_864339920: NLH No Limit ($1/$2) - 2025/05/07 23:33:52
Table 'MR NLH BOMBPOT 1/2' 7-max Seat #3 is the button
Seat 5: 362210c7 ($152.56 in chips)
Seat 2: d3be2b87 ($212.11 in chips)
Seat 1: 4f6ed9ef ($242.48 in chips)
Seat 6: d4e0eca9 ($200 in chips)
Seat 3: a6ee60a2 ($344.77 in chips)
Seat 4: Hero ($223.23 in chips)
Seat 7: 5cfa004e ($491.87 in chips)
Hero: posts small blind $1
362210c7: posts big blind $2
d4e0eca9: posts big blind $2
*** HOLE CARDS ***
Dealt to 362210c7 
Dealt to d3be2b87 
Dealt to 4f6ed9ef 
Dealt to d4e0eca9 
Dealt to a6ee60a2 
Dealt to Hero [3d 3h]
Dealt to 5cfa004e 
d4e0eca9: checks
5cfa004e: folds
4f6ed9ef: raises $4 to $6
d3be2b87: calls $6
a6ee60a2: folds
Hero: calls $5
362210c7: folds
d4e0eca9: calls $4
*** FLOP *** [Jc 2d 8d]
Hero: checks
d4e0eca9: checks
4f6ed9ef: checks
d3be2b87: bets $8.58
Hero: calls $8.58
d4e0eca9: folds
4f6ed9ef: calls $8.58
*** TURN *** [Jc 2d 8d] [Kc]
Hero: checks
4f6ed9ef: checks
d3be2b87: bets $38.8
Hero: folds
4f6ed9ef: calls $38.8
*** RIVER *** [Jc 2d 8d Kc] [7h]
4f6ed9ef: bets $51
d3be2b87: folds
Uncalled bet ($51) returned to 4f6ed9ef
*** SHOWDOWN ***
4f6ed9ef collected $129.34 from pot
*** SUMMARY ***
Total pot $129.34
Board [Jc 2d 8d Kc 7h]
Seat 5: 362210c7(big blind) folded before Flop
Seat 2: d3be2b87 folded on the River
Seat 1: 4f6ed9efwon ($129.34) with Pair of Eights and Pair of Sevens
Seat 6: d4e0eca9 folded on the Flop
Seat 3: a6ee60a2 folded before Flop (didn't bet)
Seat 4: Hero(small blind) folded on the Turn
Seat 7: 5cfa004e folded before Flop (didn't bet)



Poker Hand #ring_864337700: NLH No Limit ($1/$2) - 2025/05/07 23:32:43
Table 'MR NLH BOMBPOT 1/2' 7-max Seat #2 is the button
Seat 5: 362210c7 ($152.56 in chips)
Seat 2: d3be2b87 ($276.42 in chips)
Seat 1: 4f6ed9ef ($172.99 in chips)
Seat 3: a6ee60a2 ($349.77 in chips)
Seat 4: Hero ($225.23 in chips)
Seat 7: 5cfa004e ($496.87 in chips)
a6ee60a2: posts small blind $1
Hero: posts big blind $2
*** HOLE CARDS ***
Dealt to 362210c7 
Dealt to d3be2b87 
Dealt to 4f6ed9ef 
Dealt to a6ee60a2 
Dealt to Hero [8c 2d]
Dealt to 5cfa004e 
362210c7: folds
5cfa004e: raises $3 to $5
4f6ed9ef: calls $5
d3be2b87: calls $5
a6ee60a2: calls $4
Hero: folds
*** FLOP *** [Jc 3h 9h]
a6ee60a2: checks
5cfa004e: checks
4f6ed9ef: bets $14.52
d3be2b87: calls $14.52
a6ee60a2: folds
5cfa004e: folds
*** TURN *** [Jc 3h 9h] [3s]
4f6ed9ef: checks
d3be2b87: bets $16.84
4f6ed9ef: calls $16.84
*** RIVER *** [Jc 3h 9h 3s] [2c]
4f6ed9ef: checks
d3be2b87: bets $27.95
4f6ed9ef: calls $27.95
4f6ed9ef: shows [Jd Qs]
d3be2b87: shows [2h Jh]
*** SHOWDOWN ***
4f6ed9ef collected $140.62 from pot
*** SUMMARY ***
Total pot $140.62
Board [Jc 3h 9h 3s 2c]
Seat 5: 362210c7 folded before Flop (didn't bet)
Seat 2: d3be2b87 showed [2h Jh] and lost with Pair of Jacks and Pair of Treys
Seat 1: 4f6ed9ef showed [Jd Qs] and won ($140.62) with Pair of Jacks and Pair of Treys
Seat 3: a6ee60a2(small blind) folded on the Flop
Seat 4: Hero(big blind) folded before Flop
Seat 7: 5cfa004e folded on the Flop



Poker Hand #ring_864336911: NLH No Limit ($1/$2) - 2025/05/07 23:32:21
Table 'MR NLH BOMBPOT 1/2' 7-max Seat #1 is the button
Seat 5: 362210c7 ($152.56 in chips)
Seat 2: d3be2b87 ($277.42 in chips)
Seat 1: 4f6ed9ef ($172.99 in chips)
Seat 3: a6ee60a2 ($348.77 in chips)
Seat 4: Hero ($225.23 in chips)
Seat 7: 5cfa004e ($496.87 in chips)
d3be2b87: posts small blind $1
a6ee60a2: posts big blind $2
*** HOLE CARDS ***
Dealt to 362210c7 
Dealt to d3be2b87 
Dealt to 4f6ed9ef 
Dealt to a6ee60a2 
Dealt to Hero [6d Tc]
Dealt to 5cfa004e 
Hero: folds
362210c7: folds
5cfa004e: folds
4f6ed9ef: folds
d3be2b87: folds
*** SHOWDOWN ***
a6ee60a2 collected $3 from pot
*** SUMMARY ***
Total pot $3
Seat 5: 362210c7 folded before Flop (didn't bet)
Seat 2: d3be2b87(small blind) folded before Flop
Seat 1: 4f6ed9ef folded before Flop (didn't bet)
Seat 3: a6ee60a2(big blind)won ($3)
Seat 4: Hero folded before Flop (didn't bet)
Seat 7: 5cfa004e folded before Flop (didn't bet)



Poker Hand #ring_864333448: NLH No Limit ($1/$2) - 2025/05/07 23:30:34
Table 'MR NLH BOMBPOT 1/2' 7-max Seat #7 is the button
Seat 5: 362210c7 ($192.31 in chips)
Seat 2: d3be2b87 ($279.42 in chips)
Seat 1: 4f6ed9ef ($173.99 in chips)
Seat 3: a6ee60a2 ($348.77 in chips)
Seat 4: Hero ($186.69 in chips)
Seat 7: 5cfa004e ($496.87 in chips)
4f6ed9ef: posts small blind $1
d3be2b87: posts big blind $2
*** HOLE CARDS ***
Dealt to 362210c7 
Dealt to d3be2b87 
Dealt to 4f6ed9ef 
Dealt to a6ee60a2 
Dealt to Hero [Td Tc]
Dealt to 5cfa004e 
a6ee60a2: folds
Hero: raises $4 to $6
362210c7: raises $11.25 to $17.25
5cfa004e: folds
4f6ed9ef: folds
d3be2b87: folds
Hero: calls $11.25
*** FLOP *** [3c Jh Th]
Hero: checks
362210c7: bets $22.5
Hero: calls $22.5
*** TURN *** [3c Jh Th] [5c]
Hero: checks
362210c7: checks
*** RIVER *** [3c Jh Th 5c] [Js]
Hero: bets $64
362210c7: folds
Uncalled bet ($64) returned to Hero
*** SHOWDOWN ***
Hero collected $82.5 from pot
*** SUMMARY ***
Total pot $82.5
Board [3c Jh Th 5c Js]
Seat 5: 362210c7 folded on the River
Seat 2: d3be2b87(big blind) folded before Flop
Seat 1: 4f6ed9ef(small blind) folded before Flop
Seat 3: a6ee60a2 folded before Flop (didn't bet)
Seat 4: Herowon ($82.5) with Tens Full over Jacks
Seat 7: 5cfa004e folded before Flop (didn't bet)



Poker Hand #ring_864331744: NLH No Limit ($1/$2) - 2025/05/07 23:29:41
Table 'MR NLH BOMBPOT 1/2' 7-max Seat #5 is the button
Seat 5: 362210c7 ($178.58 in chips)
Seat 2: d3be2b87 ($279.42 in chips)
Seat 1: 4f6ed9ef ($188.57 in chips)
Seat 3: a6ee60a2 ($348.77 in chips)
Seat 4: Hero ($186.69 in chips)
Seat 7: 5cfa004e ($497.87 in chips)
5cfa004e: posts small blind $1
4f6ed9ef: posts big blind $2
*** HOLE CARDS ***
Dealt to 362210c7 
Dealt to d3be2b87 
Dealt to 4f6ed9ef 
Dealt to a6ee60a2 
Dealt to Hero [4c 3h]
Dealt to 5cfa004e 
d3be2b87: folds
a6ee60a2: folds
Hero: folds
362210c7: raises $4 to $6
5cfa004e: folds
4f6ed9ef: calls $4
*** FLOP *** [Qs 8s 4h]
4f6ed9ef: checks
362210c7: checks
*** TURN *** [Qs 8s 4h] [7h]
4f6ed9ef: bets $8.58
362210c7: calls $8.58
*** RIVER *** [Qs 8s 4h 7h] [9c]
4f6ed9ef: checks
362210c7: checks
4f6ed9ef: shows [4d Ad]
362210c7: shows [Jd 8h]
*** SHOWDOWN ***
362210c7 collected $30.16 from pot
*** SUMMARY ***
Total pot $30.16
Board [Qs 8s 4h 7h 9c]
Seat 5: 362210c7 showed [Jd 8h] and won ($30.16) with Pair of Eights
Seat 2: d3be2b87 folded before Flop (didn't bet)
Seat 1: 4f6ed9ef(big blind) showed [4d Ad] and lost with Pair of Fours
Seat 3: a6ee60a2 folded before Flop (didn't bet)
Seat 4: Hero folded before Flop (didn't bet)
Seat 7: 5cfa004e(small blind) folded before Flop



Poker Hand #ring_864330481: NLH No Limit ($1/$2) - 2025/05/07 23:29:03
Table 'MR NLH BOMBPOT 1/2' 7-max Seat #4 is the button
Seat 5: 362210c7 ($188.58 in chips)
Seat 2: d3be2b87 ($304.42 in chips)
Seat 1: 4f6ed9ef ($198.57 in chips)
Seat 3: a6ee60a2 ($358.77 in chips)
Seat 4: Hero ($196.69 in chips)
Seat 7: 5cfa004e ($437.42 in chips)
362210c7: posts the ante $10
5cfa004e: posts the ante $10
4f6ed9ef: posts the ante $10
d3be2b87: posts the ante $10
a6ee60a2: posts the ante $10
Hero: posts the ante $10
*** HOLE CARDS ***
Dealt to 362210c7 
Dealt to d3be2b87 
Dealt to 4f6ed9ef 
Dealt to a6ee60a2 
Dealt to Hero [8h 5c]
Dealt to 5cfa004e 
*** FLOP *** [8s Qs Qh]
362210c7: checks
5cfa004e: bets $15
4f6ed9ef: folds
d3be2b87: calls $15
a6ee60a2: folds
Hero: folds
362210c7: folds
*** TURN *** [8s Qs Qh] [Qd]
5cfa004e: bets $22.5
d3be2b87: folds
Uncalled bet ($22.5) returned to 5cfa004e
*** SHOWDOWN ***
5cfa004e collected $90 from pot
*** SUMMARY ***
Total pot $90
Board [8s Qs Qh Qd]
Seat 5: 362210c7(small blind) folded on the Flop
Seat 2: d3be2b87 folded on the Turn
Seat 1: 4f6ed9ef folded on the Flop
Seat 3: a6ee60a2 folded on the Flop
Seat 4: Hero folded on the Flop
Seat 7: 5cfa004e(big blind)won ($90) with Queens Full over Tens



Poker Hand #ring_864328247: NLH No Limit ($1/$2) - 2025/05/07 23:27:54
Table 'MR NLH BOMBPOT 1/2' 7-max Seat #3 is the button
Seat 5: 362210c7 ($194.58 in chips)
Seat 2: d3be2b87 ($310.42 in chips)
Seat 1: 4f6ed9ef ($198.57 in chips)
Seat 3: a6ee60a2 ($346.62 in chips)
Seat 4: Hero ($197.69 in chips)
Seat 7: 5cfa004e ($437.42 in chips)
Hero: posts small blind $1
362210c7: posts big blind $2
*** HOLE CARDS ***
Dealt to 362210c7 
Dealt to d3be2b87 
Dealt to 4f6ed9ef 
Dealt to a6ee60a2 
Dealt to Hero [Ad 6c]
Dealt to 5cfa004e 
5cfa004e: folds
4f6ed9ef: folds
d3be2b87: raises $4 to $6
a6ee60a2: calls $6
Hero: folds
362210c7: calls $4
*** FLOP *** [Qs 7h 4c]
362210c7: checks
d3be2b87: checks
a6ee60a2: checks
*** TURN *** [Qs 7h 4c] [9c]
362210c7: checks
d3be2b87: checks
a6ee60a2: checks
*** RIVER *** [Qs 7h 4c 9c] [5s]
362210c7: checks
d3be2b87: checks
a6ee60a2: checks
d3be2b87: shows [6s Kc]
a6ee60a2: shows [2c 2h]
362210c7: shows [Jh Ac]
*** SHOWDOWN ***
a6ee60a2 collected $19 from pot
*** SUMMARY ***
Total pot $19
Board [Qs 7h 4c 9c 5s]
Seat 5: 362210c7(big blind) showed [Jh Ac] and lost with Ace-High
Seat 2: d3be2b87 showed [6s Kc] and lost with King-High
Seat 1: 4f6ed9ef folded before Flop (didn't bet)
Seat 3: a6ee60a2 showed [2c 2h] and won ($19) with Pair of Twos
Seat 4: Hero(small blind) folded before Flop
Seat 7: 5cfa004e folded before Flop (didn't bet)



Poker Hand #ring_864326455: NLH No Limit ($1/$2) - 2025/05/07 23:26:59
Table 'MR NLH BOMBPOT 1/2' 7-max Seat #2 is the button
Seat 5: 362210c7 ($194.58 in chips)
Seat 2: d3be2b87 ($310.42 in chips)
Seat 1: 4f6ed9ef ($198.57 in chips)
Seat 3: a6ee60a2 ($351.62 in chips)
Seat 4: Hero ($202.69 in chips)
Seat 7: 5cfa004e ($428.09 in chips)
a6ee60a2: posts small blind $1
Hero: posts big blind $2
*** HOLE CARDS ***
Dealt to 362210c7 
Dealt to d3be2b87 
Dealt to 4f6ed9ef 
Dealt to a6ee60a2 
Dealt to Hero [Qd 3d]
Dealt to 5cfa004e 
362210c7: folds
5cfa004e: raises $3 to $5
4f6ed9ef: folds
d3be2b87: folds
a6ee60a2: calls $4
Hero: calls $3
*** FLOP *** [5s Kd 7s]
a6ee60a2: checks
Hero: checks
5cfa004e: bets $3.75
a6ee60a2: folds
Hero: folds
Uncalled bet ($3.75) returned to 5cfa004e
*** SHOWDOWN ***
5cfa004e collected $15 from pot
*** SUMMARY ***
Total pot $15
Board [5s Kd 7s]
Seat 5: 362210c7 folded before Flop (didn't bet)
Seat 2: d3be2b87 folded before Flop (didn't bet)
Seat 1: 4f6ed9ef folded before Flop (didn't bet)
Seat 3: a6ee60a2(small blind) folded on the Flop
Seat 4: Hero(big blind) folded on the Flop
Seat 7: 5cfa004ewon ($15) with Ace-High



Poker Hand #ring_864324994: NLH No Limit ($1/$2) - 2025/05/07 23:26:16
Table 'MR NLH BOMBPOT 1/2' 7-max Seat #1 is the button
Seat 5: 362210c7 ($194.58 in chips)
Seat 2: d3be2b87 ($323.42 in chips)
Seat 1: 4f6ed9ef ($185.33 in chips)
Seat 3: a6ee60a2 ($353.62 in chips)
Seat 4: Hero ($202.69 in chips)
Seat 7: 5cfa004e ($428.09 in chips)
d3be2b87: posts small blind $1
a6ee60a2: posts big blind $2
*** HOLE CARDS ***
Dealt to 362210c7 
Dealt to d3be2b87 
Dealt to 4f6ed9ef 
Dealt to a6ee60a2 
Dealt to Hero [8c 9s]
Dealt to 5cfa004e 
Hero: folds
362210c7: folds
5cfa004e: folds
4f6ed9ef: raises $4 to $6
d3be2b87: calls $5
a6ee60a2: folds
*** FLOP *** [5h 8d 2d]
d3be2b87: bets $7
4f6ed9ef: raises $172.33 to $179.33 and is all-in
d3be2b87: folds
Uncalled bet ($172.33) returned to 4f6ed9ef
*** SHOWDOWN ***
4f6ed9ef collected $28 from pot
*** SUMMARY ***
Total pot $28
Board [5h 8d 2d]
Seat 5: 362210c7 folded before Flop (didn't bet)
Seat 2: d3be2b87(small blind) folded on the Flop
Seat 1: 4f6ed9efwon ($28) with Pair of Aces
Seat 3: a6ee60a2(big blind) folded before Flop
Seat 4: Hero folded before Flop (didn't bet)
Seat 7: 5cfa004e folded before Flop (didn't bet)



Poker Hand #ring_864322707: NLH No Limit ($1/$2) - 2025/05/07 23:25:05
Table 'MR NLH BOMBPOT 1/2' 7-max Seat #7 is the button
Seat 5: 362210c7 ($194.58 in chips)
Seat 2: d3be2b87 ($328.42 in chips)
Seat 1: 4f6ed9ef ($186.33 in chips)
Seat 3: a6ee60a2 ($353.62 in chips)
Seat 4: Hero ($202.69 in chips)
Seat 7: 5cfa004e ($422.58 in chips)
4f6ed9ef: posts small blind $1
d3be2b87: posts big blind $2
*** HOLE CARDS ***
Dealt to 362210c7 
Dealt to d3be2b87 
Dealt to 4f6ed9ef 
Dealt to a6ee60a2 
Dealt to Hero [5h 3d]
Dealt to 5cfa004e 
a6ee60a2: folds
Hero: folds
362210c7: folds
5cfa004e: raises $3 to $5
4f6ed9ef: folds
d3be2b87: calls $3
*** FLOP *** [Ts 5s Tc]
d3be2b87: checks
5cfa004e: checks
*** TURN *** [Ts 5s Tc] [2d]
d3be2b87: checks
5cfa004e: checks
*** RIVER *** [Ts 5s Tc 2d] [2s]
d3be2b87: checks
5cfa004e: checks
d3be2b87: shows [4c 9c]
5cfa004e: shows [3c 3s]
*** SHOWDOWN ***
5cfa004e collected $11 from pot
*** SUMMARY ***
Total pot $11
Board [Ts 5s Tc 2d 2s]
Seat 5: 362210c7 folded before Flop (didn't bet)
Seat 2: d3be2b87(big blind) showed [4c 9c] and lost with Pair of Tens and Pair of Twos
Seat 1: 4f6ed9ef(small blind) folded before Flop
Seat 3: a6ee60a2 folded before Flop (didn't bet)
Seat 4: Hero folded before Flop (didn't bet)
Seat 7: 5cfa004e showed [3c 3s] and won ($11) with Pair of Tens and Pair of Treys



Poker Hand #ring_864320635: NLH No Limit ($1/$2) - 2025/05/07 23:24:02
Table 'MR NLH BOMBPOT 1/2' 7-max Seat #5 is the button
Seat 5: 362210c7 ($194.58 in chips)
Seat 2: d3be2b87 ($328.42 in chips)
Seat 1: 4f6ed9ef ($250.37 in chips)
Seat 3: a6ee60a2 ($359.62 in chips)
Seat 4: Hero ($138.22 in chips)
Seat 7: 5cfa004e ($423.58 in chips)
5cfa004e: posts small blind $1
4f6ed9ef: posts big blind $2
*** HOLE CARDS ***
Dealt to 362210c7 
Dealt to d3be2b87 
Dealt to 4f6ed9ef 
Dealt to a6ee60a2 
Dealt to Hero [Td 9d]
Dealt to 5cfa004e 
d3be2b87: folds
a6ee60a2: raises $4 to $6
Hero: calls $6
362210c7: folds
5cfa004e: folds
4f6ed9ef: calls $4
*** FLOP *** [3d Qc 4d]
4f6ed9ef: checks
a6ee60a2: checks
Hero: bets $9.5
4f6ed9ef: raises $12.54 to $22.04
a6ee60a2: folds
Hero: calls $12.54
*** TURN *** [3d Qc 4d] [6s]
4f6ed9ef: checks
Hero: checks
*** RIVER *** [3d Qc 4d 6s] [Qd]
4f6ed9ef: checks
Hero: bets $36
4f6ed9ef: calls $36
4f6ed9ef: shows [2s Qs]
Hero: shows [Td 9d]
*** SHOWDOWN ***
Hero collected $135.08 from pot
*** SUMMARY ***
Total pot $135.08
Board [3d Qc 4d 6s Qd]
Seat 5: 362210c7 folded before Flop (didn't bet)
Seat 2: d3be2b87 folded before Flop (didn't bet)
Seat 1: 4f6ed9ef(big blind) showed [2s Qs] and lost with Three Queens
Seat 3: a6ee60a2 folded on the Flop
Seat 4: Hero showed [Td 9d] and won ($135.08) with Queen High Flush
Seat 7: 5cfa004e(small blind) folded before Flop



Poker Hand #ring_864319369: NLH No Limit ($1/$2) - 2025/05/07 23:23:24
Table 'MR NLH BOMBPOT 1/2' 7-max Seat #4 is the button
Seat 5: 362210c7 ($195.58 in chips)
Seat 2: d3be2b87 ($328.42 in chips)
Seat 1: 4f6ed9ef ($252.37 in chips)
Seat 3: a6ee60a2 ($359.62 in chips)
Seat 4: Hero ($133.22 in chips)
Seat 7: 5cfa004e ($425.58 in chips)
362210c7: posts small blind $1
5cfa004e: posts big blind $2
*** HOLE CARDS ***
Dealt to 362210c7 
Dealt to d3be2b87 
Dealt to 4f6ed9ef 
Dealt to a6ee60a2 
Dealt to Hero [Kd Ah]
Dealt to 5cfa004e 
4f6ed9ef: calls $2
d3be2b87: folds
a6ee60a2: folds
Hero: raises $8 to $10
362210c7: folds
5cfa004e: folds
4f6ed9ef: folds
Uncalled bet ($8) returned to Hero
*** SHOWDOWN ***
Hero collected $7 from pot
*** SUMMARY ***
Total pot $7
Seat 5: 362210c7(small blind) folded before Flop
Seat 2: d3be2b87 folded before Flop (didn't bet)
Seat 1: 4f6ed9ef folded before Flop
Seat 3: a6ee60a2 folded before Flop (didn't bet)
Seat 4: Herowon ($7)
Seat 7: 5cfa004e(big blind) folded before Flop



Poker Hand #ring_864316701: NLH No Limit ($1/$2) - 2025/05/07 23:22:02
Table 'MR NLH BOMBPOT 1/2' 7-max Seat #3 is the button
Seat 5: 362210c7 ($197.58 in chips)
Seat 2: d3be2b87 ($328.42 in chips)
Seat 1: 4f6ed9ef ($252.37 in chips)
Seat 3: a6ee60a2 ($333.64 in chips)
Seat 4: Hero ($160.22 in chips)
Seat 7: 5cfa004e ($425.58 in chips)
Hero: posts small blind $1
362210c7: posts big blind $2
*** HOLE CARDS ***
Dealt to 362210c7 
Dealt to d3be2b87 
Dealt to 4f6ed9ef 
Dealt to a6ee60a2 
Dealt to Hero [Jc Qs]
Dealt to 5cfa004e 
5cfa004e: folds
4f6ed9ef: folds
d3be2b87: folds
a6ee60a2: raises $4 to $6
Hero: calls $5
362210c7: folds
*** FLOP *** [2h Ks 7c]
Hero: bets $7
a6ee60a2: calls $7
*** TURN *** [2h Ks 7c] [6s]
Hero: bets $14
a6ee60a2: calls $14
*** RIVER *** [2h Ks 7c 6s] [5d]
Hero: checks
a6ee60a2: checks
a6ee60a2: shows [4d Kd]
Hero: shows [Jc Qs]
*** SHOWDOWN ***
a6ee60a2 collected $56 from pot
*** SUMMARY ***
Total pot $56
Board [2h Ks 7c 6s 5d]
Seat 5: 362210c7(big blind) folded before Flop
Seat 2: d3be2b87 folded before Flop (didn't bet)
Seat 1: 4f6ed9ef folded before Flop (didn't bet)
Seat 3: a6ee60a2 showed [4d Kd] and won ($56) with Pair of Kings
Seat 4: Hero(small blind) showed [Jc Qs] and lost with King-High
Seat 7: 5cfa004e folded before Flop (didn't bet)



Poker Hand #ring_864314972: NLH No Limit ($1/$2) - 2025/05/07 23:21:09
Table 'MR NLH BOMBPOT 1/2' 7-max Seat #2 is the button
Seat 5: 362210c7 ($197.58 in chips)
Seat 2: d3be2b87 ($328.42 in chips)
Seat 1: 4f6ed9ef ($252.37 in chips)
Seat 3: a6ee60a2 ($330 in chips)
Seat 4: Hero ($164.22 in chips)
Seat 7: 5cfa004e ($425.58 in chips)
a6ee60a2: posts small blind $1
Hero: posts big blind $2
*** HOLE CARDS ***
Dealt to 362210c7 
Dealt to d3be2b87 
Dealt to 4f6ed9ef 
Dealt to a6ee60a2 
Dealt to Hero [3c Ks]
Dealt to 5cfa004e 
362210c7: folds
5cfa004e: folds
4f6ed9ef: folds
d3be2b87: folds
a6ee60a2: calls $1
Hero: checks
*** FLOP *** [3h Tc 7c]
a6ee60a2: checks
Hero: checks
*** TURN *** [3h Tc 7c] [Ac]
a6ee60a2: bets $2
Hero: calls $2
*** RIVER *** [3h Tc 7c Ac] [Js]
a6ee60a2: bets $8
Hero: folds
Uncalled bet ($8) returned to a6ee60a2
*** SHOWDOWN ***
a6ee60a2 collected $8 from pot
*** SUMMARY ***
Total pot $8
Board [3h Tc 7c Ac Js]
Seat 5: 362210c7 folded before Flop (didn't bet)
Seat 2: d3be2b87 folded before Flop (didn't bet)
Seat 1: 4f6ed9ef folded before Flop (didn't bet)
Seat 3: a6ee60a2(small blind)won ($8) with Ace High Flush
Seat 4: Hero(big blind) folded on the River
Seat 7: 5cfa004e folded before Flop (didn't bet)



Poker Hand #ring_864313034: NLH No Limit ($1/$2) - 2025/05/07 23:20:10
Table 'MR NLH BOMBPOT 1/2' 7-max Seat #1 is the button
Seat 5: 362210c7 ($240.33 in chips)
Seat 2: d3be2b87 ($282.37 in chips)
Seat 1: 4f6ed9ef ($252.37 in chips)
Seat 3: a6ee60a2 ($332 in chips)
Seat 4: Hero ($170.22 in chips)
Seat 7: 5cfa004e ($425.58 in chips)
d3be2b87: posts small blind $1
a6ee60a2: posts big blind $2
*** HOLE CARDS ***
Dealt to 362210c7 
Dealt to d3be2b87 
Dealt to 4f6ed9ef 
Dealt to a6ee60a2 
Dealt to Hero [Qd Kh]
Dealt to 5cfa004e 
Hero: raises $4 to $6
362210c7: raises $11.25 to $17.25
5cfa004e: folds
4f6ed9ef: folds
d3be2b87: calls $16.25
a6ee60a2: folds
Hero: folds
*** FLOP *** [Qc Jd Td]
d3be2b87: checks
362210c7: bets $25.5
d3be2b87: raises $93.5 to $119
362210c7: folds
Uncalled bet ($93.5) returned to d3be2b87
*** SHOWDOWN ***
d3be2b87 collected $93.5 from pot
*** SUMMARY ***
Total pot $93.5
Board [Qc Jd Td]
Seat 5: 362210c7 folded on the Flop
Seat 2: d3be2b87(small blind)won ($93.5) with Queen-High
Seat 1: 4f6ed9ef folded before Flop (didn't bet)
Seat 3: a6ee60a2(big blind) folded before Flop
Seat 4: Hero folded before Flop
Seat 7: 5cfa004e folded before Flop (didn't bet)



Poker Hand #ring_864311215: NLH No Limit ($1/$2) - 2025/05/07 23:19:15
Table 'MR NLH BOMBPOT 1/2' 7-max Seat #7 is the button
Seat 5: 362210c7 ($193.53 in chips)
Seat 2: d3be2b87 ($292.37 in chips)
Seat 1: 4f6ed9ef ($262.37 in chips)
Seat 3: a6ee60a2 ($342 in chips)
Seat 4: Hero ($180.22 in chips)
Seat 7: 5cfa004e ($435.58 in chips)
4f6ed9ef: posts the ante $10
d3be2b87: posts the ante $10
a6ee60a2: posts the ante $10
Hero: posts the ante $10
362210c7: posts the ante $10
5cfa004e: posts the ante $10
*** HOLE CARDS ***
Dealt to 362210c7 
Dealt to d3be2b87 
Dealt to 4f6ed9ef 
Dealt to a6ee60a2 
Dealt to Hero [6d 8s]
Dealt to 5cfa004e 
*** FLOP *** [Ah 6h 9h]
4f6ed9ef: checks
d3be2b87: checks
a6ee60a2: checks
Hero: checks
362210c7: bets $36
5cfa004e: folds
4f6ed9ef: folds
d3be2b87: folds
a6ee60a2: folds
Hero: folds
Uncalled bet ($36) returned to 362210c7
*** SHOWDOWN ***
362210c7 collected $60 from pot
*** SUMMARY ***
Total pot $60
Board [Ah 6h 9h]
Seat 5: 362210c7won ($60) with Three Aces
Seat 2: d3be2b87(big blind) folded on the Flop
Seat 1: 4f6ed9ef(small blind) folded on the Flop
Seat 3: a6ee60a2 folded on the Flop
Seat 4: Hero folded on the Flop
Seat 7: 5cfa004e folded on the Flop



Poker Hand #ring_864307644: NLH No Limit ($1/$2) - 2025/05/07 23:17:27
Table 'MR NLH BOMBPOT 1/2' 7-max Seat #5 is the button
Seat 5: 362210c7 ($193.53 in chips)
Seat 2: d3be2b87 ($294.37 in chips)
Seat 1: 4f6ed9ef ($264.37 in chips)
Seat 3: a6ee60a2 ($349 in chips)
Seat 4: Hero ($207.22 in chips)
Seat 7: 5cfa004e ($401 in chips)
5cfa004e: posts small blind $1
4f6ed9ef: posts big blind $2
*** HOLE CARDS ***
Dealt to 362210c7 
Dealt to d3be2b87 
Dealt to 4f6ed9ef 
Dealt to a6ee60a2 
Dealt to Hero [2d Td]
Dealt to 5cfa004e 
d3be2b87: calls $2
a6ee60a2: calls $2
Hero: calls $2
362210c7: folds
5cfa004e: calls $1
4f6ed9ef: checks
*** FLOP *** [7c Qd 7d]
5cfa004e: checks
4f6ed9ef: checks
d3be2b87: checks
a6ee60a2: checks
Hero: bets $5
5cfa004e: calls $5
4f6ed9ef: folds
d3be2b87: folds
a6ee60a2: calls $5
*** TURN *** [7c Qd 7d] [2s]
5cfa004e: checks
a6ee60a2: checks
Hero: checks
*** RIVER *** [7c Qd 7d 2s] [5d]
5cfa004e: bets $20
a6ee60a2: folds
Hero: calls $20
Hero: shows [2d Td]
5cfa004e: shows [8d Jd]
*** SHOWDOWN ***
5cfa004e collected $65 from pot
*** SUMMARY ***
Total pot $65
Board [7c Qd 7d 2s 5d]
Seat 5: 362210c7 folded before Flop (didn't bet)
Seat 2: d3be2b87 folded on the Flop
Seat 1: 4f6ed9ef(big blind) folded on the Flop
Seat 3: a6ee60a2 folded on the River
Seat 4: Hero showed [2d Td] and lost with Queen High Flush
Seat 7: 5cfa004e(small blind) showed [8d Jd] and won ($65) with Queen High Flush



Poker Hand #ring_864307002: NLH No Limit ($1/$2) - 2025/05/07 23:17:06
Table 'MR NLH BOMBPOT 1/2' 7-max Seat #4 is the button
Seat 5: 362210c7 ($194.53 in chips)
Seat 2: d3be2b87 ($294.37 in chips)
Seat 1: 4f6ed9ef ($264.37 in chips)
Seat 3: a6ee60a2 ($349 in chips)
Seat 4: Hero ($207.22 in chips)
Seat 7: 5cfa004e ($400 in chips)
362210c7: posts small blind $1
5cfa004e: posts big blind $2
*** HOLE CARDS ***
Dealt to 362210c7 
Dealt to d3be2b87 
Dealt to 4f6ed9ef 
Dealt to a6ee60a2 
Dealt to Hero [4c Qd]
Dealt to 5cfa004e 
4f6ed9ef: folds
d3be2b87: folds
a6ee60a2: folds
Hero: folds
362210c7: folds
*** SHOWDOWN ***
5cfa004e collected $3 from pot
*** SUMMARY ***
Total pot $3
Seat 5: 362210c7(small blind) folded before Flop
Seat 2: d3be2b87 folded before Flop (didn't bet)
Seat 1: 4f6ed9ef folded before Flop (didn't bet)
Seat 3: a6ee60a2 folded before Flop (didn't bet)
Seat 4: Hero folded before Flop (didn't bet)
Seat 7: 5cfa004e(big blind)won ($3)



Poker Hand #ring_864306286: NLH No Limit ($1/$2) - 2025/05/07 23:16:45
Table 'MR NLH BOMBPOT 1/2' 7-max Seat #3 is the button
Seat 5: 362210c7 ($196.53 in chips)
Seat 2: d3be2b87 ($294.37 in chips)
Seat 1: 4f6ed9ef ($264.37 in chips)
Seat 3: a6ee60a2 ($346 in chips)
Seat 4: Hero ($208.22 in chips)
Hero: posts small blind $1
362210c7: posts big blind $2
*** HOLE CARDS ***
Dealt to 362210c7 
Dealt to d3be2b87 
Dealt to 4f6ed9ef 
Dealt to a6ee60a2 
Dealt to Hero [4d Tc]
4f6ed9ef: folds
d3be2b87: folds
a6ee60a2: raises $4 to $6
Hero: folds
362210c7: folds
Uncalled bet ($4) returned to a6ee60a2
*** SHOWDOWN ***
a6ee60a2 collected $5 from pot
*** SUMMARY ***
Total pot $5
Seat 5: 362210c7(big blind) folded before Flop
Seat 2: d3be2b87 folded before Flop (didn't bet)
Seat 1: 4f6ed9ef folded before Flop (didn't bet)
Seat 3: a6ee60a2won ($5)
Seat 4: Hero(small blind) folded before Flop



Poker Hand #ring_864304635: NLH No Limit ($1/$2) - 2025/05/07 23:15:55
Table 'MR NLH BOMBPOT 1/2' 7-max Seat #2 is the button
Seat 5: 362210c7 ($196.53 in chips)
Seat 2: d3be2b87 ($279.58 in chips)
Seat 1: 4f6ed9ef ($264.37 in chips)
Seat 3: a6ee60a2 ($347 in chips)
Seat 4: Hero ($223.97 in chips)
a6ee60a2: posts small blind $1
Hero: posts big blind $2
*** HOLE CARDS ***
Dealt to 362210c7 
Dealt to d3be2b87 
Dealt to 4f6ed9ef 
Dealt to a6ee60a2 
Dealt to Hero [5c Ah]
362210c7: folds
4f6ed9ef: folds
d3be2b87: raises $4 to $6
a6ee60a2: folds
Hero: calls $4
*** FLOP *** [Qh 7s 3s]
Hero: checks
d3be2b87: checks
*** TURN *** [Qh 7s 3s] [Qc]
Hero: checks
d3be2b87: checks
*** RIVER *** [Qh 7s 3s Qc] [7h]
Hero: checks
d3be2b87: bets $9.75
Hero: calls $9.75
d3be2b87: shows [Jh Qd]
Hero: shows [5c Ah]
*** SHOWDOWN ***
d3be2b87 collected $32.5 from pot
*** SUMMARY ***
Total pot $32.5
Board [Qh 7s 3s Qc 7h]
Seat 5: 362210c7 folded before Flop (didn't bet)
Seat 2: d3be2b87 showed [Jh Qd] and won ($32.5) with Queens Full over Sevens
Seat 1: 4f6ed9ef folded before Flop (didn't bet)
Seat 3: a6ee60a2(small blind) folded before Flop
Seat 4: Hero(big blind) showed [5c Ah] and lost with Pair of Queens and Pair of Sevens



Poker Hand #ring_864302540: NLH No Limit ($1/$2) - 2025/05/07 23:14:49
Table 'MR NLH BOMBPOT 1/2' 7-max Seat #1 is the button
Seat 5: 362210c7 ($196.53 in chips)
Seat 2: d3be2b87 ($299.58 in chips)
Seat 1: 4f6ed9ef ($264.37 in chips)
Seat 3: a6ee60a2 ($349 in chips)
Seat 4: Hero ($204.36 in chips)
d3be2b87: posts small blind $1
a6ee60a2: posts big blind $2
*** HOLE CARDS ***
Dealt to 362210c7 
Dealt to d3be2b87 
Dealt to 4f6ed9ef 
Dealt to a6ee60a2 
Dealt to Hero [Kd Kh]
Hero: raises $4 to $6
362210c7: folds
4f6ed9ef: folds
d3be2b87: calls $5
a6ee60a2: folds
*** FLOP *** [7c Qh 4c]
d3be2b87: checks
Hero: bets $7
d3be2b87: raises $7 to $14
Hero: raises $30 to $44
d3be2b87: folds
Uncalled bet ($30) returned to Hero
*** SHOWDOWN ***
Hero collected $42 from pot
*** SUMMARY ***
Total pot $42
Board [7c Qh 4c]
Seat 5: 362210c7 folded before Flop (didn't bet)
Seat 2: d3be2b87(small blind) folded on the Flop
Seat 1: 4f6ed9ef folded before Flop (didn't bet)
Seat 3: a6ee60a2(big blind) folded before Flop
Seat 4: Herowon ($42) with Pair of Kings



Poker Hand #ring_864300187: NLH No Limit ($1/$2) - 2025/05/07 23:13:37
Table 'MR NLH BOMBPOT 1/2' 7-max Seat #5 is the button
Seat 5: 362210c7 ($196.53 in chips)
Seat 2: d3be2b87 ($270 in chips)
Seat 1: 4f6ed9ef ($265.37 in chips)
Seat 3: a6ee60a2 ($381 in chips)
Seat 4: Hero ($204.36 in chips)
4f6ed9ef: posts small blind $1
d3be2b87: posts big blind $2
*** HOLE CARDS ***
Dealt to 362210c7 
Dealt to d3be2b87 
Dealt to 4f6ed9ef 
Dealt to a6ee60a2 
Dealt to Hero [9s Jh]
a6ee60a2: raises $4 to $6
Hero: folds
362210c7: folds
4f6ed9ef: folds
d3be2b87: calls $4
*** FLOP *** [8c 4c Ac]
d3be2b87: checks
a6ee60a2: checks
*** TURN *** [8c 4c Ac] [4d]
d3be2b87: checks
a6ee60a2: bets $9.75
d3be2b87: calls $9.75
*** RIVER *** [8c 4c Ac 4d] [Tc]
d3be2b87: checks
a6ee60a2: bets $16.25
d3be2b87: raises $21.45 to $37.7
a6ee60a2: folds
Uncalled bet ($21.45) returned to d3be2b87
*** SHOWDOWN ***
d3be2b87 collected $65 from pot
*** SUMMARY ***
Total pot $65
Board [8c 4c Ac 4d Tc]
Seat 5: 362210c7 folded before Flop (didn't bet)
Seat 2: d3be2b87(big blind)won ($65) with Ace High Flush
Seat 1: 4f6ed9ef(small blind) folded before Flop
Seat 3: a6ee60a2 folded on the River
Seat 4: Hero folded before Flop (didn't bet)



Poker Hand #ring_864298871: NLH No Limit ($1/$2) - 2025/05/07 23:12:57
Table 'MR NLH BOMBPOT 1/2' 7-max Seat #4 is the button
Seat 5: 362210c7 ($177.83 in chips)
Seat 2: d3be2b87 ($270 in chips)
Seat 1: 4f6ed9ef ($267.37 in chips)
Seat 3: a6ee60a2 ($400 in chips)
Seat 4: Hero ($204.36 in chips)
362210c7: posts small blind $1
4f6ed9ef: posts big blind $2
a6ee60a2: posts big blind $2
*** HOLE CARDS ***
Dealt to 362210c7 
Dealt to d3be2b87 
Dealt to 4f6ed9ef 
Dealt to a6ee60a2 
Dealt to Hero [Jc 5d]
d3be2b87: folds
a6ee60a2: raises $5 to $7
Hero: folds
362210c7: raises $12 to $19
4f6ed9ef: folds
a6ee60a2: calls $12
*** FLOP *** [3s 9d 8d]
362210c7: bets $24
a6ee60a2: folds
Uncalled bet ($24) returned to 362210c7
*** SHOWDOWN ***
362210c7 collected $40 from pot
*** SUMMARY ***
Total pot $40
Board [3s 9d 8d]
Seat 5: 362210c7(small blind)won ($40) with Ace-High
Seat 2: d3be2b87 folded before Flop (didn't bet)
Seat 1: 4f6ed9ef(big blind) folded before Flop
Seat 3: a6ee60a2 folded on the Flop
Seat 4: Hero folded before Flop (didn't bet)



Poker Hand #ring_864297112: NLH No Limit ($1/$2) - 2025/05/07 23:12:00
Table 'MR NLH BOMBPOT 1/2' 7-max Seat #2 is the button
Seat 5: 362210c7 ($183.83 in chips)
Seat 2: d3be2b87 ($270 in chips)
Seat 1: 4f6ed9ef ($245.86 in chips)
Seat 4: Hero ($222.24 in chips)
Hero: posts small blind $1
362210c7: posts big blind $2
*** HOLE CARDS ***
Dealt to 362210c7 
Dealt to d3be2b87 
Dealt to 4f6ed9ef 
Dealt to Hero [5d 4c]
4f6ed9ef: raises $4 to $6
d3be2b87: folds
Hero: calls $5
362210c7: calls $4
*** FLOP *** [Qc 5h Js]
Hero: checks
362210c7: checks
4f6ed9ef: bets $11.88
Hero: calls $11.88
362210c7: folds
*** TURN *** [Qc 5h Js] [2c]
Hero: checks
4f6ed9ef: bets $27.57
Hero: folds
Uncalled bet ($27.57) returned to 4f6ed9ef
*** SHOWDOWN ***
4f6ed9ef collected $41.76 from pot
*** SUMMARY ***
Total pot $41.76
Board [Qc 5h Js 2c]
Seat 5: 362210c7(big blind) folded on the Flop
Seat 2: d3be2b87 folded before Flop (didn't bet)
Seat 1: 4f6ed9efwon ($41.76) with Pair of Queens
Seat 4: Hero(small blind) folded on the Turn



Poker Hand #ring_864296009: NLH No Limit ($1/$2) - 2025/05/07 23:11:26
Table 'MR NLH BOMBPOT 1/2' 7-max Seat #1 is the button
Seat 5: 362210c7 ($216.71 in chips)
Seat 2: d3be2b87 ($238.66 in chips)
Seat 1: 4f6ed9ef ($245.86 in chips)
Seat 4: Hero ($224.24 in chips)
d3be2b87: posts small blind $1
Hero: posts big blind $2
*** HOLE CARDS ***
Dealt to 362210c7 
Dealt to d3be2b87 
Dealt to 4f6ed9ef 
Dealt to Hero [2d 3s]
362210c7: raises $4 to $6
4f6ed9ef: folds
d3be2b87: calls $5
Hero: folds
*** FLOP *** [8d Qh 7c]
d3be2b87: checks
362210c7: bets $8.4
d3be2b87: calls $8.4
*** TURN *** [8d Qh 7c] [9d]
d3be2b87: checks
362210c7: checks
*** RIVER *** [8d Qh 7c 9d] [4s]
d3be2b87: checks
362210c7: bets $18.48
d3be2b87: calls $18.48
d3be2b87: shows [Ts Tc]
362210c7: shows [9c Ad]
*** SHOWDOWN ***
d3be2b87 collected $67.76 from pot
*** SUMMARY ***
Total pot $67.76
Board [8d Qh 7c 9d 4s]
Seat 5: 362210c7 showed [9c Ad] and lost with Pair of Nines
Seat 2: d3be2b87(small blind) showed [Ts Tc] and won ($67.76) with Pair of Tens
Seat 1: 4f6ed9ef folded before Flop (didn't bet)
Seat 4: Hero(big blind) folded before Flop



Poker Hand #ring_864295188: NLH No Limit ($1/$2) - 2025/05/07 23:11:00
Table 'MR NLH BOMBPOT 1/2' 7-max Seat #5 is the button
Seat 5: 362210c7 ($189.01 in chips)
Seat 2: d3be2b87 ($248.66 in chips)
Seat 1: 4f6ed9ef ($255.86 in chips)
Seat 4: Hero ($234.24 in chips)
4f6ed9ef: posts the ante $10
d3be2b87: posts the ante $10
Hero: posts the ante $10
362210c7: posts the ante $10
*** HOLE CARDS ***
Dealt to 362210c7 
Dealt to d3be2b87 
Dealt to 4f6ed9ef 
Dealt to Hero [3c 6d]
*** FLOP *** [As Kc 4s]
4f6ed9ef: checks
d3be2b87: checks
Hero: checks
362210c7: bets $24
4f6ed9ef: folds
d3be2b87: folds
Hero: folds
Uncalled bet ($24) returned to 362210c7
*** SHOWDOWN ***
362210c7 collected $40 from pot
*** SUMMARY ***
Total pot $40
Board [As Kc 4s]
Seat 5: 362210c7won ($40) with Pair of Aces and Pair of Kings
Seat 2: d3be2b87(big blind) folded on the Flop
Seat 1: 4f6ed9ef(small blind) folded on the Flop
Seat 4: Hero folded on the Flop



Poker Hand #ring_864293690: NLH No Limit ($1/$2) - 2025/05/07 23:10:14
Table 'MR NLH BOMBPOT 1/2' 7-max Seat #4 is the button
Seat 5: 362210c7 ($190.01 in chips)
Seat 2: d3be2b87 ($233.87 in chips)
Seat 1: 4f6ed9ef ($271.61 in chips)
Seat 4: Hero ($234.24 in chips)
362210c7: posts small blind $1
4f6ed9ef: posts big blind $2
*** HOLE CARDS ***
Dealt to 362210c7 
Dealt to d3be2b87 
Dealt to 4f6ed9ef 
Dealt to Hero [Ad 8h]
d3be2b87: raises $4 to $6
Hero: folds
362210c7: folds
4f6ed9ef: calls $4
*** FLOP *** [6h Qc 2s]
4f6ed9ef: checks
d3be2b87: bets $9.75
4f6ed9ef: calls $9.75
*** TURN *** [6h Qc 2s] [Ac]
4f6ed9ef: checks
d3be2b87: checks
*** RIVER *** [6h Qc 2s Ac] [Jd]
4f6ed9ef: checks
d3be2b87: checks
4f6ed9ef: shows [Kc 2c]
d3be2b87: shows [Th Js]
*** SHOWDOWN ***
d3be2b87 collected $32.5 from pot
*** SUMMARY ***
Total pot $32.5
Board [6h Qc 2s Ac Jd]
Seat 5: 362210c7(small blind) folded before Flop
Seat 2: d3be2b87 showed [Th Js] and won ($32.5) with Pair of Jacks
Seat 1: 4f6ed9ef(big blind) showed [Kc 2c] and lost with Pair of Twos
Seat 4: Hero folded before Flop (didn't bet)



Poker Hand #ring_864292604: NLH No Limit ($1/$2) - 2025/05/07 23:09:39
Table 'MR NLH BOMBPOT 1/2' 7-max Seat #2 is the button
Seat 5: 362210c7 ($186 in chips)
Seat 2: d3be2b87 ($233.87 in chips)
Seat 1: 4f6ed9ef ($271.61 in chips)
Seat 4: Hero ($238.64 in chips)
Hero: posts small blind $1
362210c7: posts big blind $2
*** HOLE CARDS ***
Dealt to 362210c7 
Dealt to d3be2b87 
Dealt to 4f6ed9ef 
Dealt to Hero [3s 6c]
4f6ed9ef: folds
d3be2b87: folds
Hero: calls $1
362210c7: checks
*** FLOP *** [Js 5d 3h]
Hero: checks
362210c7: bets $2.4
Hero: calls $2.4
*** TURN *** [Js 5d 3h] [Kh]
Hero: checks
362210c7: checks
*** RIVER *** [Js 5d 3h Kh] [2s]
Hero: checks
362210c7: checks
Hero: shows [3s 6c]
362210c7: shows [4s 5s]
*** SHOWDOWN ***
362210c7 collected $8.8 from pot
*** SUMMARY ***
Total pot $8.8
Board [Js 5d 3h Kh 2s]
Seat 5: 362210c7(big blind) showed [4s 5s] and won ($8.8) with Pair of Fives
Seat 2: d3be2b87 folded before Flop (didn't bet)
Seat 1: 4f6ed9ef folded before Flop (didn't bet)
Seat 4: Hero(small blind) showed [3s 6c] and lost with Pair of Treys



Poker Hand #ring_864291996: NLH No Limit ($1/$2) - 2025/05/07 23:09:20
Table 'MR NLH BOMBPOT 1/2' 7-max Seat #1 is the button
Seat 5: 362210c7 ($186 in chips)
Seat 2: d3be2b87 ($234.87 in chips)
Seat 1: 4f6ed9ef ($271.61 in chips)
Seat 4: Hero ($237.64 in chips)
d3be2b87: posts small blind $1
Hero: posts big blind $2
*** HOLE CARDS ***
Dealt to 362210c7 
Dealt to d3be2b87 
Dealt to 4f6ed9ef 
Dealt to Hero [Kd Qs]
362210c7: folds
4f6ed9ef: folds
d3be2b87: folds
*** SHOWDOWN ***
Hero collected $3 from pot
*** SUMMARY ***
Total pot $3
Seat 5: 362210c7 folded before Flop (didn't bet)
Seat 2: d3be2b87(small blind) folded before Flop
Seat 1: 4f6ed9ef folded before Flop (didn't bet)
Seat 4: Hero(big blind)won ($3)



Poker Hand #ring_864290978: NLH No Limit ($1/$2) - 2025/05/07 23:08:48
Table 'MR NLH BOMBPOT 1/2' 7-max Seat #5 is the button
Seat 5: 362210c7 ($186 in chips)
Seat 2: d3be2b87 ($233.05 in chips)
Seat 1: 4f6ed9ef ($273.61 in chips)
Seat 4: Hero ($237.64 in chips)
4f6ed9ef: posts small blind $1
d3be2b87: posts big blind $2
*** HOLE CARDS ***
Dealt to 362210c7 
Dealt to d3be2b87 
Dealt to 4f6ed9ef 
Dealt to Hero [4c 8d]
Hero: folds
362210c7: folds
4f6ed9ef: calls $1
d3be2b87: checks
*** FLOP *** [Ks 8s 5c]
4f6ed9ef: checks
d3be2b87: checks
*** TURN *** [Ks 8s 5c] [Js]
4f6ed9ef: checks
d3be2b87: checks
*** RIVER *** [Ks 8s 5c Js] [9c]
4f6ed9ef: checks
d3be2b87: checks
4f6ed9ef: shows [4h 6d]
d3be2b87: shows [Ah 6s]
*** SHOWDOWN ***
d3be2b87 collected $4 from pot
*** SUMMARY ***
Total pot $4
Board [Ks 8s 5c Js 9c]
Seat 5: 362210c7 folded before Flop (didn't bet)
Seat 2: d3be2b87(big blind) showed [Ah 6s] and won ($4) with Ace-High
Seat 1: 4f6ed9ef(small blind) showed [4h 6d] and lost with King-High
Seat 4: Hero folded before Flop (didn't bet)



Poker Hand #ring_864288959: NLH No Limit ($1/$2) - 2025/05/07 23:07:45
Table 'MR NLH BOMBPOT 1/2' 7-max Seat #4 is the button
Seat 5: 362210c7 ($187 in chips)
Seat 2: d3be2b87 ($208.84 in chips)
Seat 1: 4f6ed9ef ($275.61 in chips)
Seat 4: Hero ($261.64 in chips)
362210c7: posts small blind $1
4f6ed9ef: posts big blind $2
*** HOLE CARDS ***
Dealt to 362210c7 
Dealt to d3be2b87 
Dealt to 4f6ed9ef 
Dealt to Hero [Qs As]
d3be2b87: raises $4 to $6
Hero: raises $18 to $24
362210c7: folds
4f6ed9ef: folds
d3be2b87: calls $18
*** FLOP *** [7d 5c 9d]
d3be2b87: checks
Hero: checks
*** TURN *** [7d 5c 9d] [4d]
d3be2b87: checks
Hero: checks
*** RIVER *** [7d 5c 9d 4d] [7c]
d3be2b87: bets $51
Hero: folds
Uncalled bet ($51) returned to d3be2b87
*** SHOWDOWN ***
d3be2b87 collected $51 from pot
*** SUMMARY ***
Total pot $51
Board [7d 5c 9d 4d 7c]
Seat 5: 362210c7(small blind) folded before Flop
Seat 2: d3be2b87won ($51) with King High Flush
Seat 1: 4f6ed9ef(big blind) folded before Flop
Seat 4: Hero folded on the River



Poker Hand #ring_864288221: NLH No Limit ($1/$2) - 2025/05/07 23:07:22
Table 'MR NLH BOMBPOT 1/2' 7-max Seat #2 is the button
Seat 5: 362210c7 ($189 in chips)
Seat 2: d3be2b87 ($208.84 in chips)
Seat 1: 4f6ed9ef ($280.61 in chips)
Seat 4: Hero ($254.64 in chips)
Hero: posts small blind $1
362210c7: posts big blind $2
*** HOLE CARDS ***
Dealt to 362210c7 
Dealt to d3be2b87 
Dealt to 4f6ed9ef 
Dealt to Hero [Ah Ks]
4f6ed9ef: raises $3 to $5
d3be2b87: folds
Hero: raises $17 to $22
362210c7: folds
4f6ed9ef: folds
Uncalled bet ($17) returned to Hero
*** SHOWDOWN ***
Hero collected $12 from pot
*** SUMMARY ***
Total pot $12
Seat 5: 362210c7(big blind) folded before Flop
Seat 2: d3be2b87 folded before Flop (didn't bet)
Seat 1: 4f6ed9ef folded before Flop
Seat 4: Hero(small blind)won ($12)



Poker Hand #ring_864286669: NLH No Limit ($1/$2) - 2025/05/07 23:06:34
Table 'MR NLH BOMBPOT 1/2' 7-max Seat #1 is the button
Seat 5: 362210c7 ($189 in chips)
Seat 2: d3be2b87 ($193.19 in chips)
Seat 1: 4f6ed9ef ($285.61 in chips)
Seat 4: Hero ($267.14 in chips)
d3be2b87: posts small blind $1
Hero: posts big blind $2
*** HOLE CARDS ***
Dealt to 362210c7 
Dealt to d3be2b87 
Dealt to 4f6ed9ef 
Dealt to Hero [2c 9c]
362210c7: folds
4f6ed9ef: raises $3 to $5
d3be2b87: calls $4
Hero: calls $3
*** FLOP *** [Js 8c 3c]
d3be2b87: checks
Hero: bets $7.5
4f6ed9ef: folds
d3be2b87: calls $7.5
*** TURN *** [Js 8c 3c] [Qs]
d3be2b87: checks
Hero: checks
*** RIVER *** [Js 8c 3c Qs] [Kh]
d3be2b87: bets $15
Hero: folds
Uncalled bet ($15) returned to d3be2b87
*** SHOWDOWN ***
d3be2b87 collected $30 from pot
*** SUMMARY ***
Total pot $30
Board [Js 8c 3c Qs Kh]
Seat 5: 362210c7 folded before Flop (didn't bet)
Seat 2: d3be2b87(small blind)won ($30) with Pair of Queens and Pair of Jacks
Seat 1: 4f6ed9ef folded on the Flop
Seat 4: Hero(big blind) folded on the River



Poker Hand #ring_864285295: NLH No Limit ($1/$2) - 2025/05/07 23:05:52
Table 'MR NLH BOMBPOT 1/2' 7-max Seat #5 is the button
Seat 5: 362210c7 ($189 in chips)
Seat 2: d3be2b87 ($207.11 in chips)
Seat 1: 4f6ed9ef ($273.44 in chips)
Seat 4: Hero ($267.14 in chips)
4f6ed9ef: posts small blind $1
d3be2b87: posts big blind $2
*** HOLE CARDS ***
Dealt to 362210c7 
Dealt to d3be2b87 
Dealt to 4f6ed9ef 
Dealt to Hero [8s 5h]
Hero: folds
362210c7: folds
4f6ed9ef: raises $4 to $6
d3be2b87: calls $4
*** FLOP *** [6s Jh 7c]
4f6ed9ef: checks
d3be2b87: checks
*** TURN *** [6s Jh 7c] [7d]
4f6ed9ef: checks
d3be2b87: checks
*** RIVER *** [6s Jh 7c 7d] [9c]
4f6ed9ef: bets $7.92
d3be2b87: calls $7.92
4f6ed9ef: shows [Tc Td]
d3be2b87: shows [Ah Ts]
*** SHOWDOWN ***
4f6ed9ef collected $27.84 from pot
*** SUMMARY ***
Total pot $27.84
Board [6s Jh 7c 7d 9c]
Seat 5: 362210c7 folded before Flop (didn't bet)
Seat 2: d3be2b87(big blind) showed [Ah Ts] and lost with Pair of Sevens
Seat 1: 4f6ed9ef(small blind) showed [Tc Td] and won ($27.84) with Pair of Tens and Pair of Sevens
Seat 4: Hero folded before Flop (didn't bet)



Poker Hand #ring_864284652: NLH No Limit ($1/$2) - 2025/05/07 23:05:30
Table 'MR NLH BOMBPOT 1/2' 7-max Seat #4 is the button
Seat 5: 362210c7 ($190 in chips)
Seat 2: d3be2b87 ($204.11 in chips)
Seat 1: 4f6ed9ef ($275.44 in chips)
Seat 4: Hero ($267.14 in chips)
362210c7: posts small blind $1
4f6ed9ef: posts big blind $2
*** HOLE CARDS ***
Dealt to 362210c7 
Dealt to d3be2b87 
Dealt to 4f6ed9ef 
Dealt to Hero [5d Qs]
d3be2b87: raises $2 to $4
Hero: folds
362210c7: folds
4f6ed9ef: folds
Uncalled bet ($2) returned to d3be2b87
*** SHOWDOWN ***
d3be2b87 collected $5 from pot
*** SUMMARY ***
Total pot $5
Seat 5: 362210c7(small blind) folded before Flop
Seat 2: d3be2b87won ($5)
Seat 1: 4f6ed9ef(big blind) folded before Flop
Seat 4: Hero folded before Flop (didn't bet)



Poker Hand #ring_864283340: NLH No Limit ($1/$2) - 2025/05/07 23:04:51
Table 'MR NLH BOMBPOT 1/2' 7-max Seat #2 is the button
Seat 5: 362210c7 ($200 in chips)
Seat 2: d3be2b87 ($234.11 in chips)
Seat 1: 4f6ed9ef ($285.44 in chips)
Seat 4: Hero ($221.24 in chips)
Hero: posts the ante $10
362210c7: posts the ante $10
4f6ed9ef: posts the ante $10
d3be2b87: posts the ante $10
*** HOLE CARDS ***
Dealt to 362210c7 
Dealt to d3be2b87 
Dealt to 4f6ed9ef 
Dealt to Hero [5c 9c]
*** FLOP *** [9h 4h 7d]
Hero: bets $20
362210c7: folds
4f6ed9ef: folds
d3be2b87: calls $20
*** TURN *** [9h 4h 7d] [6h]
Hero: bets $40
d3be2b87: folds
Uncalled bet ($40) returned to Hero
*** SHOWDOWN ***
Hero collected $80 from pot
*** SUMMARY ***
Total pot $80
Board [9h 4h 7d 6h]
Seat 5: 362210c7(big blind) folded on the Flop
Seat 2: d3be2b87 folded on the Turn
Seat 1: 4f6ed9ef folded on the Flop
Seat 4: Hero(small blind)won ($80) with Pair of Nines



Poker Hand #ring_864281716: NLH No Limit ($1/$2) - 2025/05/07 23:04:01
Table 'MR NLH BOMBPOT 1/2' 7-max Seat #1 is the button
Seat 2: d3be2b87 ($235.11 in chips)
Seat 1: 4f6ed9ef ($253.09 in chips)
Seat 4: Hero ($255.73 in chips)
d3be2b87: posts small blind $1
Hero: posts big blind $2
*** HOLE CARDS ***
Dealt to d3be2b87 
Dealt to 4f6ed9ef 
Dealt to Hero [6c 6d]
4f6ed9ef: raises $4 to $6
d3be2b87: folds
Hero: calls $4
*** FLOP *** [Jc 8d 5h]
Hero: checks
4f6ed9ef: bets $8.58
Hero: calls $8.58
*** TURN *** [Jc 8d 5h] [7c]
Hero: checks
4f6ed9ef: bets $19.91
Hero: calls $19.91
*** RIVER *** [Jc 8d 5h 7c] [Ac]
Hero: checks
4f6ed9ef: bets $46.19
Hero: folds
Uncalled bet ($46.19) returned to 4f6ed9ef
*** SHOWDOWN ***
4f6ed9ef collected $69.98 from pot
*** SUMMARY ***
Total pot $69.98
Board [Jc 8d 5h 7c Ac]
Seat 2: d3be2b87(small blind) folded before Flop
Seat 1: 4f6ed9efwon ($69.98) with Jacks-High Straight
Seat 4: Hero(big blind) folded on the River



Poker Hand #ring_864279295: NLH No Limit ($1/$2) - 2025/05/07 23:02:46
Table 'MR NLH BOMBPOT 1/2' 7-max Seat #4 is the button
Seat 2: d3be2b87 ($241.11 in chips)
Seat 1: 4f6ed9ef ($193.67 in chips)
Seat 4: Hero ($314.73 in chips)
4f6ed9ef: posts small blind $1
d3be2b87: posts big blind $2
*** HOLE CARDS ***
Dealt to d3be2b87 
Dealt to 4f6ed9ef 
Dealt to Hero [As 7d]
Hero: raises $4 to $6
4f6ed9ef: calls $5
d3be2b87: calls $4
*** FLOP *** [Qh 4c 2c]
4f6ed9ef: checks
d3be2b87: checks
Hero: bets $9
4f6ed9ef: calls $9
d3be2b87: folds
*** TURN *** [Qh 4c 2c] [Ts]
4f6ed9ef: checks
Hero: bets $44
4f6ed9ef: calls $44
*** RIVER *** [Qh 4c 2c Ts] [5c]
4f6ed9ef: bets $65
Hero: folds
Uncalled bet ($65) returned to 4f6ed9ef
*** SHOWDOWN ***
4f6ed9ef collected $124 from pot
*** SUMMARY ***
Total pot $124
Board [Qh 4c 2c Ts 5c]
Seat 2: d3be2b87(big blind) folded on the Flop
Seat 1: 4f6ed9ef(small blind)won ($124) with Jack High Flush
Seat 4: Hero folded on the River



Poker Hand #ring_864278625: NLH No Limit ($1/$2) - 2025/05/07 23:02:26
Table 'MR NLH BOMBPOT 1/2' 7-max Seat #2 is the button
Seat 2: d3be2b87 ($241.11 in chips)
Seat 1: 4f6ed9ef ($195.67 in chips)
Seat 4: Hero ($312.73 in chips)
Hero: posts small blind $1
4f6ed9ef: posts big blind $2
*** HOLE CARDS ***
Dealt to d3be2b87 
Dealt to 4f6ed9ef 
Dealt to Hero [7s 6d]
d3be2b87: folds
Hero: raises $3 to $5
4f6ed9ef: folds
Uncalled bet ($3) returned to Hero
*** SHOWDOWN ***
Hero collected $4 from pot
*** SUMMARY ***
Total pot $4
Seat 2: d3be2b87 folded before Flop (didn't bet)
Seat 1: 4f6ed9ef(big blind) folded before Flop
Seat 4: Hero(small blind)won ($4)



Poker Hand #ring_864277393: NLH No Limit ($1/$2) - 2025/05/07 23:01:47
Table 'MR NLH BOMBPOT 1/2' 7-max Seat #1 is the button
Seat 2: d3be2b87 ($248.51 in chips)
Seat 1: 4f6ed9ef ($187.02 in chips)
Seat 4: Hero ($314.73 in chips)
d3be2b87: posts small blind $1
Hero: posts big blind $2
*** HOLE CARDS ***
Dealt to d3be2b87 
Dealt to 4f6ed9ef 
Dealt to Hero [7s Qd]
4f6ed9ef: calls $2
d3be2b87: calls $1
Hero: checks
*** FLOP *** [Tc Ac 6h]
d3be2b87: checks
Hero: checks
4f6ed9ef: checks
*** TURN *** [Tc Ac 6h] [3c]
d3be2b87: checks
Hero: checks
4f6ed9ef: bets $5.4
d3be2b87: calls $5.4
Hero: folds
*** RIVER *** [Tc Ac 6h 3c] [6s]
d3be2b87: checks
4f6ed9ef: checks
4f6ed9ef: shows [4c 4s]
d3be2b87: shows [Kc 7d]
*** SHOWDOWN ***
4f6ed9ef collected $16.8 from pot
*** SUMMARY ***
Total pot $16.8
Board [Tc Ac 6h 3c 6s]
Seat 2: d3be2b87(small blind) showed [Kc 7d] and lost with Pair of Sixes
Seat 1: 4f6ed9ef showed [4c 4s] and won ($16.8) with Pair of Sixes and Pair of Fours
Seat 4: Hero(big blind) folded on the Turn



Poker Hand #ring_864276447: NLH No Limit ($1/$2) - 2025/05/07 23:01:18
Table 'MR NLH BOMBPOT 1/2' 7-max Seat #4 is the button
Seat 2: d3be2b87 ($243 in chips)
Seat 1: 4f6ed9ef ($188.02 in chips)
Seat 4: Hero ($319.73 in chips)
4f6ed9ef: posts small blind $1
d3be2b87: posts big blind $2
*** HOLE CARDS ***
Dealt to d3be2b87 
Dealt to 4f6ed9ef 
Dealt to Hero [2s 3s]
Hero: raises $3 to $5
4f6ed9ef: folds
d3be2b87: calls $3
*** FLOP *** [7d Tc 8d]
d3be2b87: checks
Hero: checks
*** TURN *** [7d Tc 8d] [6s]
d3be2b87: bets $3.63
Hero: folds
Uncalled bet ($3.63) returned to d3be2b87
*** SHOWDOWN ***
d3be2b87 collected $11 from pot
*** SUMMARY ***
Total pot $11
Board [7d Tc 8d 6s]
Seat 2: d3be2b87(big blind)won ($11) with Pair of Sixes
Seat 1: 4f6ed9ef(small blind) folded before Flop
Seat 4: Hero folded on the Turn



Poker Hand #ring_864276009: NLH No Limit ($1/$2) - 2025/05/07 23:01:03
Table 'MR NLH BOMBPOT 1/2' 7-max Seat #2 is the button
Seat 2: d3be2b87 ($240 in chips)
Seat 1: 4f6ed9ef ($190.02 in chips)
Seat 4: Hero ($320.73 in chips)
Hero: posts small blind $1
4f6ed9ef: posts big blind $2
*** HOLE CARDS ***
Dealt to d3be2b87 
Dealt to 4f6ed9ef 
Dealt to Hero [Qh 6d]
d3be2b87: raises $4 to $6
Hero: folds
4f6ed9ef: folds
Uncalled bet ($4) returned to d3be2b87
*** SHOWDOWN ***
d3be2b87 collected $5 from pot
*** SUMMARY ***
Total pot $5
Seat 2: d3be2b87won ($5)
Seat 1: 4f6ed9ef(big blind) folded before Flop
Seat 4: Hero(small blind) folded before Flop



Poker Hand #ring_864274655: NLH No Limit ($1/$2) - 2025/05/07 23:00:21
Table 'MR NLH BOMBPOT 1/2' 7-max Seat #1 is the button
Seat 2: d3be2b87 ($242 in chips)
Seat 1: 4f6ed9ef ($182.65 in chips)
Seat 4: Hero ($326.73 in chips)
d3be2b87: posts small blind $1
Hero: posts big blind $2
*** HOLE CARDS ***
Dealt to d3be2b87 
Dealt to 4f6ed9ef 
Dealt to Hero [3s Ks]
4f6ed9ef: calls $2
d3be2b87: calls $1
Hero: raises $4 to $6
4f6ed9ef: calls $4
d3be2b87: folds
*** FLOP *** [6c Ah 4c]
Hero: checks
4f6ed9ef: bets $9.24
Hero: folds
Uncalled bet ($9.24) returned to 4f6ed9ef
4f6ed9ef: shows [4h]
*** SHOWDOWN ***
4f6ed9ef collected $14 from pot
*** SUMMARY ***
Total pot $14
Board [6c Ah 4c]
Seat 2: d3be2b87(small blind) folded before Flop
Seat 1: 4f6ed9ef showed [4h] and won ($14) with Pair of Sixes and Pair of Fours
Seat 4: Hero(big blind) folded on the Flop



Poker Hand #ring_864274252: NLH No Limit ($1/$2) - 2025/05/07 23:00:07
Table 'MR NLH BOMBPOT 1/2' 7-max Seat #4 is the button
Seat 2: d3be2b87 ($241 in chips)
Seat 1: 4f6ed9ef ($183.65 in chips)
Seat 4: Hero ($326.73 in chips)
4f6ed9ef: posts small blind $1
d3be2b87: posts big blind $2
*** HOLE CARDS ***
Dealt to d3be2b87 
Dealt to 4f6ed9ef 
Dealt to Hero [7c Ks]
Hero: folds
4f6ed9ef: folds
*** SHOWDOWN ***
d3be2b87 collected $3 from pot
*** SUMMARY ***
Total pot $3
Seat 2: d3be2b87(big blind)won ($3)
Seat 1: 4f6ed9ef(small blind) folded before Flop
Seat 4: Hero folded before Flop (didn't bet)



Poker Hand #ring_864273350: NLH No Limit ($1/$2) - 2025/05/07 22:59:40
Table 'MR NLH BOMBPOT 1/2' 7-max Seat #2 is the button
Seat 2: d3be2b87 ($336.65 in chips)
Seat 1: 4f6ed9ef ($95.65 in chips)
Seat 4: Hero ($327.73 in chips)
Hero: posts small blind $1
4f6ed9ef: posts big blind $2
*** HOLE CARDS ***
Dealt to d3be2b87 
Dealt to 4f6ed9ef 
Dealt to Hero [Th 5d]
d3be2b87: raises $4 to $6
Hero: folds
4f6ed9ef: raises $89.65 to $95.65 and is all-in
d3be2b87: calls $89.65
4f6ed9ef: shows [7h 7c]
d3be2b87: shows [6c 4c]
*** FLOP *** [8c 3h 5c]
*** TURN *** [8c 3h 5c] [8h]
*** RIVER *** [8c 3h 5c 8h] [6h]
*** SHOWDOWN ***
4f6ed9ef collected $192.3 from pot
*** SUMMARY ***
Total pot $192.3
Board [8c 3h 5c 8h 6h]
Seat 2: d3be2b87 showed [6c 4c] and lost with Pair of Eights and Pair of Sixes
Seat 1: 4f6ed9ef(big blind) showed [7h 7c] and won ($192.3) with Pair of Eights and Pair of Sevens
Seat 4: Hero(small blind) folded before Flop



Poker Hand #ring_864272592: NLH No Limit ($1/$2) - 2025/05/07 22:59:16
Table 'MR NLH BOMBPOT 1/2' 7-max Seat #1 is the button
Seat 2: d3be2b87 ($346.65 in chips)
Seat 1: 4f6ed9ef ($105.65 in chips)
Seat 4: Hero ($309.08 in chips)
d3be2b87: posts the ante $10
Hero: posts the ante $10
4f6ed9ef: posts the ante $10
*** HOLE CARDS ***
Dealt to d3be2b87 
Dealt to 4f6ed9ef 
Dealt to Hero [2d Jc]
*** FLOP *** [3h 9d 4s]
d3be2b87: checks
Hero: bets $15
4f6ed9ef: folds
d3be2b87: folds
Uncalled bet ($15) returned to Hero
*** SHOWDOWN ***
Hero collected $30 from pot
*** SUMMARY ***
Total pot $30
Board [3h 9d 4s]
Seat 2: d3be2b87(small blind) folded on the Flop
Seat 1: 4f6ed9ef folded on the Flop
Seat 4: Hero(big blind)won ($30) with Jack-High



Poker Hand #ring_864270999: NLH No Limit ($1/$2) - 2025/05/07 22:58:26
Table 'MR NLH BOMBPOT 1/2' 7-max Seat #4 is the button
Seat 2: d3be2b87 ($352.65 in chips)
Seat 1: 4f6ed9ef ($52.31 in chips)
Seat 4: Hero ($361.39 in chips)
4f6ed9ef: posts small blind $1
d3be2b87: posts big blind $2
*** HOLE CARDS ***
Dealt to d3be2b87 
Dealt to 4f6ed9ef 
Dealt to Hero [Ts Th]
Hero: raises $4 to $6
4f6ed9ef: calls $5
d3be2b87: calls $4
*** FLOP *** [4h 5h 5d]
4f6ed9ef: checks
d3be2b87: checks
Hero: bets $9
4f6ed9ef: raises $37.31 to $46.31 and is all-in
d3be2b87: folds
Hero: calls $37.31
4f6ed9ef: shows [5s 7s] (Three Fives)
Hero: shows [Ts Th] (Pair of Tens and Pair of Fives)
*** TURN *** [4h 5h 5d] [3d]
*** RIVER *** [4h 5h 5d 3d] [Jc]
*** SHOWDOWN ***
4f6ed9ef collected $110.62 from pot
*** SUMMARY ***
Total pot $110.62
Board [4h 5h 5d 3d Jc]
Seat 2: d3be2b87(big blind) folded on the Flop
Seat 1: 4f6ed9ef(small blind) showed [5s 7s] and won ($110.62) with Three Fives
Seat 4: Hero showed [Ts Th] and lost with Pair of Tens and Pair of Fives



Poker Hand #ring_864269876: NLH No Limit ($1/$2) - 2025/05/07 22:57:51
Table 'MR NLH BOMBPOT 1/2' 7-max Seat #2 is the button
Seat 2: d3be2b87 ($365.65 in chips)
Seat 1: 4f6ed9ef ($54.31 in chips)
Seat 4: Hero ($347.65 in chips)
Hero: posts small blind $1
4f6ed9ef: posts big blind $2
*** HOLE CARDS ***
Dealt to d3be2b87 
Dealt to 4f6ed9ef 
Dealt to Hero [Tc 9c]
d3be2b87: raises $4 to $6
Hero: calls $5
4f6ed9ef: folds
*** FLOP *** [2d Ac Ts]
Hero: checks
d3be2b87: checks
*** TURN *** [2d Ac Ts] [Qc]
Hero: checks
d3be2b87: checks
*** RIVER *** [2d Ac Ts Qc] [4h]
Hero: bets $7
d3be2b87: calls $7
d3be2b87: shows [6s 6h]
Hero: shows [Tc 9c]
*** SHOWDOWN ***
Hero collected $28 from pot
*** SUMMARY ***
Total pot $28
Board [2d Ac Ts Qc 4h]
Seat 2: d3be2b87 showed [6s 6h] and lost with Pair of Sixes
Seat 1: 4f6ed9ef(big blind) folded before Flop
Seat 4: Hero(small blind) showed [Tc 9c] and won ($28) with Pair of Tens



Poker Hand #ring_864268050: NLH No Limit ($1/$2) - 2025/05/07 22:56:54
Table 'MR NLH BOMBPOT 1/2' 7-max Seat #1 is the button
Seat 2: d3be2b87 ($410.65 in chips)
Seat 1: 4f6ed9ef ($54.31 in chips)
Seat 4: Hero ($306.7 in chips)
d3be2b87: posts small blind $1
Hero: posts big blind $2
*** HOLE CARDS ***
Dealt to d3be2b87 
Dealt to 4f6ed9ef 
Dealt to Hero [Ts Tc]
4f6ed9ef: folds
d3be2b87: raises $4 to $6
Hero: raises $12 to $18
d3be2b87: calls $12
*** FLOP *** [Td 7c 6h]
d3be2b87: bets $27
Hero: calls $27
*** TURN *** [Td 7c 6h] [Qc]
d3be2b87: checks
Hero: bets $45
d3be2b87: folds
Uncalled bet ($45) returned to Hero
*** SHOWDOWN ***
Hero collected $90 from pot
*** SUMMARY ***
Total pot $90
Board [Td 7c 6h Qc]
Seat 2: d3be2b87(small blind) folded on the Turn
Seat 1: 4f6ed9ef folded before Flop (didn't bet)
Seat 4: Hero(big blind)won ($90) with Three Tens



Poker Hand #ring_864267152: NLH No Limit ($1/$2) - 2025/05/07 22:56:25
Table 'MR NLH BOMBPOT 1/2' 7-max Seat #4 is the button
Seat 2: d3be2b87 ($403.37 in chips)
Seat 1: 4f6ed9ef ($62.31 in chips)
Seat 4: Hero ($306.7 in chips)
4f6ed9ef: posts small blind $1
d3be2b87: posts big blind $2
*** HOLE CARDS ***
Dealt to d3be2b87 
Dealt to 4f6ed9ef 
Dealt to Hero [Jd 3s]
Hero: folds
4f6ed9ef: calls $1
d3be2b87: raises $6 to $8
4f6ed9ef: calls $6
*** FLOP *** [6h 2d Qc]
4f6ed9ef: checks
d3be2b87: bets $12
4f6ed9ef: folds
Uncalled bet ($12) returned to d3be2b87
*** SHOWDOWN ***
d3be2b87 collected $16 from pot
*** SUMMARY ***
Total pot $16
Board [6h 2d Qc]
Seat 2: d3be2b87(big blind)won ($16) with Pair of Queens
Seat 1: 4f6ed9ef(small blind) folded on the Flop
Seat 4: Hero folded before Flop (didn't bet)



Poker Hand #ring_864266505: NLH No Limit ($1/$2) - 2025/05/07 22:56:06
Table 'MR NLH BOMBPOT 1/2' 7-max Seat #2 is the button
Seat 2: d3be2b87 ($403.37 in chips)
Seat 1: 4f6ed9ef ($64.31 in chips)
Seat 4: Hero ($304.7 in chips)
Hero: posts small blind $1
4f6ed9ef: posts big blind $2
*** HOLE CARDS ***
Dealt to d3be2b87 
Dealt to 4f6ed9ef 
Dealt to Hero [Ac 6s]
d3be2b87: folds
Hero: raises $4 to $6
4f6ed9ef: folds
Uncalled bet ($4) returned to Hero
*** SHOWDOWN ***
Hero collected $4 from pot
*** SUMMARY ***
Total pot $4
Seat 2: d3be2b87 folded before Flop (didn't bet)
Seat 1: 4f6ed9ef(big blind) folded before Flop
Seat 4: Hero(small blind)won ($4)



Poker Hand #ring_864263983: NLH No Limit ($1/$2) - 2025/05/07 22:54:46
Table 'MR NLH BOMBPOT 1/2' 7-max Seat #1 is the button
Seat 2: d3be2b87 ($404.37 in chips)
Seat 1: 4f6ed9ef ($84.69 in chips)
Seat 4: Hero ($285.19 in chips)
d3be2b87: posts small blind $1
Hero: posts big blind $2
*** HOLE CARDS ***
Dealt to d3be2b87 
Dealt to 4f6ed9ef 
Dealt to Hero [7c 5d]
4f6ed9ef: calls $2
d3be2b87: folds
Hero: checks
*** FLOP *** [7d 8d 8h]
Hero: bets $2.5
4f6ed9ef: calls $2.5
*** TURN *** [7d 8d 8h] [7s]
Hero: checks
4f6ed9ef: bets $4
Hero: calls $4
*** RIVER *** [7d 8d 8h 7s] [Tc]
Hero: checks
4f6ed9ef: bets $11.88
Hero: calls $11.88
4f6ed9ef: shows [4s 6h]
Hero: shows [7c 5d]
*** SHOWDOWN ***
Hero collected $41.76 from pot
*** SUMMARY ***
Total pot $41.76
Board [7d 8d 8h 7s Tc]
Seat 2: d3be2b87(small blind) folded before Flop
Seat 1: 4f6ed9ef showed [4s 6h] and lost with Pair of Eights and Pair of Sevens
Seat 4: Hero(big blind) showed [7c 5d] and won ($41.76) with Sevens Full over Eights



Poker Hand #ring_864262574: NLH No Limit ($1/$2) - 2025/05/07 22:54:02
Table 'MR NLH BOMBPOT 1/2' 7-max Seat #4 is the button
Seat 2: d3be2b87 ($406.37 in chips)
Seat 1: 4f6ed9ef ($77.32 in chips)
Seat 4: Hero ($291.19 in chips)
4f6ed9ef: posts small blind $1
d3be2b87: posts big blind $2
*** HOLE CARDS ***
Dealt to d3be2b87 
Dealt to 4f6ed9ef 
Dealt to Hero [8s 7d]
Hero: raises $4 to $6
4f6ed9ef: calls $5
d3be2b87: folds
*** FLOP *** [7s Qh Kc]
4f6ed9ef: checks
Hero: checks
*** TURN *** [7s Qh Kc] [Ad]
4f6ed9ef: checks
Hero: checks
*** RIVER *** [7s Qh Kc Ad] [2s]
4f6ed9ef: checks
Hero: checks
4f6ed9ef: shows [8c 8d]
Hero: shows [8s 7d]
*** SHOWDOWN ***
4f6ed9ef collected $14 from pot
*** SUMMARY ***
Total pot $14
Board [7s Qh Kc Ad 2s]
Seat 2: d3be2b87(big blind) folded before Flop
Seat 1: 4f6ed9ef(small blind) showed [8c 8d] and won ($14) with Pair of Eights
Seat 4: Hero showed [8s 7d] and lost with Pair of Sevens



Poker Hand #ring_864260786: NLH No Limit ($1/$2) - 2025/05/07 22:53:05
Table 'MR NLH BOMBPOT 1/2' 7-max Seat #0 is the button
Seat 2: d3be2b87 ($357.92 in chips)
Seat 1: 4f6ed9ef ($114.82 in chips)
Seat 4: Hero ($306.19 in chips)
Hero: posts small blind $1
4f6ed9ef: posts big blind $2
*** HOLE CARDS ***
Dealt to d3be2b87 
Dealt to 4f6ed9ef 
Dealt to Hero [Js 8s]
d3be2b87: raises $4 to $6
Hero: calls $5
4f6ed9ef: calls $4
*** FLOP *** [8h 9c Kc]
Hero: checks
4f6ed9ef: checks
d3be2b87: checks
*** TURN *** [8h 9c Kc] [3s]
Hero: bets $9
4f6ed9ef: calls $9
d3be2b87: calls $9
*** RIVER *** [8h 9c Kc 3s] [Qs]
Hero: checks
4f6ed9ef: checks
d3be2b87: bets $22.5
Hero: folds
4f6ed9ef: calls $22.5
4f6ed9ef: shows [Ks 2c]
d3be2b87: shows [Jd Ts]
*** SHOWDOWN ***
d3be2b87 collected $90 from pot
*** SUMMARY ***
Total pot $90
Board [8h 9c Kc 3s Qs]
Seat 2: d3be2b87 showed [Jd Ts] and won ($90) with Kings-High Straight
Seat 1: 4f6ed9ef(big blind) showed [Ks 2c] and lost with Pair of Kings
Seat 4: Hero(small blind) folded on the River



Poker Hand #ring_864260288: NLH No Limit ($1/$2) - 2025/05/07 22:52:50
Table 'MR NLH BOMBPOT 1/2' 7-max Seat #2 is the button
Seat 2: d3be2b87 ($357.92 in chips)
Seat 7: 6bf6dd66 ($457.02 in chips)
Seat 1: 4f6ed9ef ($112.82 in chips)
Seat 4: Hero ($308.19 in chips)
Hero: posts big blind $2
*** HOLE CARDS ***
Dealt to d3be2b87 
Dealt to 6bf6dd66 
Dealt to 4f6ed9ef 
Dealt to Hero [3s Jh]
6bf6dd66: folds
4f6ed9ef: raises $4 to $6
d3be2b87: folds
Hero: folds
Uncalled bet ($4) returned to 4f6ed9ef
*** SHOWDOWN ***
4f6ed9ef collected $4 from pot
*** SUMMARY ***
Total pot $4
Seat 2: d3be2b87 folded before Flop (didn't bet)
Seat 7: 6bf6dd66 folded before Flop (didn't bet)
Seat 1: 4f6ed9efwon ($4)
Seat 4: Hero(big blind) folded before Flop



Poker Hand #ring_864258276: NLH No Limit ($1/$2) - 2025/05/07 22:51:46
Table 'MR NLH BOMBPOT 1/2' 7-max Seat #1 is the button
Seat 2: d3be2b87 ($367.92 in chips)
Seat 7: 6bf6dd66 ($467.02 in chips)
Seat 1: 4f6ed9ef ($122.82 in chips)
Seat 3: 3811b5f7 ($54.84 in chips)
Seat 4: Hero ($230.13 in chips)
d3be2b87: posts the ante $10
3811b5f7: posts the ante $10
Hero: posts the ante $10
6bf6dd66: posts the ante $10
4f6ed9ef: posts the ante $10
*** HOLE CARDS ***
Dealt to d3be2b87 
Dealt to 6bf6dd66 
Dealt to 4f6ed9ef 
Dealt to 3811b5f7 
Dealt to Hero [Jh Ad]
*** FLOP *** [Jc Jd Kd]
d3be2b87: checks
3811b5f7: bets $16.5
Hero: calls $16.5
6bf6dd66: folds
4f6ed9ef: folds
d3be2b87: folds
*** TURN *** [Jc Jd Kd] [Td]
3811b5f7: checks
Hero: bets $41.5
3811b5f7: calls $28.34 and is all-in
Uncalled bet ($13.16) returned to Hero
3811b5f7: shows [Ks 7h]
Hero: shows [Jh Ad]
*** RIVER *** [Jc Jd Kd Td] [Ah]
*** SHOWDOWN ***
Hero collected $139.68 from pot
*** SUMMARY ***
Total pot $139.68
Board [Jc Jd Kd Td Ah]
Seat 2: d3be2b87(small blind) folded on the Flop
Seat 7: 6bf6dd66 folded on the Flop
Seat 1: 4f6ed9ef folded on the Flop
Seat 3: 3811b5f7(big blind) showed [Ks 7h] and lost with Pair of Kings and Pair of Jacks
Seat 4: Hero showed [Jh Ad] and won ($139.68) with Jacks Full over Aces



Poker Hand #ring_864256046: NLH No Limit ($1/$2) - 2025/05/07 22:50:37
Table 'MR NLH BOMBPOT 1/2' 7-max Seat #7 is the button
Seat 2: d3be2b87 ($383.85 in chips)
Seat 7: 6bf6dd66 ($450.15 in chips)
Seat 1: 4f6ed9ef ($123.82 in chips)
Seat 3: 3811b5f7 ($56.84 in chips)
Seat 4: Hero ($230.13 in chips)
4f6ed9ef: posts small blind $1
d3be2b87: posts big blind $2
*** HOLE CARDS ***
Dealt to d3be2b87 
Dealt to 6bf6dd66 
Dealt to 4f6ed9ef 
Dealt to 3811b5f7 
Dealt to Hero [Td 2d]
3811b5f7: calls $2
Hero: folds
6bf6dd66: raises $7 to $9
4f6ed9ef: folds
d3be2b87: calls $7
3811b5f7: folds
*** FLOP *** [5h Kd Jc]
d3be2b87: checks
6bf6dd66: checks
*** TURN *** [5h Kd Jc] [Th]
d3be2b87: checks
6bf6dd66: bets $6.93
d3be2b87: calls $6.93
*** RIVER *** [5h Kd Jc Th] [7d]
d3be2b87: checks
6bf6dd66: bets $11.5
d3be2b87: folds
Uncalled bet ($11.5) returned to 6bf6dd66
*** SHOWDOWN ***
6bf6dd66 collected $34.86 from pot
*** SUMMARY ***
Total pot $34.86
Board [5h Kd Jc Th 7d]
Seat 2: d3be2b87(big blind) folded on the River
Seat 7: 6bf6dd66won ($34.86) with Aces-High Straight
Seat 1: 4f6ed9ef(small blind) folded before Flop
Seat 3: 3811b5f7 folded before Flop
Seat 4: Hero folded before Flop (didn't bet)



Poker Hand #ring_864255310: NLH No Limit ($1/$2) - 2025/05/07 22:50:13
Table 'MR NLH BOMBPOT 1/2' 7-max Seat #4 is the button
Seat 2: d3be2b87 ($383.85 in chips)
Seat 7: 6bf6dd66 ($451.15 in chips)
Seat 1: 4f6ed9ef ($125.82 in chips)
Seat 3: 3811b5f7 ($56.84 in chips)
Seat 4: Hero ($227.13 in chips)
6bf6dd66: posts small blind $1
4f6ed9ef: posts big blind $2
*** HOLE CARDS ***
Dealt to d3be2b87 
Dealt to 6bf6dd66 
Dealt to 4f6ed9ef 
Dealt to 3811b5f7 
Dealt to Hero [6h 8h]
d3be2b87: folds
3811b5f7: folds
Hero: raises $4 to $6
6bf6dd66: folds
4f6ed9ef: folds
Uncalled bet ($4) returned to Hero
*** SHOWDOWN ***
Hero collected $5 from pot
*** SUMMARY ***
Total pot $5
Seat 2: d3be2b87 folded before Flop (didn't bet)
Seat 7: 6bf6dd66(small blind) folded before Flop
Seat 1: 4f6ed9ef(big blind) folded before Flop
Seat 3: 3811b5f7 folded before Flop (didn't bet)
Seat 4: Herowon ($5)



Poker Hand #ring_864254632: NLH No Limit ($1/$2) - 2025/05/07 22:49:52
Table 'MR NLH BOMBPOT 1/2' 7-max Seat #3 is the button
Seat 2: d3be2b87 ($383.85 in chips)
Seat 7: 6bf6dd66 ($450.15 in chips)
Seat 1: 4f6ed9ef ($125.82 in chips)
Seat 3: 3811b5f7 ($56.84 in chips)
Seat 4: Hero ($228.13 in chips)
Hero: posts small blind $1
6bf6dd66: posts big blind $2
*** HOLE CARDS ***
Dealt to d3be2b87 
Dealt to 6bf6dd66 
Dealt to 4f6ed9ef 
Dealt to 3811b5f7 
Dealt to Hero [Th 2c]
4f6ed9ef: folds
d3be2b87: folds
3811b5f7: folds
Hero: folds
*** SHOWDOWN ***
6bf6dd66 collected $3 from pot
*** SUMMARY ***
Total pot $3
Seat 2: d3be2b87 folded before Flop (didn't bet)
Seat 7: 6bf6dd66(big blind)won ($3)
Seat 1: 4f6ed9ef folded before Flop (didn't bet)
Seat 3: 3811b5f7 folded before Flop (didn't bet)
Seat 4: Hero(small blind) folded before Flop



Poker Hand #ring_864252751: NLH No Limit ($1/$2) - 2025/05/07 22:48:53
Table 'MR NLH BOMBPOT 1/2' 7-max Seat #2 is the button
Seat 2: d3be2b87 ($383.85 in chips)
Seat 7: 6bf6dd66 ($450.15 in chips)
Seat 1: 4f6ed9ef ($125.82 in chips)
Seat 3: 3811b5f7 ($48.24 in chips)
Seat 4: Hero ($238.13 in chips)
3811b5f7: posts small blind $1
Hero: posts big blind $2
*** HOLE CARDS ***
Dealt to d3be2b87 
Dealt to 6bf6dd66 
Dealt to 4f6ed9ef 
Dealt to 3811b5f7 
Dealt to Hero [6s Ac]
6bf6dd66: folds
4f6ed9ef: folds
d3be2b87: folds
3811b5f7: calls $1
Hero: checks
*** FLOP *** [3c Tc 6h]
3811b5f7: bets $2
Hero: calls $2
*** TURN *** [3c Tc 6h] [Js]
3811b5f7: bets $6
Hero: calls $6
*** RIVER *** [3c Tc 6h Js] [2s]
3811b5f7: bets $15
Hero: folds
Uncalled bet ($15) returned to 3811b5f7
*** SHOWDOWN ***
3811b5f7 collected $20 from pot
*** SUMMARY ***
Total pot $20
Board [3c Tc 6h Js 2s]
Seat 2: d3be2b87 folded before Flop (didn't bet)
Seat 7: 6bf6dd66 folded before Flop (didn't bet)
Seat 1: 4f6ed9ef folded before Flop (didn't bet)
Seat 3: 3811b5f7(small blind)won ($20) with Jack-High
Seat 4: Hero(big blind) folded on the River



Poker Hand #ring_864251918: NLH No Limit ($1/$2) - 2025/05/07 22:48:26
Table 'MR NLH BOMBPOT 1/2' 7-max Seat #1 is the button
Seat 2: d3be2b87 ($381.85 in chips)
Seat 7: 6bf6dd66 ($450.15 in chips)
Seat 1: 4f6ed9ef ($125.82 in chips)
Seat 3: 3811b5f7 ($50.24 in chips)
Seat 4: Hero ($238.13 in chips)
d3be2b87: posts small blind $1
3811b5f7: posts big blind $2
*** HOLE CARDS ***
Dealt to d3be2b87 
Dealt to 6bf6dd66 
Dealt to 4f6ed9ef 
Dealt to 3811b5f7 
Dealt to Hero [9d 2s]
Hero: folds
6bf6dd66: folds
4f6ed9ef: folds
d3be2b87: raises $4 to $6
3811b5f7: folds
Uncalled bet ($4) returned to d3be2b87
*** SHOWDOWN ***
d3be2b87 collected $4 from pot
*** SUMMARY ***
Total pot $4
Seat 2: d3be2b87(small blind)won ($4)
Seat 7: 6bf6dd66 folded before Flop (didn't bet)
Seat 1: 4f6ed9ef folded before Flop (didn't bet)
Seat 3: 3811b5f7(big blind) folded before Flop
Seat 4: Hero folded before Flop (didn't bet)



Poker Hand #ring_864251146: NLH No Limit ($1/$2) - 2025/05/07 22:48:02
Table 'MR NLH BOMBPOT 1/2' 7-max Seat #7 is the button
Seat 2: d3be2b87 ($383.85 in chips)
Seat 7: 6bf6dd66 ($450.15 in chips)
Seat 1: 4f6ed9ef ($124 in chips)
Seat 3: 3811b5f7 ($50.24 in chips)
Seat 4: Hero ($238.13 in chips)
4f6ed9ef: posts small blind $1
d3be2b87: posts big blind $2
*** HOLE CARDS ***
Dealt to d3be2b87 
Dealt to 6bf6dd66 
Dealt to 4f6ed9ef 
Dealt to 3811b5f7 
Dealt to Hero [5d Ts]
3811b5f7: folds
Hero: folds
6bf6dd66: folds
4f6ed9ef: calls $1
d3be2b87: checks
*** FLOP *** [2s 7d 2c]
4f6ed9ef: bets $2.64
d3be2b87: folds
Uncalled bet ($2.64) returned to 4f6ed9ef
*** SHOWDOWN ***
4f6ed9ef collected $4 from pot
*** SUMMARY ***
Total pot $4
Board [2s 7d 2c]
Seat 2: d3be2b87(big blind) folded on the Flop
Seat 7: 6bf6dd66 folded before Flop (didn't bet)
Seat 1: 4f6ed9ef(small blind)won ($4) with Pair of Twos
Seat 3: 3811b5f7 folded before Flop (didn't bet)
Seat 4: Hero folded before Flop (didn't bet)



Poker Hand #ring_864249642: NLH No Limit ($1/$2) - 2025/05/07 22:47:14
Table 'MR NLH BOMBPOT 1/2' 7-max Seat #4 is the button
Seat 2: d3be2b87 ($394.35 in chips)
Seat 7: 6bf6dd66 ($451.15 in chips)
Seat 1: 4f6ed9ef ($128 in chips)
Seat 3: 3811b5f7 ($50.24 in chips)
Seat 4: Hero ($224.3 in chips)
6bf6dd66: posts small blind $1
4f6ed9ef: posts big blind $2
*** HOLE CARDS ***
Dealt to d3be2b87 
Dealt to 6bf6dd66 
Dealt to 4f6ed9ef 
Dealt to 3811b5f7 
Dealt to Hero [Ts 7s]
d3be2b87: raises $2 to $4
3811b5f7: folds
Hero: calls $4
6bf6dd66: folds
4f6ed9ef: calls $2
*** FLOP *** [Jh 2s 8s]
4f6ed9ef: checks
d3be2b87: checks
Hero: bets $6.5
4f6ed9ef: folds
d3be2b87: calls $6.5
*** TURN *** [Jh 2s 8s] [Ad]
d3be2b87: checks
Hero: bets $20.8
d3be2b87: folds
Uncalled bet ($20.8) returned to Hero
*** SHOWDOWN ***
Hero collected $26 from pot
*** SUMMARY ***
Total pot $26
Board [Jh 2s 8s Ad]
Seat 2: d3be2b87 folded on the Turn
Seat 7: 6bf6dd66(small blind) folded before Flop
Seat 1: 4f6ed9ef(big blind) folded on the Flop
Seat 3: 3811b5f7 folded before Flop (didn't bet)
Seat 4: Herowon ($26) with Ace-High



Poker Hand #ring_864248498: NLH No Limit ($1/$2) - 2025/05/07 22:46:38
Table 'MR NLH BOMBPOT 1/2' 7-max Seat #3 is the button
Seat 2: d3be2b87 ($387.93 in chips)
Seat 7: 6bf6dd66 ($457.15 in chips)
Seat 3: 3811b5f7 ($50.24 in chips)
Seat 4: Hero ($225.3 in chips)
Hero: posts small blind $1
6bf6dd66: posts big blind $2
*** HOLE CARDS ***
Dealt to d3be2b87 
Dealt to 6bf6dd66 
Dealt to 3811b5f7 
Dealt to Hero [Ah 3d]
d3be2b87: raises $4 to $6
3811b5f7: folds
Hero: folds
6bf6dd66: calls $4
*** FLOP *** [Ad 6d Th]
6bf6dd66: checks
d3be2b87: checks
*** TURN *** [Ad 6d Th] [4c]
6bf6dd66: checks
d3be2b87: checks
*** RIVER *** [Ad 6d Th 4c] [4s]
6bf6dd66: checks
d3be2b87: checks
d3be2b87: shows [Qh Kh]
6bf6dd66: shows [Kc 5c]
*** SHOWDOWN ***
d3be2b87 collected $13 from pot
*** SUMMARY ***
Total pot $13
Board [Ad 6d Th 4c 4s]
Seat 2: d3be2b87 showed [Qh Kh] and won ($13) with Pair of Fours
Seat 7: 6bf6dd66(big blind) showed [Kc 5c] and lost with Pair of Fours
Seat 3: 3811b5f7 folded before Flop (didn't bet)
Seat 4: Hero(small blind) folded before Flop



Poker Hand #ring_864248008: NLH No Limit ($1/$2) - 2025/05/07 22:46:22
Table 'MR NLH BOMBPOT 1/2' 7-max Seat #2 is the button
Seat 2: d3be2b87 ($384.93 in chips)
Seat 7: 6bf6dd66 ($457.15 in chips)
Seat 3: 3811b5f7 ($51.24 in chips)
Seat 4: Hero ($227.3 in chips)
3811b5f7: posts small blind $1
Hero: posts big blind $2
*** HOLE CARDS ***
Dealt to d3be2b87 
Dealt to 6bf6dd66 
Dealt to 3811b5f7 
Dealt to Hero [Js 2h]
6bf6dd66: folds
d3be2b87: raises $4 to $6
3811b5f7: folds
Hero: folds
Uncalled bet ($4) returned to d3be2b87
*** SHOWDOWN ***
d3be2b87 collected $5 from pot
*** SUMMARY ***
Total pot $5
Seat 2: d3be2b87won ($5)
Seat 7: 6bf6dd66 folded before Flop (didn't bet)
Seat 3: 3811b5f7(small blind) folded before Flop
Seat 4: Hero(big blind) folded before Flop



Poker Hand #ring_864247050: NLH No Limit ($1/$2) - 2025/05/07 22:45:52
Table 'MR NLH BOMBPOT 1/2' 7-max Seat #7 is the button
Seat 2: d3be2b87 ($394.93 in chips)
Seat 7: 6bf6dd66 ($467.15 in chips)
Seat 3: 3811b5f7 ($61.24 in chips)
Seat 4: Hero ($199.6 in chips)
d3be2b87: posts the ante $10
3811b5f7: posts the ante $10
Hero: posts the ante $10
6bf6dd66: posts the ante $10
*** HOLE CARDS ***
Dealt to d3be2b87 
Dealt to 6bf6dd66 
Dealt to 3811b5f7 
Dealt to Hero [Jh 7h]
*** FLOP *** [5d 3s 7s]
d3be2b87: checks
3811b5f7: checks
Hero: bets $20
6bf6dd66: folds
d3be2b87: folds
3811b5f7: folds
Uncalled bet ($20) returned to Hero
*** SHOWDOWN ***
Hero collected $40 from pot
*** SUMMARY ***
Total pot $40
Board [5d 3s 7s]
Seat 2: d3be2b87(small blind) folded on the Flop
Seat 7: 6bf6dd66 folded on the Flop
Seat 3: 3811b5f7(big blind) folded on the Flop
Seat 4: Herowon ($40) with Pair of Sevens



Poker Hand #ring_864245886: NLH No Limit ($1/$2) - 2025/05/07 22:45:14
Table 'MR NLH BOMBPOT 1/2' 7-max Seat #4 is the button
Seat 2: d3be2b87 ($407.93 in chips)
Seat 7: 6bf6dd66 ($469.15 in chips)
Seat 3: 3811b5f7 ($48 in chips)
Seat 4: Hero ($199.6 in chips)
6bf6dd66: posts small blind $1
d3be2b87: posts big blind $2
*** HOLE CARDS ***
Dealt to d3be2b87 
Dealt to 6bf6dd66 
Dealt to 3811b5f7 
Dealt to Hero [8s Qh]
3811b5f7: calls $2
Hero: folds
6bf6dd66: calls $1
d3be2b87: raises $4 to $6
3811b5f7: calls $4
6bf6dd66: folds
*** FLOP *** [Th Td 6s]
d3be2b87: checks
3811b5f7: checks
*** TURN *** [Th Td 6s] [Jd]
d3be2b87: bets $7
3811b5f7: calls $7
*** RIVER *** [Th Td 6s Jd] [8h]
d3be2b87: checks
3811b5f7: checks
d3be2b87: shows [Ad 3d]
3811b5f7: shows [Jc 9d]
*** SHOWDOWN ***
3811b5f7 collected $28 from pot
*** SUMMARY ***
Total pot $28
Board [Th Td 6s Jd 8h]
Seat 2: d3be2b87(big blind) showed [Ad 3d] and lost with Pair of Tens
Seat 7: 6bf6dd66(small blind) folded before Flop
Seat 3: 3811b5f7 showed [Jc 9d] and won ($28) with Pair of Jacks and Pair of Tens
Seat 4: Hero folded before Flop (didn't bet)



Poker Hand #ring_864244224: NLH No Limit ($1/$2) - 2025/05/07 22:44:20
Table 'MR NLH BOMBPOT 1/2' 7-max Seat #3 is the button
Seat 2: d3be2b87 ($346.21 in chips)
Seat 7: 6bf6dd66 ($471.15 in chips)
Seat 1: 4f6ed9ef ($58.92 in chips)
Seat 3: 3811b5f7 ($54 in chips)
Seat 4: Hero ($200.6 in chips)
Hero: posts small blind $1
6bf6dd66: posts big blind $2
*** HOLE CARDS ***
Dealt to d3be2b87 
Dealt to 6bf6dd66 
Dealt to 4f6ed9ef 
Dealt to 3811b5f7 
Dealt to Hero [6c 9s]
4f6ed9ef: calls $2
d3be2b87: raises $4 to $6
3811b5f7: calls $6
Hero: folds
6bf6dd66: folds
4f6ed9ef: raises $52.92 to $58.92 and is all-in
d3be2b87: calls $52.92
3811b5f7: folds
4f6ed9ef: shows [Tc Ad]
d3be2b87: shows [7d 6d]
*** FLOP *** [Qd 8d Td]
*** TURN *** [Qd 8d Td] [3h]
*** RIVER *** [Qd 8d Td 3h] [Ah]
*** SHOWDOWN ***
d3be2b87 collected $126.84 from pot
*** SUMMARY ***
Total pot $126.84
Board [Qd 8d Td 3h Ah]
Seat 2: d3be2b87 showed [7d 6d] and won ($126.84) with Queen High Flush
Seat 7: 6bf6dd66(big blind) folded before Flop
Seat 1: 4f6ed9ef showed [Tc Ad] and lost with Pair of Aces and Pair of Tens
Seat 3: 3811b5f7 folded before Flop
Seat 4: Hero(small blind) folded before Flop



Poker Hand #ring_864242698: NLH No Limit ($1/$2) - 2025/05/07 22:43:33
Table 'MR NLH BOMBPOT 1/2' 7-max Seat #2 is the button
Seat 2: d3be2b87 ($351.61 in chips)
Seat 7: 6bf6dd66 ($460.12 in chips)
Seat 1: 4f6ed9ef ($58.92 in chips)
Seat 3: 3811b5f7 ($55 in chips)
Seat 4: Hero ($206 in chips)
3811b5f7: posts small blind $1
Hero: posts big blind $2
*** HOLE CARDS ***
Dealt to d3be2b87 
Dealt to 6bf6dd66 
Dealt to 4f6ed9ef 
Dealt to 3811b5f7 
Dealt to Hero [Tc Jh]
6bf6dd66: raises $3.4 to $5.4
4f6ed9ef: folds
d3be2b87: calls $5.4
3811b5f7: folds
Hero: calls $3.4
*** FLOP *** [7h Ad 3h]
Hero: checks
6bf6dd66: bets $9
d3be2b87: folds
Hero: folds
Uncalled bet ($9) returned to 6bf6dd66
*** SHOWDOWN ***
6bf6dd66 collected $17.2 from pot
*** SUMMARY ***
Total pot $17.2
Board [7h Ad 3h]
Seat 2: d3be2b87 folded on the Flop
Seat 7: 6bf6dd66won ($17.2) with Pair of Aces
Seat 1: 4f6ed9ef folded before Flop (didn't bet)
Seat 3: 3811b5f7(small blind) folded before Flop
Seat 4: Hero(big blind) folded on the Flop



