Poker Hand #ring_860827600: NLH No Limit ($1/$2) - 2025/05/06 03:35:01
Table 'MR NLH 1/2' 7-max Seat #1 is the button
Seat 1: b0663d8d ($486.43 in chips)
Seat 2: Hero ($357.87 in chips)
Seat 3: 13f6a2b6 ($430.2 in chips)
Seat 4: 4531e5fd ($1,181.72 in chips)
Seat 7: b98f7895 ($1,109.55 in chips)
Hero: posts small blind $1
13f6a2b6: posts big blind $2
*** HOLE CARDS ***
Dealt to b0663d8d 
Dealt to Hero [Tc Td]
Dealt to 13f6a2b6 
Dealt to 4531e5fd 
Dealt to b98f7895 
4531e5fd: raises $4 to $6
b98f7895: folds
b0663d8d: raises $5.25 to $11.25
Hero: calls $10.25
13f6a2b6: folds
4531e5fd: raises $26.81 to $38.06
b0663d8d: folds
Hero: calls $26.81
*** FLOP *** [9s 3c 5h]
Hero: checks
4531e5fd: bets $67.02
Hero: calls $67.02
*** TURN *** [9s 3c 5h] [2d]
Hero: checks
4531e5fd: bets $167.55
Hero: raises $85.24 to $252.79 and is all-in
4531e5fd: calls $85.24
Hero: shows [Tc Td]
4531e5fd: shows [Ac As]
*** RIVER *** [9s 3c 5h 2d] [9c]
*** SHOWDOWN ***
4531e5fd collected $728.99 from pot
*** SUMMARY ***
Total pot $728.99
Board [9s 3c 5h 2d 9c]
Seat 1: b0663d8d folded before Flop
Seat 2: Hero(small blind) showed [Tc Td] and lost with Pair of Tens and Pair of Nines
Seat 3: 13f6a2b6(big blind) folded before Flop
Seat 4: 4531e5fd showed [Ac As] and won ($728.99) with Pair of Aces and Pair of Nines
Seat 7: b98f7895 folded before Flop (didn't bet)



Poker Hand #ring_860827059: NLH No Limit ($1/$2) - 2025/05/06 03:34:38
Table 'MR NLH 1/2' 7-max Seat #7 is the button
Seat 1: b0663d8d ($484.61 in chips)
Seat 2: Hero ($359.87 in chips)
Seat 3: 13f6a2b6 ($430.2 in chips)
Seat 4: 4531e5fd ($1,181.72 in chips)
Seat 7: b98f7895 ($1,109.55 in chips)
b0663d8d: posts small blind $1
Hero: posts big blind $2
*** HOLE CARDS ***
Dealt to b0663d8d 
Dealt to Hero [9s 5c]
Dealt to 13f6a2b6 
Dealt to 4531e5fd 
Dealt to b98f7895 
13f6a2b6: folds
4531e5fd: folds
b98f7895: folds
b0663d8d: calls $1
Hero: checks
*** FLOP *** [Qc Qd 3h]
b0663d8d: bets $2
Hero: folds
Uncalled bet ($2) returned to b0663d8d
b0663d8d: shows [3d]
*** SHOWDOWN ***
b0663d8d collected $4 from pot
*** SUMMARY ***
Total pot $4
Board [Qc Qd 3h]
Seat 1: b0663d8d(small blind) showed [3d] and won ($4) with Pair of Queens and Pair of Treys
Seat 2: Hero(big blind) folded on the Flop
Seat 3: 13f6a2b6 folded before Flop (didn't bet)
Seat 4: 4531e5fd folded before Flop (didn't bet)
Seat 7: b98f7895 folded before Flop (didn't bet)



Poker Hand #ring_860825349: NLH No Limit ($1/$2) - 2025/05/06 03:33:27
Table 'MR NLH 1/2' 7-max Seat #4 is the button
Seat 1: b0663d8d ($486.61 in chips)
Seat 2: Hero ($359.87 in chips)
Seat 3: 13f6a2b6 ($395.22 in chips)
Seat 4: 4531e5fd ($1,199.72 in chips)
Seat 7: b98f7895 ($1,127.55 in chips)
b98f7895: posts small blind $1
b0663d8d: posts big blind $2
*** HOLE CARDS ***
Dealt to b0663d8d 
Dealt to Hero [9c Jd]
Dealt to 13f6a2b6 
Dealt to 4531e5fd 
Dealt to b98f7895 
Hero: folds
13f6a2b6: raises $3 to $5
4531e5fd: raises $13 to $18
b98f7895: calls $17
b0663d8d: folds
13f6a2b6: calls $13
*** FLOP *** [6h 4c 9s]
b98f7895: checks
13f6a2b6: checks
4531e5fd: checks
*** TURN *** [6h 4c 9s] [5d]
b98f7895: checks
13f6a2b6: checks
4531e5fd: checks
*** RIVER *** [6h 4c 9s 5d] [Tc]
b98f7895: checks
13f6a2b6: bets $56
4531e5fd: folds
b98f7895: folds
Uncalled bet ($56) returned to 13f6a2b6
*** SHOWDOWN ***
13f6a2b6 collected $56 from pot
*** SUMMARY ***
Total pot $56
Board [6h 4c 9s 5d Tc]
Seat 1: b0663d8d(big blind) folded before Flop
Seat 2: Hero folded before Flop (didn't bet)
Seat 3: 13f6a2b6won ($56) with Queen-High
Seat 4: 4531e5fd folded on the River
Seat 7: b98f7895(small blind) folded on the River



Poker Hand #ring_860823156: NLH No Limit ($1/$2) - 2025/05/06 03:31:55
Table 'MR NLH 1/2' 7-max Seat #3 is the button
Seat 1: b0663d8d ($496.61 in chips)
Seat 2: Hero ($382.37 in chips)
Seat 3: 13f6a2b6 ($548.97 in chips)
Seat 4: 4531e5fd ($1,019.72 in chips)
Seat 7: b98f7895 ($1,137.55 in chips)
4531e5fd: posts the ante $10
b98f7895: posts the ante $10
b0663d8d: posts the ante $10
Hero: posts the ante $10
13f6a2b6: posts the ante $10
*** HOLE CARDS ***
Dealt to b0663d8d 
Dealt to Hero [Jh Qd]
Dealt to 13f6a2b6 
Dealt to 4531e5fd 
Dealt to b98f7895 
*** FLOP *** [Kh As 4c]
4531e5fd: checks
b98f7895: checks
b0663d8d: checks
Hero: checks
13f6a2b6: bets $12.5
4531e5fd: calls $12.5
b98f7895: folds
b0663d8d: folds
Hero: calls $12.5
*** TURN *** [Kh As 4c] [5s]
4531e5fd: checks
Hero: checks
13f6a2b6: bets $43.75
4531e5fd: raises $87.5 to $131.25
Hero: folds
13f6a2b6: calls $87.5
*** RIVER *** [Kh As 4c 5s] [6d]
4531e5fd: bets $262.5
13f6a2b6: folds
Uncalled bet ($262.5) returned to 4531e5fd
13f6a2b6: shows [Ad]
*** SHOWDOWN ***
4531e5fd collected $350 from pot
*** SUMMARY ***
Total pot $350
Board [Kh As 4c 5s 6d]
Seat 1: b0663d8d folded on the Flop
Seat 2: Hero folded on the Turn
Seat 3: 13f6a2b6 folded on the River
Seat 4: 4531e5fd(small blind)won ($350) with Sixes-High Straight
Seat 7: b98f7895(big blind) folded on the Flop



Poker Hand #ring_860822092: NLH No Limit ($1/$2) - 2025/05/06 03:31:12
Table 'MR NLH 1/2' 7-max Seat #2 is the button
Seat 1: b0663d8d ($468.67 in chips)
Seat 2: Hero ($382.37 in chips)
Seat 3: 13f6a2b6 ($549.97 in chips)
Seat 4: 4531e5fd ($1,021.72 in chips)
Seat 7: b98f7895 ($1,163.55 in chips)
Seat 6: dd3d00c4 ($185.15 in chips)
13f6a2b6: posts small blind $1
4531e5fd: posts big blind $2
*** HOLE CARDS ***
Dealt to b0663d8d 
Dealt to Hero [8c As]
Dealt to 13f6a2b6 
Dealt to 4531e5fd 
Dealt to b98f7895 
Dealt to dd3d00c4 
dd3d00c4: calls $2
b98f7895: raises $5 to $7
b0663d8d: raises $19 to $26
Hero: folds
13f6a2b6: folds
4531e5fd: folds
dd3d00c4: folds
b98f7895: calls $19
*** FLOP *** [3c 5s 2c]
b98f7895: checks
b0663d8d: bets $19.95
b98f7895: folds
Uncalled bet ($19.95) returned to b0663d8d
*** SHOWDOWN ***
b0663d8d collected $57 from pot
*** SUMMARY ***
Total pot $57
Board [3c 5s 2c]
Seat 1: b0663d8dwon ($57) with Ace-High
Seat 2: Hero folded before Flop (didn't bet)
Seat 3: 13f6a2b6(small blind) folded before Flop
Seat 4: 4531e5fd(big blind) folded before Flop
Seat 7: b98f7895 folded on the Flop
Seat 6: dd3d00c4 folded before Flop



Poker Hand #ring_860821032: NLH No Limit ($1/$2) - 2025/05/06 03:30:28
Table 'MR NLH 1/2' 7-max Seat #1 is the button
Seat 1: b0663d8d ($500.67 in chips)
Seat 2: Hero ($383.37 in chips)
Seat 3: 13f6a2b6 ($551.97 in chips)
Seat 4: 4531e5fd ($1,053.72 in chips)
Seat 7: b98f7895 ($1,070.94 in chips)
Seat 6: dd3d00c4 ($217.15 in chips)
Hero: posts small blind $1
13f6a2b6: posts big blind $2
*** HOLE CARDS ***
Dealt to b0663d8d 
Dealt to Hero [3h 6h]
Dealt to 13f6a2b6 
Dealt to 4531e5fd 
Dealt to b98f7895 
Dealt to dd3d00c4 
4531e5fd: raises $4 to $6
dd3d00c4: calls $6
b98f7895: raises $26 to $32
b0663d8d: calls $32
Hero: folds
13f6a2b6: folds
4531e5fd: calls $26
dd3d00c4: calls $26
*** FLOP *** [8h 5s Js]
4531e5fd: checks
dd3d00c4: checks
b98f7895: bets $43.23
b0663d8d: folds
4531e5fd: folds
dd3d00c4: folds
Uncalled bet ($43.23) returned to b98f7895
*** SHOWDOWN ***
b98f7895 collected $131 from pot
*** SUMMARY ***
Total pot $131
Board [8h 5s Js]
Seat 1: b0663d8d folded on the Flop
Seat 2: Hero(small blind) folded before Flop
Seat 3: 13f6a2b6(big blind) folded before Flop
Seat 4: 4531e5fd folded on the Flop
Seat 7: b98f7895won ($131) with Three Jacks
Seat 6: dd3d00c4 folded on the Flop



Poker Hand #ring_860819573: NLH No Limit ($1/$2) - 2025/05/06 03:29:28
Table 'MR NLH 1/2' 7-max Seat #7 is the button
Seat 1: b0663d8d ($501.67 in chips)
Seat 2: Hero ($403.62 in chips)
Seat 3: 13f6a2b6 ($551.97 in chips)
Seat 4: 4531e5fd ($1,029.1 in chips)
Seat 7: b98f7895 ($1,076.94 in chips)
Seat 6: dd3d00c4 ($217.15 in chips)
b0663d8d: posts small blind $1
Hero: posts big blind $2
*** HOLE CARDS ***
Dealt to b0663d8d 
Dealt to Hero [Js 9h]
Dealt to 13f6a2b6 
Dealt to 4531e5fd 
Dealt to b98f7895 
Dealt to dd3d00c4 
13f6a2b6: folds
4531e5fd: raises $4 to $6
dd3d00c4: folds
b98f7895: calls $6
b0663d8d: folds
Hero: calls $4
*** FLOP *** [Qs Kc 3d]
Hero: checks
4531e5fd: bets $14.25
b98f7895: folds
Hero: calls $14.25
*** TURN *** [Qs Kc 3d] [6d]
Hero: checks
4531e5fd: checks
*** RIVER *** [Qs Kc 3d 6d] [7s]
Hero: checks
4531e5fd: checks
Hero: shows [Js 9h]
4531e5fd: shows [Ac Jc]
*** SHOWDOWN ***
4531e5fd collected $47.5 from pot
*** SUMMARY ***
Total pot $47.5
Board [Qs Kc 3d 6d 7s]
Seat 1: b0663d8d(small blind) folded before Flop
Seat 2: Hero(big blind) showed [Js 9h] and lost with King-High
Seat 3: 13f6a2b6 folded before Flop (didn't bet)
Seat 4: 4531e5fd showed [Ac Jc] and won ($47.5) with Ace-High
Seat 7: b98f7895 folded on the Flop
Seat 6: dd3d00c4 folded before Flop (didn't bet)



Poker Hand #ring_860818411: NLH No Limit ($1/$2) - 2025/05/06 03:28:44
Table 'MR NLH 1/2' 7-max Seat #6 is the button
Seat 1: b0663d8d ($503.67 in chips)
Seat 2: Hero ($368.63 in chips)
Seat 3: 13f6a2b6 ($551.97 in chips)
Seat 4: 4531e5fd ($1,029.1 in chips)
Seat 7: b98f7895 ($1,077.94 in chips)
Seat 6: dd3d00c4 ($253 in chips)
b98f7895: posts small blind $1
b0663d8d: posts big blind $2
*** HOLE CARDS ***
Dealt to b0663d8d 
Dealt to Hero [Js Ks]
Dealt to 13f6a2b6 
Dealt to 4531e5fd 
Dealt to b98f7895 
Dealt to dd3d00c4 
Hero: raises $4 to $6
13f6a2b6: folds
4531e5fd: folds
dd3d00c4: raises $15 to $21
b98f7895: folds
b0663d8d: folds
Hero: calls $15
*** FLOP *** [Qd Qs Kh]
Hero: checks
dd3d00c4: bets $14.85
Hero: calls $14.85
*** TURN *** [Qd Qs Kh] [7s]
Hero: checks
dd3d00c4: checks
*** RIVER *** [Qd Qs Kh 7s] [6s]
Hero: checks
dd3d00c4: checks
Hero: shows [Js Ks]
dd3d00c4: shows [Td Ts]
*** SHOWDOWN ***
Hero collected $74.7 from pot
*** SUMMARY ***
Total pot $74.7
Board [Qd Qs Kh 7s 6s]
Seat 1: b0663d8d(big blind) folded before Flop
Seat 2: Hero showed [Js Ks] and won ($74.7) with King High Flush
Seat 3: 13f6a2b6 folded before Flop (didn't bet)
Seat 4: 4531e5fd folded before Flop (didn't bet)
Seat 7: b98f7895(small blind) folded before Flop
Seat 6: dd3d00c4 showed [Td Ts] and lost with Pair of Queens and Pair of Tens



Poker Hand #ring_860812868: NLH No Limit ($1/$2) - 2025/05/06 03:24:58
Table 'MR NLH 1/2' 7-max Seat #4 is the button
Seat 1: b0663d8d ($503.67 in chips)
Seat 2: Hero ($772.93 in chips)
Seat 3: 13f6a2b6 ($621.97 in chips)
Seat 4: 4531e5fd ($591.97 in chips)
Seat 7: b98f7895 ($1,079.94 in chips)
Seat 6: dd3d00c4 ($254 in chips)
dd3d00c4: posts small blind $1
b98f7895: posts big blind $2
*** HOLE CARDS ***
Dealt to b0663d8d 
Dealt to Hero [Qs Qc]
Dealt to 13f6a2b6 
Dealt to 4531e5fd 
Dealt to b98f7895 
Dealt to dd3d00c4 
b0663d8d: folds
Hero: raises $4 to $6
13f6a2b6: raises $14 to $20
4531e5fd: calls $20
dd3d00c4: folds
b98f7895: folds
Hero: raises $50 to $70
13f6a2b6: calls $50
4531e5fd: calls $50
*** FLOP *** [3h 3s Kh]
Hero: bets $63.9
13f6a2b6: folds
4531e5fd: calls $63.9
*** TURN *** [3h 3s Kh] [4s]
Hero: checks
4531e5fd: checks
*** RIVER *** [3h 3s Kh 4s] [6c]
Hero: bets $50
4531e5fd: raises $220.4 to $270.4
Hero: calls $220.4
Hero: shows [Qs Qc]
4531e5fd: shows [3d 3c]
*** SHOWDOWN ***
4531e5fd collected $881.6 from pot
*** SUMMARY ***
Total pot $881.6
Board [3h 3s Kh 4s 6c]
Seat 1: b0663d8d folded before Flop (didn't bet)
Seat 2: Hero showed [Qs Qc] and lost with Pair of Queens and Pair of Treys
Seat 3: 13f6a2b6 folded on the Flop
Seat 4: 4531e5fd showed [3d 3c] and won ($881.6) with Four Treys
Seat 7: b98f7895(big blind) folded before Flop
Seat 6: dd3d00c4(small blind) folded before Flop



Poker Hand #ring_860811602: NLH No Limit ($1/$2) - 2025/05/06 03:24:07
Table 'MR NLH 1/2' 7-max Seat #3 is the button
Seat 1: b0663d8d ($423.83 in chips)
Seat 2: Hero ($796.93 in chips)
Seat 3: 13f6a2b6 ($621.97 in chips)
Seat 4: 4531e5fd ($652.97 in chips)
Seat 7: b98f7895 ($1,079.94 in chips)
Seat 6: dd3d00c4 ($256 in chips)
4531e5fd: posts small blind $1
dd3d00c4: posts big blind $2
*** HOLE CARDS ***
Dealt to b0663d8d 
Dealt to Hero [Qd Qs]
Dealt to 13f6a2b6 
Dealt to 4531e5fd 
Dealt to b98f7895 
Dealt to dd3d00c4 
b98f7895: folds
b0663d8d: raises $4 to $6
Hero: raises $18 to $24
13f6a2b6: folds
4531e5fd: calls $23
dd3d00c4: folds
b0663d8d: calls $18
*** FLOP *** [8h Ts Ad]
4531e5fd: checks
b0663d8d: checks
Hero: checks
*** TURN *** [8h Ts Ad] [2s]
4531e5fd: bets $37
b0663d8d: raises $112.48 to $149.48
Hero: folds
4531e5fd: folds
Uncalled bet ($112.48) returned to b0663d8d
*** SHOWDOWN ***
b0663d8d collected $148 from pot
*** SUMMARY ***
Total pot $148
Board [8h Ts Ad 2s]
Seat 1: b0663d8dwon ($148) with Ace-High
Seat 2: Hero folded on the Turn
Seat 3: 13f6a2b6 folded before Flop (didn't bet)
Seat 4: 4531e5fd(small blind) folded on the Turn
Seat 7: b98f7895 folded before Flop (didn't bet)
Seat 6: dd3d00c4(big blind) folded before Flop



Poker Hand #ring_860810737: NLH No Limit ($1/$2) - 2025/05/06 03:23:32
Table 'MR NLH 1/2' 7-max Seat #2 is the button
Seat 1: b0663d8d ($444.83 in chips)
Seat 2: Hero ($796.93 in chips)
Seat 3: 13f6a2b6 ($622.97 in chips)
Seat 4: 4531e5fd ($628.63 in chips)
Seat 7: b98f7895 ($1,084.94 in chips)
13f6a2b6: posts small blind $1
4531e5fd: posts big blind $2
*** HOLE CARDS ***
Dealt to b0663d8d 
Dealt to Hero [5s Kd]
Dealt to 13f6a2b6 
Dealt to 4531e5fd 
Dealt to b98f7895 
b98f7895: raises $3 to $5
b0663d8d: calls $5
Hero: folds
13f6a2b6: folds
4531e5fd: raises $16 to $21
b98f7895: folds
b0663d8d: calls $16
*** FLOP *** [Qd Kc 3d]
4531e5fd: bets $36
b0663d8d: folds
Uncalled bet ($36) returned to 4531e5fd
*** SHOWDOWN ***
4531e5fd collected $48 from pot
*** SUMMARY ***
Total pot $48
Board [Qd Kc 3d]
Seat 1: b0663d8d folded on the Flop
Seat 2: Hero folded before Flop (didn't bet)
Seat 3: 13f6a2b6(small blind) folded before Flop
Seat 4: 4531e5fd(big blind)won ($48) with King-High
Seat 7: b98f7895 folded before Flop



Poker Hand #ring_860810163: NLH No Limit ($1/$2) - 2025/05/06 03:23:08
Table 'MR NLH 1/2' 7-max Seat #1 is the button
Seat 1: b0663d8d ($444.83 in chips)
Seat 2: Hero ($797.93 in chips)
Seat 3: 13f6a2b6 ($624.97 in chips)
Seat 4: 4531e5fd ($625.63 in chips)
Seat 7: b98f7895 ($1,084.94 in chips)
Hero: posts small blind $1
13f6a2b6: posts big blind $2
*** HOLE CARDS ***
Dealt to b0663d8d 
Dealt to Hero [Td 5c]
Dealt to 13f6a2b6 
Dealt to 4531e5fd 
Dealt to b98f7895 
4531e5fd: raises $5 to $7
b98f7895: folds
b0663d8d: folds
Hero: folds
13f6a2b6: folds
Uncalled bet ($5) returned to 4531e5fd
*** SHOWDOWN ***
4531e5fd collected $5 from pot
*** SUMMARY ***
Total pot $5
Seat 1: b0663d8d folded before Flop (didn't bet)
Seat 2: Hero(small blind) folded before Flop
Seat 3: 13f6a2b6(big blind) folded before Flop
Seat 4: 4531e5fdwon ($5)
Seat 7: b98f7895 folded before Flop (didn't bet)



Poker Hand #ring_860809098: NLH No Limit ($1/$2) - 2025/05/06 03:22:23
Table 'MR NLH 1/2' 7-max Seat #7 is the button
Seat 1: b0663d8d ($451.83 in chips)
Seat 2: Hero ($804.93 in chips)
Seat 3: 13f6a2b6 ($624.97 in chips)
Seat 4: 4531e5fd ($613.07 in chips)
Seat 7: b98f7895 ($1,084.94 in chips)
b0663d8d: posts small blind $1
Hero: posts big blind $2
*** HOLE CARDS ***
Dealt to b0663d8d 
Dealt to Hero [5s Ks]
Dealt to 13f6a2b6 
Dealt to 4531e5fd 
Dealt to b98f7895 
13f6a2b6: folds
4531e5fd: raises $5 to $7
b98f7895: folds
b0663d8d: calls $6
Hero: calls $5
*** FLOP *** [Jh Ac 9d]
b0663d8d: checks
Hero: checks
4531e5fd: bets $15.75
b0663d8d: folds
Hero: folds
Uncalled bet ($15.75) returned to 4531e5fd
*** SHOWDOWN ***
4531e5fd collected $21 from pot
*** SUMMARY ***
Total pot $21
Board [Jh Ac 9d]
Seat 1: b0663d8d(small blind) folded on the Flop
Seat 2: Hero(big blind) folded on the Flop
Seat 3: 13f6a2b6 folded before Flop (didn't bet)
Seat 4: 4531e5fdwon ($21) with Ace-High
Seat 7: b98f7895 folded before Flop (didn't bet)



Poker Hand #ring_860808117: NLH No Limit ($1/$2) - 2025/05/06 03:21:42
Table 'MR NLH 1/2' 7-max Seat #4 is the button
Seat 1: b0663d8d ($339.86 in chips)
Seat 2: Hero ($814.93 in chips)
Seat 3: 13f6a2b6 ($634.97 in chips)
Seat 4: 4531e5fd ($705.17 in chips)
Seat 7: b98f7895 ($1,094.94 in chips)
b98f7895: posts the ante $10
b0663d8d: posts the ante $10
Hero: posts the ante $10
13f6a2b6: posts the ante $10
4531e5fd: posts the ante $10
*** HOLE CARDS ***
Dealt to b0663d8d 
Dealt to Hero [9d Kh]
Dealt to 13f6a2b6 
Dealt to 4531e5fd 
Dealt to b98f7895 
*** FLOP *** [3d 6h Jh]
b98f7895: checks
b0663d8d: bets $17.5
Hero: folds
13f6a2b6: folds
4531e5fd: calls $17.5
b98f7895: folds
*** TURN *** [3d 6h Jh] [5d]
b0663d8d: bets $64.6
4531e5fd: calls $64.6
*** RIVER *** [3d 6h Jh 5d] [3s]
b0663d8d: bets $107.1
4531e5fd: folds
Uncalled bet ($107.1) returned to b0663d8d
*** SHOWDOWN ***
b0663d8d collected $214.2 from pot
*** SUMMARY ***
Total pot $214.2
Board [3d 6h Jh 5d 3s]
Seat 1: b0663d8d(big blind)won ($214.2) with Sixes-High Straight
Seat 2: Hero folded on the Flop
Seat 3: 13f6a2b6 folded on the Flop
Seat 4: 4531e5fd folded on the River
Seat 7: b98f7895(small blind) folded on the Flop



Poker Hand #ring_860806322: NLH No Limit ($1/$2) - 2025/05/06 03:20:26
Table 'MR NLH 1/2' 7-max Seat #3 is the button
Seat 1: b0663d8d ($355.86 in chips)
Seat 2: Hero ($814.93 in chips)
Seat 3: 13f6a2b6 ($387.59 in chips)
Seat 4: 4531e5fd ($958.67 in chips)
Seat 7: b98f7895 ($1,096.94 in chips)
4531e5fd: posts small blind $1
b98f7895: posts big blind $2
*** HOLE CARDS ***
Dealt to b0663d8d 
Dealt to Hero [6c Ks]
Dealt to 13f6a2b6 
Dealt to 4531e5fd 
Dealt to b98f7895 
b0663d8d: raises $4 to $6
Hero: folds
13f6a2b6: calls $6
4531e5fd: calls $5
b98f7895: folds
*** FLOP *** [6d 8d 3c]
4531e5fd: checks
b0663d8d: bets $10
13f6a2b6: raises $20 to $30
4531e5fd: calls $30
b0663d8d: folds
*** TURN *** [6d 8d 3c] [Jh]
4531e5fd: checks
13f6a2b6: bets $60
4531e5fd: calls $60
*** RIVER *** [6d 8d 3c Jh] [Js]
4531e5fd: bets $157.5
13f6a2b6: calls $157.5
13f6a2b6: shows [Qc Jd]
4531e5fd: shows [7d 9h]
*** SHOWDOWN ***
13f6a2b6 collected $525 from pot
*** SUMMARY ***
Total pot $525
Board [6d 8d 3c Jh Js]
Seat 1: b0663d8d folded on the Flop
Seat 2: Hero folded before Flop (didn't bet)
Seat 3: 13f6a2b6 showed [Qc Jd] and won ($525) with Three Jacks
Seat 4: 4531e5fd(small blind) showed [7d 9h] and lost with Pair of Jacks
Seat 7: b98f7895(big blind) folded before Flop



Poker Hand #ring_860805604: NLH No Limit ($1/$2) - 2025/05/06 03:19:55
Table 'MR NLH 1/2' 7-max Seat #2 is the button
Seat 1: b0663d8d ($404.86 in chips)
Seat 2: Hero ($814.93 in chips)
Seat 3: 13f6a2b6 ($388.59 in chips)
Seat 4: 4531e5fd ($913.62 in chips)
Seat 7: b98f7895 ($1,096.94 in chips)
13f6a2b6: posts small blind $1
4531e5fd: posts big blind $2
*** HOLE CARDS ***
Dealt to b0663d8d 
Dealt to Hero [3s 8h]
Dealt to 13f6a2b6 
Dealt to 4531e5fd 
Dealt to b98f7895 
b98f7895: folds
b0663d8d: raises $3 to $5
Hero: folds
13f6a2b6: folds
4531e5fd: raises $11 to $16
b0663d8d: calls $11
*** FLOP *** [9d 3d 9s]
4531e5fd: bets $33
b0663d8d: calls $33
*** TURN *** [9d 3d 9s] [3c]
4531e5fd: bets $99
b0663d8d: folds
Uncalled bet ($99) returned to 4531e5fd
*** SHOWDOWN ***
4531e5fd collected $99 from pot
*** SUMMARY ***
Total pot $99
Board [9d 3d 9s 3c]
Seat 1: b0663d8d folded on the Turn
Seat 2: Hero folded before Flop (didn't bet)
Seat 3: 13f6a2b6(small blind) folded before Flop
Seat 4: 4531e5fd(big blind)won ($99) with Pair of Nines and Pair of Fours
Seat 7: b98f7895 folded before Flop (didn't bet)



Poker Hand #ring_860804100: NLH No Limit ($1/$2) - 2025/05/06 03:18:50
Table 'MR NLH 1/2' 7-max Seat #1 is the button
Seat 1: b0663d8d ($410.86 in chips)
Seat 2: Hero ($561.18 in chips)
Seat 3: 13f6a2b6 ($390.59 in chips)
Seat 4: 4531e5fd ($1,184.62 in chips)
Seat 7: b98f7895 ($1,096.94 in chips)
Hero: posts small blind $1
13f6a2b6: posts big blind $2
*** HOLE CARDS ***
Dealt to b0663d8d 
Dealt to Hero [7d 7s]
Dealt to 13f6a2b6 
Dealt to 4531e5fd 
Dealt to b98f7895 
4531e5fd: raises $4 to $6
b98f7895: folds
b0663d8d: calls $6
Hero: calls $5
13f6a2b6: folds
*** FLOP *** [7h 5c Qs]
Hero: checks
4531e5fd: bets $15
b0663d8d: folds
Hero: calls $15
*** TURN *** [7h 5c Qs] [Qd]
Hero: checks
4531e5fd: checks
*** RIVER *** [7h 5c Qs Qd] [4d]
Hero: checks
4531e5fd: bets $37.5
Hero: raises $212.5 to $250
4531e5fd: calls $212.5
Hero: shows [7d 7s]
4531e5fd: shows [Qc Jd]
*** SHOWDOWN ***
Hero collected $550 from pot
*** SUMMARY ***
Total pot $550
Board [7h 5c Qs Qd 4d]
Seat 1: b0663d8d folded on the Flop
Seat 2: Hero(small blind) showed [7d 7s] and won ($550) with Sevens Full over Queens
Seat 3: 13f6a2b6(big blind) folded before Flop
Seat 4: 4531e5fd showed [Qc Jd] and lost with Three Queens
Seat 7: b98f7895 folded before Flop (didn't bet)



Poker Hand #ring_860802723: NLH No Limit ($1/$2) - 2025/05/06 03:17:52
Table 'MR NLH 1/2' 7-max Seat #7 is the button
Seat 1: b0663d8d ($277.13 in chips)
Seat 2: Hero ($563.18 in chips)
Seat 3: 13f6a2b6 ($390.59 in chips)
Seat 4: 4531e5fd ($1,330.02 in chips)
Seat 7: b98f7895 ($1,096.94 in chips)
b0663d8d: posts small blind $1
Hero: posts big blind $2
*** HOLE CARDS ***
Dealt to b0663d8d 
Dealt to Hero [As Td]
Dealt to 13f6a2b6 
Dealt to 4531e5fd 
Dealt to b98f7895 
13f6a2b6: folds
4531e5fd: raises $4 to $6
b98f7895: folds
b0663d8d: raises $10.64 to $16.64
Hero: folds
4531e5fd: calls $10.64
*** FLOP *** [5d Jc 3h]
b0663d8d: bets $17.64
4531e5fd: raises $23.28 to $40.92
b0663d8d: calls $23.28
*** TURN *** [5d Jc 3h] [4c]
b0663d8d: checks
4531e5fd: bets $87.84
b0663d8d: raises $131.73 to $219.57 and is all-in
4531e5fd: folds
Uncalled bet ($131.73) returned to b0663d8d
*** SHOWDOWN ***
b0663d8d collected $292.8 from pot
*** SUMMARY ***
Total pot $292.8
Board [5d Jc 3h 4c]
Seat 1: b0663d8d(small blind)won ($292.8) with Pair of Jacks
Seat 2: Hero(big blind) folded before Flop
Seat 3: 13f6a2b6 folded before Flop (didn't bet)
Seat 4: 4531e5fd folded on the Turn
Seat 7: b98f7895 folded before Flop (didn't bet)



Poker Hand #ring_860801727: NLH No Limit ($1/$2) - 2025/05/06 03:17:08
Table 'MR NLH 1/2' 7-max Seat #4 is the button
Seat 1: b0663d8d ($289.07 in chips)
Seat 2: Hero ($541.41 in chips)
Seat 3: 13f6a2b6 ($390.59 in chips)
Seat 4: 4531e5fd ($1,330.02 in chips)
Seat 7: b98f7895 ($1,108.88 in chips)
b98f7895: posts small blind $1
b0663d8d: posts big blind $2
*** HOLE CARDS ***
Dealt to b0663d8d 
Dealt to Hero [Qd 8d]
Dealt to 13f6a2b6 
Dealt to 4531e5fd 
Dealt to b98f7895 
Hero: raises $4 to $6
13f6a2b6: folds
4531e5fd: folds
b98f7895: calls $5
b0663d8d: calls $4
*** FLOP *** [3d 2d 6c]
b98f7895: bets $5.94
b0663d8d: calls $5.94
Hero: raises $18.06 to $24
b98f7895: folds
b0663d8d: folds
Uncalled bet ($18.06) returned to Hero
*** SHOWDOWN ***
Hero collected $35.82 from pot
*** SUMMARY ***
Total pot $35.82
Board [3d 2d 6c]
Seat 1: b0663d8d(big blind) folded on the Flop
Seat 2: Herowon ($35.82) with Queen-High
Seat 3: 13f6a2b6 folded before Flop (didn't bet)
Seat 4: 4531e5fd folded before Flop (didn't bet)
Seat 7: b98f7895(small blind) folded on the Flop



Poker Hand #ring_860801047: NLH No Limit ($1/$2) - 2025/05/06 03:16:40
Table 'MR NLH 1/2' 7-max Seat #3 is the button
Seat 1: b0663d8d ($294.07 in chips)
Seat 2: Hero ($533.99 in chips)
Seat 3: 13f6a2b6 ($390.59 in chips)
Seat 4: 4531e5fd ($1,331.02 in chips)
Seat 7: b98f7895 ($1,110.88 in chips)
4531e5fd: posts small blind $1
b98f7895: posts big blind $2
*** HOLE CARDS ***
Dealt to b0663d8d 
Dealt to Hero [Qd Ac]
Dealt to 13f6a2b6 
Dealt to 4531e5fd 
Dealt to b98f7895 
b0663d8d: raises $3 to $5
Hero: calls $5
13f6a2b6: folds
4531e5fd: folds
b98f7895: folds
*** FLOP *** [Qh 5c 3d]
b0663d8d: checks
Hero: bets $6.5
b0663d8d: folds
Uncalled bet ($6.5) returned to Hero
Hero: shows [Ac]
*** SHOWDOWN ***
Hero collected $13 from pot
*** SUMMARY ***
Total pot $13
Board [Qh 5c 3d]
Seat 1: b0663d8d folded on the Flop
Seat 2: Hero showed [Ac] and won ($13) with Pair of Queens
Seat 3: 13f6a2b6 folded before Flop (didn't bet)
Seat 4: 4531e5fd(small blind) folded before Flop
Seat 7: b98f7895(big blind) folded before Flop



Poker Hand #ring_860800227: NLH No Limit ($1/$2) - 2025/05/06 03:16:05
Table 'MR NLH 1/2' 7-max Seat #2 is the button
Seat 1: b0663d8d ($300.07 in chips)
Seat 2: Hero ($539.99 in chips)
Seat 3: 13f6a2b6 ($391.59 in chips)
Seat 4: 4531e5fd ($1,337.02 in chips)
Seat 7: b98f7895 ($1,093.5 in chips)
13f6a2b6: posts small blind $1
4531e5fd: posts big blind $2
*** HOLE CARDS ***
Dealt to b0663d8d 
Dealt to Hero [6d 8h]
Dealt to 13f6a2b6 
Dealt to 4531e5fd 
Dealt to b98f7895 
b98f7895: raises $4 to $6
b0663d8d: calls $6
Hero: calls $6
13f6a2b6: folds
4531e5fd: calls $4
*** FLOP *** [Qs Qd Kc]
4531e5fd: checks
b98f7895: bets $8.25
b0663d8d: folds
Hero: folds
4531e5fd: folds
Uncalled bet ($8.25) returned to b98f7895
*** SHOWDOWN ***
b98f7895 collected $25 from pot
*** SUMMARY ***
Total pot $25
Board [Qs Qd Kc]
Seat 1: b0663d8d folded on the Flop
Seat 2: Hero folded on the Flop
Seat 3: 13f6a2b6(small blind) folded before Flop
Seat 4: 4531e5fd(big blind) folded on the Flop
Seat 7: b98f7895won ($25) with Pair of Kings and Pair of Queens



Poker Hand #ring_860799380: NLH No Limit ($1/$2) - 2025/05/06 03:15:29
Table 'MR NLH 1/2' 7-max Seat #1 is the button
Seat 1: b0663d8d ($296.34 in chips)
Seat 2: Hero ($541.99 in chips)
Seat 3: 13f6a2b6 ($393.59 in chips)
Seat 4: 4531e5fd ($1,337.02 in chips)
Seat 7: b98f7895 ($1,093.5 in chips)
Hero: posts small blind $1
13f6a2b6: posts big blind $2
*** HOLE CARDS ***
Dealt to b0663d8d 
Dealt to Hero [2h Ks]
Dealt to 13f6a2b6 
Dealt to 4531e5fd 
Dealt to b98f7895 
4531e5fd: folds
b98f7895: folds
b0663d8d: calls $2
Hero: calls $1
13f6a2b6: checks
*** FLOP *** [9h 7d Td]
Hero: checks
13f6a2b6: checks
b0663d8d: bets $6
Hero: folds
13f6a2b6: folds
Uncalled bet ($6) returned to b0663d8d
*** SHOWDOWN ***
b0663d8d collected $6 from pot
*** SUMMARY ***
Total pot $6
Board [9h 7d Td]
Seat 1: b0663d8dwon ($6) with Pair of Tens
Seat 2: Hero(small blind) folded on the Flop
Seat 3: 13f6a2b6(big blind) folded on the Flop
Seat 4: 4531e5fd folded before Flop (didn't bet)
Seat 7: b98f7895 folded before Flop (didn't bet)



Poker Hand #ring_860797682: NLH No Limit ($1/$2) - 2025/05/06 03:14:17
Table 'MR NLH 1/2' 7-max Seat #7 is the button
Seat 1: b0663d8d ($253.89 in chips)
Seat 2: Hero ($543.99 in chips)
Seat 3: 13f6a2b6 ($387 in chips)
Seat 4: 4531e5fd ($1,376.87 in chips)
Seat 7: b98f7895 ($1,093.5 in chips)
b0663d8d: posts small blind $1
Hero: posts big blind $2
*** HOLE CARDS ***
Dealt to b0663d8d 
Dealt to Hero [Ks 5d]
Dealt to 13f6a2b6 
Dealt to 4531e5fd 
Dealt to b98f7895 
13f6a2b6: raises $3 to $5
4531e5fd: calls $5
b98f7895: folds
b0663d8d: raises $17 to $22
Hero: folds
13f6a2b6: folds
4531e5fd: calls $17
*** FLOP *** [Ac 9c 6h]
b0663d8d: bets $17.85
4531e5fd: calls $17.85
*** TURN *** [Ac 9c 6h] [4s]
b0663d8d: bets $43.35
4531e5fd: folds
Uncalled bet ($43.35) returned to b0663d8d
*** SHOWDOWN ***
b0663d8d collected $86.7 from pot
*** SUMMARY ***
Total pot $86.7
Board [Ac 9c 6h 4s]
Seat 1: b0663d8d(small blind)won ($86.7) with Pair of Aces
Seat 2: Hero(big blind) folded before Flop
Seat 3: 13f6a2b6 folded before Flop
Seat 4: 4531e5fd folded on the Turn
Seat 7: b98f7895 folded before Flop (didn't bet)



Poker Hand #ring_860796765: NLH No Limit ($1/$2) - 2025/05/06 03:13:39
Table 'MR NLH 1/2' 7-max Seat #4 is the button
Seat 1: b0663d8d ($200.71 in chips)
Seat 2: Hero ($553.99 in chips)
Seat 3: 13f6a2b6 ($397 in chips)
Seat 4: 4531e5fd ($1,404.37 in chips)
Seat 7: b98f7895 ($1,103.5 in chips)
b98f7895: posts the ante $10
b0663d8d: posts the ante $10
Hero: posts the ante $10
13f6a2b6: posts the ante $10
4531e5fd: posts the ante $10
*** HOLE CARDS ***
Dealt to b0663d8d 
Dealt to Hero [Kc 7s]
Dealt to 13f6a2b6 
Dealt to 4531e5fd 
Dealt to b98f7895 
*** FLOP *** [Qc Td Ah]
b98f7895: checks
b0663d8d: bets $17.5
Hero: folds
13f6a2b6: folds
4531e5fd: calls $17.5
b98f7895: folds
*** TURN *** [Qc Td Ah] [As]
b0663d8d: checks
4531e5fd: checks
*** RIVER *** [Qc Td Ah As] [5d]
b0663d8d: bets $29.75
4531e5fd: folds
Uncalled bet ($29.75) returned to b0663d8d
*** SHOWDOWN ***
b0663d8d collected $85 from pot
*** SUMMARY ***
Total pot $85
Board [Qc Td Ah As 5d]
Seat 1: b0663d8d(big blind)won ($85) with Pair of Aces and Pair of Queens
Seat 2: Hero folded on the Flop
Seat 3: 13f6a2b6 folded on the Flop
Seat 4: 4531e5fd folded on the River
Seat 7: b98f7895(small blind) folded on the Flop



Poker Hand #ring_860796021: NLH No Limit ($1/$2) - 2025/05/06 03:13:06
Table 'MR NLH 1/2' 7-max Seat #3 is the button
Seat 1: b0663d8d ($208.71 in chips)
Seat 2: Hero ($553.99 in chips)
Seat 3: 13f6a2b6 ($397 in chips)
Seat 4: 4531e5fd ($1,395.18 in chips)
Seat 7: b98f7895 ($1,105.5 in chips)
4531e5fd: posts small blind $1
b98f7895: posts big blind $2
*** HOLE CARDS ***
Dealt to b0663d8d 
Dealt to Hero [Ks 6d]
Dealt to 13f6a2b6 
Dealt to 4531e5fd 
Dealt to b98f7895 
b0663d8d: calls $2
Hero: folds
13f6a2b6: folds
4531e5fd: raises $6 to $8
b98f7895: folds
b0663d8d: calls $6
*** FLOP *** [Kd 5h Ts]
4531e5fd: bets $9
b0663d8d: folds
Uncalled bet ($9) returned to 4531e5fd
*** SHOWDOWN ***
4531e5fd collected $18 from pot
*** SUMMARY ***
Total pot $18
Board [Kd 5h Ts]
Seat 1: b0663d8d folded on the Flop
Seat 2: Hero folded before Flop (didn't bet)
Seat 3: 13f6a2b6 folded before Flop (didn't bet)
Seat 4: 4531e5fd(small blind)won ($18) with Pair of Tens
Seat 7: b98f7895(big blind) folded before Flop



Poker Hand #ring_860795463: NLH No Limit ($1/$2) - 2025/05/06 03:12:43
Table 'MR NLH 1/2' 7-max Seat #2 is the button
Seat 1: b0663d8d ($208.71 in chips)
Seat 2: Hero ($553.99 in chips)
Seat 3: 13f6a2b6 ($398 in chips)
Seat 4: 4531e5fd ($1,394.18 in chips)
Seat 7: b98f7895 ($1,105.5 in chips)
13f6a2b6: posts small blind $1
4531e5fd: posts big blind $2
*** HOLE CARDS ***
Dealt to b0663d8d 
Dealt to Hero [As 2d]
Dealt to 13f6a2b6 
Dealt to 4531e5fd 
Dealt to b98f7895 
b98f7895: folds
b0663d8d: folds
Hero: folds
13f6a2b6: folds
*** SHOWDOWN ***
4531e5fd collected $3 from pot
*** SUMMARY ***
Total pot $3
Seat 1: b0663d8d folded before Flop (didn't bet)
Seat 2: Hero folded before Flop (didn't bet)
Seat 3: 13f6a2b6(small blind) folded before Flop
Seat 4: 4531e5fd(big blind)won ($3)
Seat 7: b98f7895 folded before Flop (didn't bet)



Poker Hand #ring_860794357: NLH No Limit ($1/$2) - 2025/05/06 03:11:56
Table 'MR NLH 1/2' 7-max Seat #1 is the button
Seat 1: b0663d8d ($245.46 in chips)
Seat 2: Hero ($554.99 in chips)
Seat 3: 13f6a2b6 ($400 in chips)
Seat 4: 4531e5fd ($1,358.37 in chips)
Seat 7: b98f7895 ($1,105.5 in chips)
Hero: posts small blind $1
13f6a2b6: posts big blind $2
*** HOLE CARDS ***
Dealt to b0663d8d 
Dealt to Hero [Js 9c]
Dealt to 13f6a2b6 
Dealt to 4531e5fd 
Dealt to b98f7895 
4531e5fd: raises $4 to $6
b98f7895: folds
b0663d8d: raises $15 to $21
Hero: folds
13f6a2b6: folds
4531e5fd: calls $15
*** FLOP *** [3c Ad Ac]
4531e5fd: checks
b0663d8d: bets $15.75
4531e5fd: calls $15.75
*** TURN *** [3c Ad Ac] [Jc]
4531e5fd: checks
b0663d8d: checks
*** RIVER *** [3c Ad Ac Jc] [8d]
4531e5fd: bets $57.37
b0663d8d: folds
Uncalled bet ($57.37) returned to 4531e5fd
4531e5fd: shows [Kc]
*** SHOWDOWN ***
4531e5fd collected $76.5 from pot
*** SUMMARY ***
Total pot $76.5
Board [3c Ad Ac Jc 8d]
Seat 1: b0663d8d folded on the River
Seat 2: Hero(small blind) folded before Flop
Seat 3: 13f6a2b6(big blind) folded before Flop
Seat 4: 4531e5fd showed [Kc] and won ($76.5) with Pair of Aces
Seat 7: b98f7895 folded before Flop (didn't bet)



Poker Hand #ring_860793317: NLH No Limit ($1/$2) - 2025/05/06 03:11:12
Table 'MR NLH 1/2' 7-max Seat #7 is the button
Seat 1: b0663d8d ($246.46 in chips)
Seat 2: Hero ($556.99 in chips)
Seat 3: 13f6a2b6 ($400 in chips)
Seat 4: 4531e5fd ($1,451.33 in chips)
Seat 7: b98f7895 ($1,013.76 in chips)
b0663d8d: posts small blind $1
Hero: posts big blind $2
*** HOLE CARDS ***
Dealt to b0663d8d 
Dealt to Hero [2c 5c]
Dealt to 13f6a2b6 
Dealt to 4531e5fd 
Dealt to b98f7895 
13f6a2b6: raises $3 to $5
4531e5fd: raises $13 to $18
b98f7895: raises $35.2 to $53.2
b0663d8d: folds
Hero: folds
13f6a2b6: folds
4531e5fd: calls $35.2
*** FLOP *** [8c 3d 8d]
4531e5fd: checks
b98f7895: bets $37.76
4531e5fd: calls $37.76
*** TURN *** [8c 3d 8d] [4c]
4531e5fd: checks
b98f7895: checks
*** RIVER *** [8c 3d 8d 4c] [4s]
4531e5fd: checks
b98f7895: bets $2
4531e5fd: calls $2
4531e5fd: shows [As Ks]
b98f7895: shows [Ad Ah]
*** SHOWDOWN ***
b98f7895 collected $193.92 from pot
*** SUMMARY ***
Total pot $193.92
Board [8c 3d 8d 4c 4s]
Seat 1: b0663d8d(small blind) folded before Flop
Seat 2: Hero(big blind) folded before Flop
Seat 3: 13f6a2b6 folded before Flop
Seat 4: 4531e5fd showed [As Ks] and lost with Pair of Eights and Pair of Fours
Seat 7: b98f7895 showed [Ad Ah] and won ($193.92) with Pair of Aces and Pair of Eights



Poker Hand #ring_860792673: NLH No Limit ($1/$2) - 2025/05/06 03:10:46
Table 'MR NLH 1/2' 7-max Seat #4 is the button
Seat 1: b0663d8d ($241 in chips)
Seat 2: Hero ($556.99 in chips)
Seat 3: 13f6a2b6 ($400 in chips)
Seat 4: 4531e5fd ($1,451.33 in chips)
Seat 7: b98f7895 ($1,019.76 in chips)
b98f7895: posts small blind $1
b0663d8d: posts big blind $2
*** HOLE CARDS ***
Dealt to b0663d8d 
Dealt to Hero [5h 2s]
Dealt to 13f6a2b6 
Dealt to 4531e5fd 
Dealt to b98f7895 
Hero: folds
13f6a2b6: folds
4531e5fd: folds
b98f7895: raises $4 to $6
b0663d8d: calls $4
*** FLOP *** [5c 8c 7h]
b98f7895: checks
b0663d8d: bets $9.12
b98f7895: folds
Uncalled bet ($9.12) returned to b0663d8d
*** SHOWDOWN ***
b0663d8d collected $12 from pot
*** SUMMARY ***
Total pot $12
Board [5c 8c 7h]
Seat 1: b0663d8d(big blind)won ($12) with Pair of Eights
Seat 2: Hero folded before Flop (didn't bet)
Seat 3: 13f6a2b6 folded before Flop (didn't bet)
Seat 4: 4531e5fd folded before Flop (didn't bet)
Seat 7: b98f7895(small blind) folded on the Flop



Poker Hand #ring_860792311: NLH No Limit ($1/$2) - 2025/05/06 03:10:30
Table 'MR NLH 1/2' 7-max Seat #3 is the button
Seat 1: b0663d8d ($238 in chips)
Seat 2: Hero ($556.99 in chips)
Seat 3: 13f6a2b6 ($385.24 in chips)
Seat 4: 4531e5fd ($1,452.33 in chips)
Seat 7: b98f7895 ($1,021.76 in chips)
4531e5fd: posts small blind $1
b98f7895: posts big blind $2
*** HOLE CARDS ***
Dealt to b0663d8d 
Dealt to Hero [7d Qd]
Dealt to 13f6a2b6 
Dealt to 4531e5fd 
Dealt to b98f7895 
b0663d8d: raises $4 to $6
Hero: folds
13f6a2b6: folds
4531e5fd: folds
b98f7895: folds
Uncalled bet ($4) returned to b0663d8d
*** SHOWDOWN ***
b0663d8d collected $5 from pot
*** SUMMARY ***
Total pot $5
Seat 1: b0663d8dwon ($5)
Seat 2: Hero folded before Flop (didn't bet)
Seat 3: 13f6a2b6 folded before Flop (didn't bet)
Seat 4: 4531e5fd(small blind) folded before Flop
Seat 7: b98f7895(big blind) folded before Flop



Poker Hand #ring_860791157: NLH No Limit ($1/$2) - 2025/05/06 03:09:43
Table 'MR NLH 1/2' 7-max Seat #2 is the button
Seat 1: b0663d8d ($250 in chips)
Seat 2: Hero ($558.99 in chips)
Seat 3: 13f6a2b6 ($371 in chips)
Seat 4: 4531e5fd ($1,454.33 in chips)
Seat 7: b98f7895 ($1,021.76 in chips)
13f6a2b6: posts small blind $1
4531e5fd: posts big blind $2
b0663d8d: posts big blind $2
*** HOLE CARDS ***
Dealt to b0663d8d 
Dealt to Hero [Qh 3h]
Dealt to 13f6a2b6 
Dealt to 4531e5fd 
Dealt to b98f7895 
b98f7895: folds
b0663d8d: checks
Hero: calls $2
13f6a2b6: raises $10 to $12
4531e5fd: folds
b0663d8d: calls $10
Hero: folds
*** FLOP *** [4s Ac As]
13f6a2b6: bets $7
b0663d8d: folds
Uncalled bet ($7) returned to 13f6a2b6
*** SHOWDOWN ***
13f6a2b6 collected $28 from pot
*** SUMMARY ***
Total pot $28
Board [4s Ac As]
Seat 1: b0663d8d folded on the Flop
Seat 2: Hero folded before Flop
Seat 3: 13f6a2b6(small blind)won ($28) with Three Aces
Seat 4: 4531e5fd(big blind) folded before Flop
Seat 7: b98f7895 folded before Flop (didn't bet)



Poker Hand #ring_860789518: NLH No Limit ($1/$2) - 2025/05/06 03:08:36
Table 'MR NLH 1/2' 7-max Seat #7 is the button
Seat 2: Hero ($537.65 in chips)
Seat 3: 13f6a2b6 ($395 in chips)
Seat 4: 4531e5fd ($1,454.33 in chips)
Seat 7: b98f7895 ($1,021.76 in chips)
Hero: posts small blind $1
13f6a2b6: posts big blind $2
*** HOLE CARDS ***
Dealt to Hero [2c 2d]
Dealt to 13f6a2b6 
Dealt to 4531e5fd 
Dealt to b98f7895 
4531e5fd: folds
b98f7895: folds
Hero: raises $4 to $6
13f6a2b6: raises $18 to $24
Hero: calls $18
*** FLOP *** [3s 5s 6c]
Hero: checks
13f6a2b6: checks
*** TURN *** [3s 5s 6c] [8h]
Hero: checks
13f6a2b6: checks
*** RIVER *** [3s 5s 6c 8h] [9h]
Hero: checks
13f6a2b6: checks
Hero: shows [2c 2d]
13f6a2b6: shows [Kd Jd]
*** SHOWDOWN ***
Hero collected $48 from pot
*** SUMMARY ***
Total pot $48
Board [3s 5s 6c 8h 9h]
Seat 2: Hero(small blind) showed [2c 2d] and won ($48) with Pair of Twos
Seat 3: 13f6a2b6(big blind) showed [Kd Jd] and lost with King-High
Seat 4: 4531e5fd folded before Flop (didn't bet)
Seat 7: b98f7895 folded before Flop (didn't bet)



Poker Hand #ring_860788743: NLH No Limit ($1/$2) - 2025/05/06 03:08:04
Table 'MR NLH 1/2' 7-max Seat #4 is the button
Seat 2: Hero ($532.14 in chips)
Seat 3: 13f6a2b6 ($400 in chips)
Seat 4: 4531e5fd ($1,454.33 in chips)
Seat 7: b98f7895 ($1,022.76 in chips)
b98f7895: posts small blind $1
Hero: posts big blind $2
*** HOLE CARDS ***
Dealt to Hero [6d 4c]
Dealt to 13f6a2b6 
Dealt to 4531e5fd 
Dealt to b98f7895 
13f6a2b6: raises $3 to $5
4531e5fd: folds
b98f7895: folds
Hero: calls $3
*** FLOP *** [6c 7h Ac]
Hero: checks
13f6a2b6: checks
*** TURN *** [6c 7h Ac] [8h]
Hero: checks
13f6a2b6: checks
*** RIVER *** [6c 7h Ac 8h] [5s]
Hero: checks
13f6a2b6: checks
Hero: shows [6d 4c]
13f6a2b6: shows [3s 3d]
*** SHOWDOWN ***
Hero collected $11 from pot
*** SUMMARY ***
Total pot $11
Board [6c 7h Ac 8h 5s]
Seat 2: Hero(big blind) showed [6d 4c] and won ($11) with Eights-High Straight
Seat 3: 13f6a2b6 showed [3s 3d] and lost with Pair of Treys
Seat 4: 4531e5fd folded before Flop (didn't bet)
Seat 7: b98f7895(small blind) folded before Flop



Poker Hand #ring_860787491: NLH No Limit ($1/$2) - 2025/05/06 03:07:12
Table 'MR NLH 1/2' 7-max Seat #3 is the button
Seat 2: Hero ($542.14 in chips)
Seat 3: 13f6a2b6 ($512.7 in chips)
Seat 4: 4531e5fd ($1,308.33 in chips)
Seat 7: b98f7895 ($1,032.76 in chips)
4531e5fd: posts the ante $10
b98f7895: posts the ante $10
Hero: posts the ante $10
13f6a2b6: posts the ante $10
*** HOLE CARDS ***
Dealt to Hero [9h 9c]
Dealt to 13f6a2b6 
Dealt to 4531e5fd 
Dealt to b98f7895 
*** FLOP *** [Qh Jh 3d]
4531e5fd: bets $40
b98f7895: folds
Hero: folds
13f6a2b6: calls $40
*** TURN *** [Qh Jh 3d] [3c]
4531e5fd: bets $90
13f6a2b6: calls $90
*** RIVER *** [Qh Jh 3d 3c] [Ad]
4531e5fd: bets $150
13f6a2b6: folds
Uncalled bet ($150) returned to 4531e5fd
13f6a2b6: shows [Qd]
4531e5fd: shows [Ks Kd]
*** SHOWDOWN ***
4531e5fd collected $300 from pot
*** SUMMARY ***
Total pot $300
Board [Qh Jh 3d 3c Ad]
Seat 2: Hero folded on the Flop
Seat 3: 13f6a2b6 folded on the River
Seat 4: 4531e5fd(small blind) showed [Ks Kd] and won ($300) with Pair of Kings and Pair of Treys
Seat 7: b98f7895(big blind) folded on the Flop



Poker Hand #ring_860784618: NLH No Limit ($1/$2) - 2025/05/06 03:05:14
Table 'MR NLH 1/2' 7-max Seat #2 is the button
Seat 2: Hero ($658.14 in chips)
Seat 3: 13f6a2b6 ($400 in chips)
Seat 4: 4531e5fd ($1,310.33 in chips)
Seat 7: b98f7895 ($1,038.76 in chips)
13f6a2b6: posts small blind $1
4531e5fd: posts big blind $2
*** HOLE CARDS ***
Dealt to Hero [Ks Qs]
Dealt to 13f6a2b6 
Dealt to 4531e5fd 
Dealt to b98f7895 
b98f7895: raises $4 to $6
Hero: calls $6
13f6a2b6: calls $5
4531e5fd: folds
*** FLOP *** [8s 3c 5s]
13f6a2b6: checks
b98f7895: checks
Hero: bets $10
13f6a2b6: raises $20 to $30
b98f7895: folds
Hero: calls $20
*** TURN *** [8s 3c 5s] [Kd]
13f6a2b6: bets $80
Hero: calls $80
*** RIVER *** [8s 3c 5s Kd] [8c]
13f6a2b6: bets $284 and is all-in
Hero: folds
Uncalled bet ($284) returned to 13f6a2b6
Hero: shows [Ks]
13f6a2b6: shows [8d]
*** SHOWDOWN ***
13f6a2b6 collected $240 from pot
*** SUMMARY ***
Total pot $240
Board [8s 3c 5s Kd 8c]
Seat 2: Hero folded on the River
Seat 3: 13f6a2b6(small blind) showed [8d] and won ($240) with Eights Full over Fives
Seat 4: 4531e5fd(big blind) folded before Flop
Seat 7: b98f7895 folded on the Flop



Poker Hand #ring_860783884: NLH No Limit ($1/$2) - 2025/05/06 03:04:44
Table 'MR NLH 1/2' 7-max Seat #7 is the button
Seat 2: Hero ($659.14 in chips)
Seat 3: 13f6a2b6 ($377.82 in chips)
Seat 4: 4531e5fd ($1,310.33 in chips)
Seat 7: b98f7895 ($1,033.25 in chips)
Hero: posts small blind $1
13f6a2b6: posts big blind $2
*** HOLE CARDS ***
Dealt to Hero [4h 5c]
Dealt to 13f6a2b6 
Dealt to 4531e5fd 
Dealt to b98f7895 
4531e5fd: folds
b98f7895: raises $3 to $5
Hero: folds
13f6a2b6: calls $3
*** FLOP *** [3s 3d Kc]
13f6a2b6: checks
b98f7895: bets $3.63
13f6a2b6: folds
Uncalled bet ($3.63) returned to b98f7895
*** SHOWDOWN ***
b98f7895 collected $11 from pot
*** SUMMARY ***
Total pot $11
Board [3s 3d Kc]
Seat 2: Hero(small blind) folded before Flop
Seat 3: 13f6a2b6(big blind) folded on the Flop
Seat 4: 4531e5fd folded before Flop (didn't bet)
Seat 7: b98f7895won ($11) with Pair of Kings and Pair of Treys



Poker Hand #ring_860783299: NLH No Limit ($1/$2) - 2025/05/06 03:04:20
Table 'MR NLH 1/2' 7-max Seat #4 is the button
Seat 2: Hero ($665.14 in chips)
Seat 3: 13f6a2b6 ($377.82 in chips)
Seat 4: 4531e5fd ($1,303.91 in chips)
Seat 7: b98f7895 ($1,034.25 in chips)
b98f7895: posts small blind $1
Hero: posts big blind $2
*** HOLE CARDS ***
Dealt to Hero [6d 9d]
Dealt to 13f6a2b6 
Dealt to 4531e5fd 
Dealt to b98f7895 
13f6a2b6: folds
4531e5fd: raises $4 to $6
b98f7895: folds
Hero: calls $4
*** FLOP *** [4h As 3s]
Hero: checks
4531e5fd: bets $9.75
Hero: folds
Uncalled bet ($9.75) returned to 4531e5fd
*** SHOWDOWN ***
4531e5fd collected $13 from pot
*** SUMMARY ***
Total pot $13
Board [4h As 3s]
Seat 2: Hero(big blind) folded on the Flop
Seat 3: 13f6a2b6 folded before Flop (didn't bet)
Seat 4: 4531e5fdwon ($13) with Ace-High
Seat 7: b98f7895(small blind) folded before Flop



Poker Hand #ring_860781810: NLH No Limit ($1/$2) - 2025/05/06 03:03:20
Table 'MR NLH 1/2' 7-max Seat #3 is the button
Seat 2: Hero ($671.14 in chips)
Seat 3: 13f6a2b6 ($403.82 in chips)
Seat 4: 4531e5fd ($1,273.11 in chips)
Seat 7: b98f7895 ($1,036.25 in chips)
4531e5fd: posts small blind $1
b98f7895: posts big blind $2
*** HOLE CARDS ***
Dealt to Hero [7c Jc]
Dealt to 13f6a2b6 
Dealt to 4531e5fd 
Dealt to b98f7895 
Hero: raises $4 to $6
13f6a2b6: calls $6
4531e5fd: raises $20 to $26
b98f7895: folds
Hero: folds
13f6a2b6: calls $20
*** FLOP *** [Ks 6h 6s]
4531e5fd: bets $45
13f6a2b6: folds
Uncalled bet ($45) returned to 4531e5fd
*** SHOWDOWN ***
4531e5fd collected $60 from pot
*** SUMMARY ***
Total pot $60
Board [Ks 6h 6s]
Seat 2: Hero folded before Flop
Seat 3: 13f6a2b6 folded on the Flop
Seat 4: 4531e5fd(small blind)won ($60) with Pair of Nines and Pair of Sixes
Seat 7: b98f7895(big blind) folded before Flop



Poker Hand #ring_860781418: NLH No Limit ($1/$2) - 2025/05/06 03:03:04
Table 'MR NLH 1/2' 7-max Seat #2 is the button
Seat 2: Hero ($671.14 in chips)
Seat 3: 13f6a2b6 ($404.82 in chips)
Seat 4: 4531e5fd ($1,272.11 in chips)
Seat 7: b98f7895 ($1,036.25 in chips)
13f6a2b6: posts small blind $1
4531e5fd: posts big blind $2
*** HOLE CARDS ***
Dealt to Hero [6h Jc]
Dealt to 13f6a2b6 
Dealt to 4531e5fd 
Dealt to b98f7895 
b98f7895: folds
Hero: folds
13f6a2b6: folds
*** SHOWDOWN ***
4531e5fd collected $3 from pot
*** SUMMARY ***
Total pot $3
Seat 2: Hero folded before Flop (didn't bet)
Seat 3: 13f6a2b6(small blind) folded before Flop
Seat 4: 4531e5fd(big blind)won ($3)
Seat 7: b98f7895 folded before Flop (didn't bet)



Poker Hand #ring_860780332: NLH No Limit ($1/$2) - 2025/05/06 03:02:20
Table 'MR NLH 1/2' 7-max Seat #7 is the button
Seat 2: Hero ($665.68 in chips)
Seat 3: 13f6a2b6 ($410.82 in chips)
Seat 4: 4531e5fd ($1,272.11 in chips)
Seat 7: b98f7895 ($1,036.25 in chips)
Hero: posts small blind $1
13f6a2b6: posts big blind $2
*** HOLE CARDS ***
Dealt to Hero [8d 7h]
Dealt to 13f6a2b6 
Dealt to 4531e5fd 
Dealt to b98f7895 
4531e5fd: folds
b98f7895: folds
Hero: raises $4 to $6
13f6a2b6: calls $4
*** FLOP *** [2c Ad Ah]
Hero: checks
13f6a2b6: checks
*** TURN *** [2c Ad Ah] [Ks]
Hero: bets $6
13f6a2b6: folds
Uncalled bet ($6) returned to Hero
Hero: shows [7h]
*** SHOWDOWN ***
Hero collected $12 from pot
*** SUMMARY ***
Total pot $12
Board [2c Ad Ah Ks]
Seat 2: Hero(small blind) showed [7h] and won ($12) with Pair of Aces
Seat 3: 13f6a2b6(big blind) folded on the Turn
Seat 4: 4531e5fd folded before Flop (didn't bet)
Seat 7: b98f7895 folded before Flop (didn't bet)



Poker Hand #ring_860779914: NLH No Limit ($1/$2) - 2025/05/06 03:02:03
Table 'MR NLH 1/2' 7-max Seat #4 is the button
Seat 2: Hero ($664.68 in chips)
Seat 3: 13f6a2b6 ($410.82 in chips)
Seat 4: 4531e5fd ($1,272.11 in chips)
Seat 7: b98f7895 ($1,037.25 in chips)
b98f7895: posts small blind $1
Hero: posts big blind $2
*** HOLE CARDS ***
Dealt to Hero [9c 5s]
Dealt to 13f6a2b6 
Dealt to 4531e5fd 
Dealt to b98f7895 
13f6a2b6: folds
4531e5fd: folds
b98f7895: folds
*** SHOWDOWN ***
Hero collected $3 from pot
*** SUMMARY ***
Total pot $3
Seat 2: Hero(big blind)won ($3)
Seat 3: 13f6a2b6 folded before Flop (didn't bet)
Seat 4: 4531e5fd folded before Flop (didn't bet)
Seat 7: b98f7895(small blind) folded before Flop



Poker Hand #ring_860779253: NLH No Limit ($1/$2) - 2025/05/06 03:01:35
Table 'MR NLH 1/2' 7-max Seat #3 is the button
Seat 2: Hero ($675.68 in chips)
Seat 3: 13f6a2b6 ($410.82 in chips)
Seat 4: 4531e5fd ($1,260.69 in chips)
Seat 7: b98f7895 ($1,039.25 in chips)
4531e5fd: posts small blind $1
b98f7895: posts big blind $2
*** HOLE CARDS ***
Dealt to Hero [8h 9c]
Dealt to 13f6a2b6 
Dealt to 4531e5fd 
Dealt to b98f7895 
Hero: raises $3 to $5
13f6a2b6: folds
4531e5fd: calls $4
b98f7895: folds
*** FLOP *** [8s 5s Kc]
4531e5fd: checks
Hero: bets $6
4531e5fd: raises $12 to $18
Hero: folds
Uncalled bet ($12) returned to 4531e5fd
*** SHOWDOWN ***
4531e5fd collected $24 from pot
*** SUMMARY ***
Total pot $24
Board [8s 5s Kc]
Seat 2: Hero folded on the Flop
Seat 3: 13f6a2b6 folded before Flop (didn't bet)
Seat 4: 4531e5fd(small blind)won ($24) with Pair of Fives
Seat 7: b98f7895(big blind) folded before Flop



Poker Hand #ring_860777948: NLH No Limit ($1/$2) - 2025/05/06 03:00:41
Table 'MR NLH 1/2' 7-max Seat #2 is the button
Seat 2: Hero ($544.82 in chips)
Seat 3: 13f6a2b6 ($411.82 in chips)
Seat 4: 4531e5fd ($1,403.99 in chips)
Seat 7: b98f7895 ($1,039.25 in chips)
13f6a2b6: posts small blind $1
4531e5fd: posts big blind $2
*** HOLE CARDS ***
Dealt to Hero [9h As]
Dealt to 13f6a2b6 
Dealt to 4531e5fd 
Dealt to b98f7895 
b98f7895: folds
Hero: raises $4 to $6
13f6a2b6: folds
4531e5fd: calls $4
*** FLOP *** [4s 9d 3c]
4531e5fd: checks
Hero: bets $6.5
4531e5fd: calls $6.5
*** TURN *** [4s 9d 3c] [7c]
4531e5fd: checks
Hero: bets $20.8
4531e5fd: calls $20.8
*** RIVER *** [4s 9d 3c 7c] [9s]
4531e5fd: checks
Hero: bets $110
4531e5fd: calls $110
Hero: shows [9h As]
4531e5fd: shows [7d Td]
*** SHOWDOWN ***
Hero collected $287.6 from pot
*** SUMMARY ***
Total pot $287.6
Board [4s 9d 3c 7c 9s]
Seat 2: Hero showed [9h As] and won ($287.6) with Three Nines
Seat 3: 13f6a2b6(small blind) folded before Flop
Seat 4: 4531e5fd(big blind) showed [7d Td] and lost with Pair of Nines and Pair of Sevens
Seat 7: b98f7895 folded before Flop (didn't bet)



Poker Hand #ring_860777261: NLH No Limit ($1/$2) - 2025/05/06 03:00:13
Table 'MR NLH 1/2' 7-max Seat #7 is the button
Seat 2: Hero ($554.82 in chips)
Seat 3: 13f6a2b6 ($421.82 in chips)
Seat 4: 4531e5fd ($1,413.99 in chips)
Seat 7: b98f7895 ($1,011.55 in chips)
Hero: posts the ante $10
13f6a2b6: posts the ante $10
4531e5fd: posts the ante $10
b98f7895: posts the ante $10
*** HOLE CARDS ***
Dealt to Hero [Kh 6c]
Dealt to 13f6a2b6 
Dealt to 4531e5fd 
Dealt to b98f7895 
*** FLOP *** [Tc 8d Qd]
Hero: checks
13f6a2b6: checks
4531e5fd: checks
b98f7895: bets $26.4
Hero: folds
13f6a2b6: folds
4531e5fd: folds
Uncalled bet ($26.4) returned to b98f7895
4531e5fd: shows [Qs]
*** SHOWDOWN ***
b98f7895 collected $40 from pot
*** SUMMARY ***
Total pot $40
Board [Tc 8d Qd]
Seat 2: Hero(small blind) folded on the Flop
Seat 3: 13f6a2b6(big blind) folded on the Flop
Seat 4: 4531e5fd folded on the Flop
Seat 7: b98f7895won ($40) with Queens-High Straight



Poker Hand #ring_860776932: NLH No Limit ($1/$2) - 2025/05/06 03:00:00
Table 'MR NLH 1/2' 7-max Seat #0 is the button
Seat 2: Hero ($553.82 in chips)
Seat 3: 13f6a2b6 ($421.82 in chips)
Seat 4: 4531e5fd ($1,413.99 in chips)
Seat 7: b98f7895 ($1,012.55 in chips)
b98f7895: posts small blind $1
Hero: posts big blind $2
*** HOLE CARDS ***
Dealt to Hero [Td Js]
Dealt to 13f6a2b6 
Dealt to 4531e5fd 
Dealt to b98f7895 
13f6a2b6: folds
4531e5fd: folds
b98f7895: folds
*** SHOWDOWN ***
Hero collected $3 from pot
*** SUMMARY ***
Total pot $3
Seat 2: Hero(big blind)won ($3)
Seat 3: 13f6a2b6 folded before Flop (didn't bet)
Seat 4: 4531e5fd folded before Flop (didn't bet)
Seat 7: b98f7895(small blind) folded before Flop



Poker Hand #ring_860775840: NLH No Limit ($1/$2) - 2025/05/06 02:59:16
Table 'MR NLH 1/2' 7-max Seat #4 is the button
Seat 2: Hero ($553.82 in chips)
Seat 3: 13f6a2b6 ($426.82 in chips)
Seat 4: 4531e5fd ($1,418.99 in chips)
Seat 7: b98f7895 ($1,003.22 in chips)
b98f7895: posts big blind $2
*** HOLE CARDS ***
Dealt to Hero [5h Kd]
Dealt to 13f6a2b6 
Dealt to 4531e5fd 
Dealt to b98f7895 
Hero: folds
13f6a2b6: raises $3 to $5
4531e5fd: calls $5
b98f7895: calls $3
*** FLOP *** [6h Kh 3d]
b98f7895: checks
13f6a2b6: checks
4531e5fd: checks
*** TURN *** [6h Kh 3d] [5c]
b98f7895: bets $12
13f6a2b6: folds
4531e5fd: folds
Uncalled bet ($12) returned to b98f7895
*** SHOWDOWN ***
b98f7895 collected $15 from pot
*** SUMMARY ***
Total pot $15
Board [6h Kh 3d 5c]
Seat 2: Hero folded before Flop (didn't bet)
Seat 3: 13f6a2b6 folded on the Turn
Seat 4: 4531e5fd folded on the Turn
Seat 7: b98f7895(big blind)won ($15) with Pair of Fives



Poker Hand #ring_860774989: NLH No Limit ($1/$2) - 2025/05/06 02:58:41
Table 'MR NLH 1/2' 7-max Seat #3 is the button
Seat 5: 4b565a10 ($175.49 in chips)
Seat 2: Hero ($553.82 in chips)
Seat 3: 13f6a2b6 ($423.82 in chips)
Seat 4: 4531e5fd ($1,419.99 in chips)
Seat 7: b98f7895 ($1,003.22 in chips)
4531e5fd: posts small blind $1
4b565a10: posts big blind $2
*** HOLE CARDS ***
Dealt to 4b565a10 
Dealt to Hero [Qs 8d]
Dealt to 13f6a2b6 
Dealt to 4531e5fd 
Dealt to b98f7895 
b98f7895: folds
Hero: folds
13f6a2b6: raises $3 to $5
4531e5fd: folds
4b565a10: folds
Uncalled bet ($3) returned to 13f6a2b6
*** SHOWDOWN ***
13f6a2b6 collected $5 from pot
*** SUMMARY ***
Total pot $5
Seat 5: 4b565a10(big blind) folded before Flop
Seat 2: Hero folded before Flop (didn't bet)
Seat 3: 13f6a2b6won ($5)
Seat 4: 4531e5fd(small blind) folded before Flop
Seat 7: b98f7895 folded before Flop (didn't bet)



Poker Hand #ring_860773938: NLH No Limit ($1/$2) - 2025/05/06 02:57:58
Table 'MR NLH 1/2' 7-max Seat #2 is the button
Seat 2: Hero ($585.35 in chips)
Seat 3: 13f6a2b6 ($424.82 in chips)
Seat 4: 4531e5fd ($1,424.99 in chips)
Seat 7: b98f7895 ($969.29 in chips)
13f6a2b6: posts small blind $1
4531e5fd: posts big blind $2
*** HOLE CARDS ***
Dealt to Hero [7d Ac]
Dealt to 13f6a2b6 
Dealt to 4531e5fd 
Dealt to b98f7895 
b98f7895: raises $3 to $5
Hero: calls $5
13f6a2b6: folds
4531e5fd: calls $3
*** FLOP *** [Ah 5h As]
4531e5fd: checks
b98f7895: bets $5.28
Hero: calls $5.28
4531e5fd: folds
*** TURN *** [Ah 5h As] [Jc]
b98f7895: checks
Hero: checks
*** RIVER *** [Ah 5h As Jc] [8d]
b98f7895: bets $21.25
Hero: calls $21.25
Hero: shows [7d Ac]
b98f7895: shows [Js Ad]
*** SHOWDOWN ***
b98f7895 collected $69.06 from pot
*** SUMMARY ***
Total pot $69.06
Board [Ah 5h As Jc 8d]
Seat 2: Hero showed [7d Ac] and lost with Three Aces
Seat 3: 13f6a2b6(small blind) folded before Flop
Seat 4: 4531e5fd(big blind) folded on the Flop
Seat 7: b98f7895 showed [Js Ad] and won ($69.06) with Aces Full over Jacks



Poker Hand #ring_860772230: NLH No Limit ($1/$2) - 2025/05/06 02:56:49
Table 'MR NLH 1/2' 7-max Seat #0 is the button
Seat 5: 4b565a10 ($175.49 in chips)
Seat 2: Hero ($586.35 in chips)
Seat 3: 13f6a2b6 ($426.82 in chips)
Seat 4: 4531e5fd ($1,400.78 in chips)
Seat 7: b98f7895 ($993.29 in chips)
Hero: posts small blind $1
13f6a2b6: posts big blind $2
*** HOLE CARDS ***
Dealt to 4b565a10 
Dealt to Hero [Ts 6s]
Dealt to 13f6a2b6 
Dealt to 4531e5fd 
Dealt to b98f7895 
4531e5fd: raises $4 to $6
4b565a10: folds
b98f7895: raises $18 to $24
Hero: folds
13f6a2b6: folds
4531e5fd: calls $18
*** FLOP *** [5c 2c Jc]
4531e5fd: checks
b98f7895: checks
*** TURN *** [5c 2c Jc] [5h]
4531e5fd: checks
b98f7895: checks
*** RIVER *** [5c 2c Jc 5h] [9h]
4531e5fd: checks
b98f7895: checks
4531e5fd: shows [Td Js]
b98f7895: shows [Qh Ks]
*** SHOWDOWN ***
4531e5fd collected $51 from pot
*** SUMMARY ***
Total pot $51
Board [5c 2c Jc 5h 9h]
Seat 5: 4b565a10 folded before Flop (didn't bet)
Seat 2: Hero(small blind) folded before Flop
Seat 3: 13f6a2b6(big blind) folded before Flop
Seat 4: 4531e5fd showed [Td Js] and won ($51) with Pair of Jacks and Pair of Fives
Seat 7: b98f7895 showed [Qh Ks] and lost with Pair of Fives



Poker Hand #ring_860771205: NLH No Limit ($1/$2) - 2025/05/06 02:56:09
Table 'MR NLH 1/2' 7-max Seat #7 is the button
Seat 5: 4b565a10 ($175.49 in chips)
Seat 2: Hero ($588.35 in chips)
Seat 3: 13f6a2b6 ($426.82 in chips)
Seat 4: 4531e5fd ($1,268.33 in chips)
Seat 7: b98f7895 ($1,137.29 in chips)
Hero: posts big blind $2
*** HOLE CARDS ***
Dealt to 4b565a10 
Dealt to Hero [Kh Jd]
Dealt to 13f6a2b6 
Dealt to 4531e5fd 
Dealt to b98f7895 
13f6a2b6: folds
4531e5fd: raises $4 to $6
4b565a10: folds
b98f7895: raises $18 to $24
Hero: folds
4531e5fd: calls $18
*** FLOP *** [Qs 9h Kd]
4531e5fd: checks
b98f7895: bets $33
4531e5fd: raises $87 to $120
b98f7895: calls $87
*** TURN *** [Qs 9h Kd] [2d]
4531e5fd: bets $290
b98f7895: folds
Uncalled bet ($290) returned to 4531e5fd
*** SHOWDOWN ***
4531e5fd collected $290 from pot
*** SUMMARY ***
Total pot $290
Board [Qs 9h Kd 2d]
Seat 5: 4b565a10 folded before Flop (didn't bet)
Seat 2: Hero(big blind) folded before Flop
Seat 3: 13f6a2b6 folded before Flop (didn't bet)
Seat 4: 4531e5fdwon ($290) with Kings-High Straight
Seat 7: b98f7895 folded on the Turn



Poker Hand #ring_860768745: NLH No Limit ($1/$2) - 2025/05/06 02:54:32
Table 'MR NLH 1/2' 7-max Seat #5 is the button
Seat 5: 4b565a10 ($175.49 in chips)
Seat 1: bbee1fbc ($138.52 in chips)
Seat 2: Hero ($420.18 in chips)
Seat 3: 13f6a2b6 ($426.82 in chips)
Seat 4: 4531e5fd ($1,311.95 in chips)
Seat 7: b98f7895 ($1,138.29 in chips)
b98f7895: posts small blind $1
bbee1fbc: posts big blind $2
*** HOLE CARDS ***
Dealt to 4b565a10 
Dealt to bbee1fbc 
Dealt to Hero [Jh Th]
Dealt to 13f6a2b6 
Dealt to 4531e5fd 
Dealt to b98f7895 
Hero: raises $4 to $6
13f6a2b6: folds
4531e5fd: raises $11.25 to $17.25
4b565a10: folds
b98f7895: folds
bbee1fbc: calls $15.25
Hero: calls $11.25
*** FLOP *** [9d 2s 8h]
bbee1fbc: checks
Hero: checks
4531e5fd: bets $26.37
bbee1fbc: raises $94.9 to $121.27 and is all-in
Hero: calls $121.27
4531e5fd: folds
bbee1fbc: shows [Jd Tc] (Jack-High)
Hero: shows [Jh Th] (Jack-High)
*** TURN *** [9d 2s 8h] [Qh]
*** RIVER *** [9d 2s 8h Qh] [3h]
*** SHOWDOWN ***
Hero collected $321.66 from pot
*** SUMMARY ***
Total pot $321.66
Board [9d 2s 8h Qh 3h]
Seat 5: 4b565a10 folded before Flop (didn't bet)
Seat 1: bbee1fbc(big blind) showed [Jd Tc] and lost with Queens-High Straight
Seat 2: Hero showed [Jh Th] and won ($321.66) with Queen High Flush
Seat 3: 13f6a2b6 folded before Flop (didn't bet)
Seat 4: 4531e5fd folded on the Flop
Seat 7: b98f7895(small blind) folded before Flop



Poker Hand #ring_860767451: NLH No Limit ($1/$2) - 2025/05/06 02:53:42
Table 'MR NLH 1/2' 7-max Seat #4 is the button
Seat 5: 4b565a10 ($176.49 in chips)
Seat 1: bbee1fbc ($149.77 in chips)
Seat 2: Hero ($407.57 in chips)
Seat 3: 13f6a2b6 ($426.82 in chips)
Seat 4: 4531e5fd ($1,311.95 in chips)
Seat 7: b98f7895 ($1,140.29 in chips)
4b565a10: posts small blind $1
b98f7895: posts big blind $2
*** HOLE CARDS ***
Dealt to 4b565a10 
Dealt to bbee1fbc 
Dealt to Hero [8d Ad]
Dealt to 13f6a2b6 
Dealt to 4531e5fd 
Dealt to b98f7895 
bbee1fbc: calls $2
Hero: raises $4 to $6
13f6a2b6: folds
4531e5fd: folds
4b565a10: folds
b98f7895: folds
bbee1fbc: calls $4
*** FLOP *** [3s Jc As]
bbee1fbc: checks
Hero: checks
*** TURN *** [3s Jc As] [5s]
bbee1fbc: checks
Hero: checks
*** RIVER *** [3s Jc As 5s] [7h]
bbee1fbc: bets $5.25
Hero: raises $10.75 to $16
bbee1fbc: folds
Uncalled bet ($10.75) returned to Hero
*** SHOWDOWN ***
Hero collected $25.5 from pot
*** SUMMARY ***
Total pot $25.5
Board [3s Jc As 5s 7h]
Seat 5: 4b565a10(small blind) folded before Flop
Seat 1: bbee1fbc folded on the River
Seat 2: Herowon ($25.5) with Pair of Aces
Seat 3: 13f6a2b6 folded before Flop (didn't bet)
Seat 4: 4531e5fd folded before Flop (didn't bet)
Seat 7: b98f7895(big blind) folded before Flop



Poker Hand #ring_860766612: NLH No Limit ($1/$2) - 2025/05/06 02:53:09
Table 'MR NLH 1/2' 7-max Seat #3 is the button
Seat 5: 4b565a10 ($178.49 in chips)
Seat 1: bbee1fbc ($136.21 in chips)
Seat 2: Hero ($413.57 in chips)
Seat 3: 13f6a2b6 ($432.82 in chips)
Seat 4: 4531e5fd ($1,312.95 in chips)
Seat 7: b98f7895 ($1,140.29 in chips)
4531e5fd: posts small blind $1
4b565a10: posts big blind $2
*** HOLE CARDS ***
Dealt to 4b565a10 
Dealt to bbee1fbc 
Dealt to Hero [Js Qs]
Dealt to 13f6a2b6 
Dealt to 4531e5fd 
Dealt to b98f7895 
b98f7895: folds
bbee1fbc: raises $4 to $6
Hero: calls $6
13f6a2b6: calls $6
4531e5fd: folds
4b565a10: folds
*** FLOP *** [9h 8c 7h]
bbee1fbc: bets $15.96
Hero: folds
13f6a2b6: folds
Uncalled bet ($15.96) returned to bbee1fbc
*** SHOWDOWN ***
bbee1fbc collected $21 from pot
*** SUMMARY ***
Total pot $21
Board [9h 8c 7h]
Seat 5: 4b565a10(big blind) folded before Flop
Seat 1: bbee1fbcwon ($21) with Pair of Aces
Seat 2: Hero folded on the Flop
Seat 3: 13f6a2b6 folded on the Flop
Seat 4: 4531e5fd(small blind) folded before Flop
Seat 7: b98f7895 folded before Flop (didn't bet)



Poker Hand #ring_860763975: NLH No Limit ($1/$2) - 2025/05/06 02:51:24
Table 'MR NLH 1/2' 7-max Seat #2 is the button
Seat 5: 4b565a10 ($320.28 in chips)
Seat 1: bbee1fbc ($146.21 in chips)
Seat 2: Hero ($141.79 in chips)
Seat 3: 13f6a2b6 ($442.82 in chips)
Seat 4: 4531e5fd ($1,402.95 in chips)
Seat 7: b98f7895 ($1,180.29 in chips)
13f6a2b6: posts the ante $10
4531e5fd: posts the ante $10
4b565a10: posts the ante $10
b98f7895: posts the ante $10
bbee1fbc: posts the ante $10
Hero: posts the ante $10
*** HOLE CARDS ***
Dealt to 4b565a10 
Dealt to bbee1fbc 
Dealt to Hero [4s Ad]
Dealt to 13f6a2b6 
Dealt to 4531e5fd 
Dealt to b98f7895 
*** FLOP *** [Jd 5h 2s]
13f6a2b6: checks
4531e5fd: bets $30
4b565a10: calls $30
b98f7895: calls $30
bbee1fbc: folds
Hero: calls $30
13f6a2b6: folds
*** TURN *** [Jd 5h 2s] [3s]
4531e5fd: checks
4b565a10: checks
b98f7895: checks
Hero: bets $50
4531e5fd: calls $50
4b565a10: calls $50
b98f7895: folds
*** RIVER *** [Jd 5h 2s 3s] [Kc]
4531e5fd: checks
4b565a10: checks
Hero: bets $51.79 and is all-in
4531e5fd: folds
4b565a10: calls $51.79
Hero: shows [4s Ad]
4b565a10: shows [Jc Ah]
*** SHOWDOWN ***
Hero collected $433.58 from pot
*** SUMMARY ***
Total pot $433.58
Board [Jd 5h 2s 3s Kc]
Seat 5: 4b565a10 showed [Jc Ah] and lost with Pair of Jacks
Seat 1: bbee1fbc folded on the Flop
Seat 2: Hero showed [4s Ad] and won ($433.58) with Fives-High Straight
Seat 3: 13f6a2b6(small blind) folded on the Flop
Seat 4: 4531e5fd(big blind) folded on the River
Seat 7: b98f7895 folded on the Turn



Poker Hand #ring_860762238: NLH No Limit ($1/$2) - 2025/05/06 02:50:13
Table 'MR NLH 1/2' 7-max Seat #1 is the button
Seat 5: 4b565a10 ($295.58 in chips)
Seat 1: bbee1fbc ($159.21 in chips)
Seat 2: Hero ($142.79 in chips)
Seat 3: 13f6a2b6 ($455.82 in chips)
Seat 4: 4531e5fd ($1,402.95 in chips)
Seat 7: b98f7895 ($1,180.29 in chips)
Hero: posts small blind $1
13f6a2b6: posts big blind $2
*** HOLE CARDS ***
Dealt to 4b565a10 
Dealt to bbee1fbc 
Dealt to Hero [6c Td]
Dealt to 13f6a2b6 
Dealt to 4531e5fd 
Dealt to b98f7895 
4531e5fd: folds
4b565a10: raises $3 to $5
b98f7895: folds
bbee1fbc: calls $5
Hero: folds
13f6a2b6: calls $3
*** FLOP *** [7d Ad 2s]
13f6a2b6: checks
4b565a10: checks
bbee1fbc: checks
*** TURN *** [7d Ad 2s] [5d]
13f6a2b6: checks
4b565a10: checks
bbee1fbc: bets $8
13f6a2b6: calls $8
4b565a10: calls $8
*** RIVER *** [7d Ad 2s 5d] [9c]
13f6a2b6: checks
4b565a10: checks
bbee1fbc: checks
bbee1fbc: shows [Qc 7s]
13f6a2b6: shows [7h Ts]
4b565a10: shows [9d 9h]
*** SHOWDOWN ***
4b565a10 collected $40 from pot
*** SUMMARY ***
Total pot $40
Board [7d Ad 2s 5d 9c]
Seat 5: 4b565a10 showed [9d 9h] and won ($40) with Three Nines
Seat 1: bbee1fbc showed [Qc 7s] and lost with Pair of Sevens
Seat 2: Hero(small blind) folded before Flop
Seat 3: 13f6a2b6(big blind) showed [7h Ts] and lost with Pair of Sevens
Seat 4: 4531e5fd folded before Flop (didn't bet)
Seat 7: b98f7895 folded before Flop (didn't bet)



Poker Hand #ring_860761067: NLH No Limit ($1/$2) - 2025/05/06 02:49:26
Table 'MR NLH 1/2' 7-max Seat #7 is the button
Seat 5: 4b565a10 ($295.58 in chips)
Seat 1: bbee1fbc ($169.21 in chips)
Seat 2: Hero ($134.19 in chips)
Seat 3: 13f6a2b6 ($455.82 in chips)
Seat 4: 4531e5fd ($1,402.95 in chips)
Seat 7: b98f7895 ($1,180.29 in chips)
bbee1fbc: posts small blind $1
Hero: posts big blind $2
*** HOLE CARDS ***
Dealt to 4b565a10 
Dealt to bbee1fbc 
Dealt to Hero [Ad Qh]
Dealt to 13f6a2b6 
Dealt to 4531e5fd 
Dealt to b98f7895 
13f6a2b6: folds
4531e5fd: folds
4b565a10: folds
b98f7895: folds
bbee1fbc: raises $4 to $6
Hero: calls $4
*** FLOP *** [5d Qd 9d]
bbee1fbc: checks
Hero: bets $4
bbee1fbc: calls $4
*** TURN *** [5d Qd 9d] [2c]
bbee1fbc: checks
Hero: bets $16
bbee1fbc: folds
Uncalled bet ($16) returned to Hero
*** SHOWDOWN ***
Hero collected $20 from pot
*** SUMMARY ***
Total pot $20
Board [5d Qd 9d 2c]
Seat 5: 4b565a10 folded before Flop (didn't bet)
Seat 1: bbee1fbc(small blind) folded on the Turn
Seat 2: Hero(big blind)won ($20) with Pair of Queens
Seat 3: 13f6a2b6 folded before Flop (didn't bet)
Seat 4: 4531e5fd folded before Flop (didn't bet)
Seat 7: b98f7895 folded before Flop (didn't bet)



Poker Hand #ring_860760668: NLH No Limit ($1/$2) - 2025/05/06 02:49:10
Table 'MR NLH 1/2' 7-max Seat #5 is the button
Seat 5: 4b565a10 ($295.58 in chips)
Seat 1: bbee1fbc ($168.21 in chips)
Seat 2: Hero ($134.19 in chips)
Seat 3: 13f6a2b6 ($455.82 in chips)
Seat 4: 4531e5fd ($1,402.95 in chips)
Seat 7: b98f7895 ($1,181.29 in chips)
b98f7895: posts small blind $1
bbee1fbc: posts big blind $2
*** HOLE CARDS ***
Dealt to 4b565a10 
Dealt to bbee1fbc 
Dealt to Hero [3d Kd]
Dealt to 13f6a2b6 
Dealt to 4531e5fd 
Dealt to b98f7895 
Hero: folds
13f6a2b6: folds
4531e5fd: folds
4b565a10: folds
b98f7895: folds
*** SHOWDOWN ***
bbee1fbc collected $3 from pot
*** SUMMARY ***
Total pot $3
Seat 5: 4b565a10 folded before Flop (didn't bet)
Seat 1: bbee1fbc(big blind)won ($3)
Seat 2: Hero folded before Flop (didn't bet)
Seat 3: 13f6a2b6 folded before Flop (didn't bet)
Seat 4: 4531e5fd folded before Flop (didn't bet)
Seat 7: b98f7895(small blind) folded before Flop



Poker Hand #ring_860758759: NLH No Limit ($1/$2) - 2025/05/06 02:47:53
Table 'MR NLH 1/2' 7-max Seat #4 is the button
Seat 5: 4b565a10 ($296.58 in chips)
Seat 1: bbee1fbc ($144 in chips)
Seat 2: Hero ($134.19 in chips)
Seat 3: 13f6a2b6 ($479.82 in chips)
Seat 4: 4531e5fd ($1,402.95 in chips)
Seat 7: b98f7895 ($1,183.29 in chips)
4b565a10: posts small blind $1
b98f7895: posts big blind $2
*** HOLE CARDS ***
Dealt to 4b565a10 
Dealt to bbee1fbc 
Dealt to Hero [Th Qs]
Dealt to 13f6a2b6 
Dealt to 4531e5fd 
Dealt to b98f7895 
bbee1fbc: raises $4 to $6
Hero: folds
13f6a2b6: calls $6
4531e5fd: folds
4b565a10: folds
b98f7895: folds
*** FLOP *** [8d Kd Kh]
bbee1fbc: bets $5.25
13f6a2b6: calls $5.25
*** TURN *** [8d Kd Kh] [Ac]
bbee1fbc: bets $12.75
13f6a2b6: calls $12.75
*** RIVER *** [8d Kd Kh Ac] [Td]
bbee1fbc: checks
13f6a2b6: checks
bbee1fbc: shows [Ah 6s]
13f6a2b6: shows [8h 7h]
*** SHOWDOWN ***
bbee1fbc collected $51 from pot
*** SUMMARY ***
Total pot $51
Board [8d Kd Kh Ac Td]
Seat 5: 4b565a10(small blind) folded before Flop
Seat 1: bbee1fbc showed [Ah 6s] and won ($51) with Pair of Aces and Pair of Kings
Seat 2: Hero folded before Flop (didn't bet)
Seat 3: 13f6a2b6 showed [8h 7h] and lost with Pair of Kings and Pair of Eights
Seat 4: 4531e5fd folded before Flop (didn't bet)
Seat 7: b98f7895(big blind) folded before Flop



Poker Hand #ring_860757281: NLH No Limit ($1/$2) - 2025/05/06 02:46:52
Table 'MR NLH 1/2' 7-max Seat #3 is the button
Seat 5: 4b565a10 ($261.32 in chips)
Seat 1: bbee1fbc ($150 in chips)
Seat 2: Hero ($134.19 in chips)
Seat 3: 13f6a2b6 ($479.82 in chips)
Seat 4: 4531e5fd ($1,435.95 in chips)
Seat 7: b98f7895 ($1,183.29 in chips)
4531e5fd: posts small blind $1
4b565a10: posts big blind $2
bbee1fbc: posts big blind $2
*** HOLE CARDS ***
Dealt to 4b565a10 
Dealt to bbee1fbc 
Dealt to Hero [3d 2h]
Dealt to 13f6a2b6 
Dealt to 4531e5fd 
Dealt to b98f7895 
b98f7895: folds
bbee1fbc: checks
Hero: folds
13f6a2b6: folds
4531e5fd: raises $4 to $6
4b565a10: calls $4
bbee1fbc: calls $4
*** FLOP *** [7d 7h 2d]
4531e5fd: bets $9
4b565a10: calls $9
bbee1fbc: folds
*** TURN *** [7d 7h 2d] [4c]
4531e5fd: bets $18
4b565a10: calls $18
*** RIVER *** [7d 7h 2d 4c] [Ad]
4531e5fd: checks
4b565a10: checks
4531e5fd: shows [9s 8h]
4b565a10: shows [8c 8d]
*** SHOWDOWN ***
4b565a10 collected $72 from pot
*** SUMMARY ***
Total pot $72
Board [7d 7h 2d 4c Ad]
Seat 5: 4b565a10(big blind) showed [8c 8d] and won ($72) with Pair of Eights and Pair of Sevens
Seat 1: bbee1fbc folded on the Flop
Seat 2: Hero folded before Flop (didn't bet)
Seat 3: 13f6a2b6 folded before Flop (didn't bet)
Seat 4: 4531e5fd(small blind) showed [9s 8h] and lost with Pair of Sevens
Seat 7: b98f7895 folded before Flop (didn't bet)



Poker Hand #ring_860755434: NLH No Limit ($1/$2) - 2025/05/06 02:45:38
Table 'MR NLH 1/2' 7-max Seat #2 is the button
Seat 5: 4b565a10 ($235.24 in chips)
Seat 2: Hero ($155 in chips)
Seat 3: 13f6a2b6 ($480.82 in chips)
Seat 4: 4531e5fd ($1,437.95 in chips)
Seat 7: b98f7895 ($1,188.29 in chips)
13f6a2b6: posts small blind $1
4531e5fd: posts big blind $2
*** HOLE CARDS ***
Dealt to 4b565a10 
Dealt to Hero [5d 5s]
Dealt to 13f6a2b6 
Dealt to 4531e5fd 
Dealt to b98f7895 
4b565a10: raises $3 to $5
b98f7895: calls $5
Hero: calls $5
13f6a2b6: folds
4531e5fd: folds
*** FLOP *** [3s Tc Td]
4b565a10: checks
b98f7895: checks
Hero: checks
*** TURN *** [3s Tc Td] [9h]
4b565a10: bets $5.94
b98f7895: folds
Hero: calls $5.94
*** RIVER *** [3s Tc Td 9h] [6h]
4b565a10: bets $9.87
Hero: calls $9.87
Hero: shows [5d 5s]
4b565a10: shows [Ac Ts]
*** SHOWDOWN ***
4b565a10 collected $49.62 from pot
*** SUMMARY ***
Total pot $49.62
Board [3s Tc Td 9h 6h]
Seat 5: 4b565a10 showed [Ac Ts] and won ($49.62) with Three Tens
Seat 2: Hero showed [5d 5s] and lost with Pair of Tens and Pair of Fives
Seat 3: 13f6a2b6(small blind) folded before Flop
Seat 4: 4531e5fd(big blind) folded before Flop
Seat 7: b98f7895 folded on the Turn



Poker Hand #ring_860754634: NLH No Limit ($1/$2) - 2025/05/06 02:45:06
Table 'MR NLH 1/2' 7-max Seat #7 is the button
Seat 5: 4b565a10 ($240.24 in chips)
Seat 2: Hero ($160 in chips)
Seat 3: 13f6a2b6 ($470.82 in chips)
Seat 7: b98f7895 ($1,188.29 in chips)
Hero: posts small blind $1
13f6a2b6: posts big blind $2
*** HOLE CARDS ***
Dealt to 4b565a10 
Dealt to Hero [Th Kd]
Dealt to 13f6a2b6 
Dealt to b98f7895 
4b565a10: raises $3 to $5
b98f7895: folds
Hero: calls $4
13f6a2b6: raises $25 to $30
4b565a10: folds
Hero: folds
Uncalled bet ($25) returned to 13f6a2b6
*** SHOWDOWN ***
13f6a2b6 collected $15 from pot
*** SUMMARY ***
Total pot $15
Seat 5: 4b565a10 folded before Flop
Seat 2: Hero(small blind) folded before Flop
Seat 3: 13f6a2b6(big blind)won ($15)
Seat 7: b98f7895 folded before Flop (didn't bet)



Poker Hand #ring_860753870: NLH No Limit ($1/$2) - 2025/05/06 02:44:35
Table 'MR NLH 1/2' 7-max Seat #5 is the button
Seat 5: 4b565a10 ($237.24 in chips)
Seat 2: Hero ($162 in chips)
Seat 3: 13f6a2b6 ($470.82 in chips)
Seat 4: 4531e5fd ($1,437.95 in chips)
Seat 7: b98f7895 ($1,189.29 in chips)
b98f7895: posts small blind $1
Hero: posts big blind $2
*** HOLE CARDS ***
Dealt to 4b565a10 
Dealt to Hero [7d 2h]
Dealt to 13f6a2b6 
Dealt to 4531e5fd 
Dealt to b98f7895 
13f6a2b6: folds
4531e5fd: folds
4b565a10: raises $3 to $5
b98f7895: folds
Hero: folds
Uncalled bet ($3) returned to 4b565a10
*** SHOWDOWN ***
4b565a10 collected $5 from pot
*** SUMMARY ***
Total pot $5
Seat 5: 4b565a10won ($5)
Seat 2: Hero(big blind) folded before Flop
Seat 3: 13f6a2b6 folded before Flop (didn't bet)
Seat 4: 4531e5fd folded before Flop (didn't bet)
Seat 7: b98f7895(small blind) folded before Flop



Poker Hand #ring_860753223: NLH No Limit ($1/$2) - 2025/05/06 02:44:09
Table 'MR NLH 1/2' 7-max Seat #4 is the button
Seat 5: 4b565a10 ($238.24 in chips)
Seat 2: Hero ($162 in chips)
Seat 3: 13f6a2b6 ($470.82 in chips)
Seat 4: 4531e5fd ($1,434.95 in chips)
Seat 7: b98f7895 ($1,191.29 in chips)
4b565a10: posts small blind $1
b98f7895: posts big blind $2
*** HOLE CARDS ***
Dealt to 4b565a10 
Dealt to Hero [6c 8d]
Dealt to 13f6a2b6 
Dealt to 4531e5fd 
Dealt to b98f7895 
Hero: folds
13f6a2b6: folds
4531e5fd: raises $4 to $6
4b565a10: folds
b98f7895: folds
Uncalled bet ($4) returned to 4531e5fd
*** SHOWDOWN ***
4531e5fd collected $5 from pot
*** SUMMARY ***
Total pot $5
Seat 5: 4b565a10(small blind) folded before Flop
Seat 2: Hero folded before Flop (didn't bet)
Seat 3: 13f6a2b6 folded before Flop (didn't bet)
Seat 4: 4531e5fdwon ($5)
Seat 7: b98f7895(big blind) folded before Flop



Poker Hand #ring_860751732: NLH No Limit ($1/$2) - 2025/05/06 02:43:08
Table 'MR NLH 1/2' 7-max Seat #3 is the button
Seat 5: 4b565a10 ($248.24 in chips)
Seat 2: Hero ($197 in chips)
Seat 3: 13f6a2b6 ($480.82 in chips)
Seat 4: 4531e5fd ($1,374.95 in chips)
Seat 7: b98f7895 ($1,201.29 in chips)
4531e5fd: posts the ante $10
4b565a10: posts the ante $10
b98f7895: posts the ante $10
Hero: posts the ante $10
13f6a2b6: posts the ante $10
*** HOLE CARDS ***
Dealt to 4b565a10 
Dealt to Hero [5s Ac]
Dealt to 13f6a2b6 
Dealt to 4531e5fd 
Dealt to b98f7895 
*** FLOP *** [9c 4c Tc]
4531e5fd: checks
4b565a10: checks
b98f7895: checks
Hero: bets $25
13f6a2b6: folds
4531e5fd: calls $25
4b565a10: folds
b98f7895: folds
*** TURN *** [9c 4c Tc] [Qd]
4531e5fd: checks
Hero: checks
*** RIVER *** [9c 4c Tc Qd] [Js]
4531e5fd: checks
Hero: checks
Hero: shows [5s Ac]
4531e5fd: shows [7h 8d]
*** SHOWDOWN ***
4531e5fd collected $100 from pot
*** SUMMARY ***
Total pot $100
Board [9c 4c Tc Qd Js]
Seat 5: 4b565a10(big blind) folded on the Flop
Seat 2: Hero showed [5s Ac] and lost with Ace-High
Seat 3: 13f6a2b6 folded on the Flop
Seat 4: 4531e5fd(small blind) showed [7h 8d] and won ($100) with Queens-High Straight
Seat 7: b98f7895 folded on the Flop



Poker Hand #ring_860750130: NLH No Limit ($1/$2) - 2025/05/06 02:42:05
Table 'MR NLH 1/2' 7-max Seat #2 is the button
Seat 5: 4b565a10 ($248.24 in chips)
Seat 2: Hero ($197 in chips)
Seat 3: 13f6a2b6 ($455.84 in chips)
Seat 4: 4531e5fd ($1,402.95 in chips)
Seat 7: b98f7895 ($1,201.29 in chips)
13f6a2b6: posts small blind $1
4531e5fd: posts big blind $2
*** HOLE CARDS ***
Dealt to 4b565a10 
Dealt to Hero [3h Qh]
Dealt to 13f6a2b6 
Dealt to 4531e5fd 
Dealt to b98f7895 
4b565a10: folds
b98f7895: folds
Hero: folds
13f6a2b6: raises $5 to $7
4531e5fd: calls $5
*** FLOP *** [4c Ks 6c]
13f6a2b6: bets $7
4531e5fd: calls $7
*** TURN *** [4c Ks 6c] [4h]
13f6a2b6: checks
4531e5fd: bets $14
13f6a2b6: calls $14
*** RIVER *** [4c Ks 6c 4h] [9h]
13f6a2b6: checks
4531e5fd: checks
13f6a2b6: shows [Ac 9d]
4531e5fd: shows [6d 3c]
*** SHOWDOWN ***
13f6a2b6 collected $56 from pot
*** SUMMARY ***
Total pot $56
Board [4c Ks 6c 4h 9h]
Seat 5: 4b565a10 folded before Flop (didn't bet)
Seat 2: Hero folded before Flop (didn't bet)
Seat 3: 13f6a2b6(small blind) showed [Ac 9d] and won ($56) with Pair of Nines and Pair of Fours
Seat 4: 4531e5fd(big blind) showed [6d 3c] and lost with Pair of Sixes and Pair of Fours
Seat 7: b98f7895 folded before Flop (didn't bet)



Poker Hand #ring_860749501: NLH No Limit ($1/$2) - 2025/05/06 02:41:40
Table 'MR NLH 1/2' 7-max Seat #7 is the button
Seat 5: 4b565a10 ($248.24 in chips)
Seat 2: Hero ($198 in chips)
Seat 3: 13f6a2b6 ($457.84 in chips)
Seat 4: 4531e5fd ($1,399.95 in chips)
Seat 7: b98f7895 ($1,201.29 in chips)
Hero: posts small blind $1
13f6a2b6: posts big blind $2
*** HOLE CARDS ***
Dealt to 4b565a10 
Dealt to Hero [4h 9s]
Dealt to 13f6a2b6 
Dealt to 4531e5fd 
Dealt to b98f7895 
4531e5fd: raises $4 to $6
4b565a10: folds
b98f7895: folds
Hero: folds
13f6a2b6: folds
Uncalled bet ($4) returned to 4531e5fd
*** SHOWDOWN ***
4531e5fd collected $5 from pot
*** SUMMARY ***
Total pot $5
Seat 5: 4b565a10 folded before Flop (didn't bet)
Seat 2: Hero(small blind) folded before Flop
Seat 3: 13f6a2b6(big blind) folded before Flop
Seat 4: 4531e5fdwon ($5)
Seat 7: b98f7895 folded before Flop (didn't bet)



Poker Hand #ring_860748844: NLH No Limit ($1/$2) - 2025/05/06 02:41:15
Table 'MR NLH 1/2' 7-max Seat #5 is the button
Seat 5: 4b565a10 ($245.24 in chips)
Seat 2: Hero ($200 in chips)
Seat 3: 13f6a2b6 ($457.84 in chips)
Seat 4: 4531e5fd ($1,399.95 in chips)
Seat 7: b98f7895 ($1,202.29 in chips)
b98f7895: posts small blind $1
Hero: posts big blind $2
*** HOLE CARDS ***
Dealt to 4b565a10 
Dealt to Hero [9h 4c]
Dealt to 13f6a2b6 
Dealt to 4531e5fd 
Dealt to b98f7895 
13f6a2b6: folds
4531e5fd: folds
4b565a10: raises $3 to $5
b98f7895: folds
Hero: folds
Uncalled bet ($3) returned to 4b565a10
*** SHOWDOWN ***
4b565a10 collected $5 from pot
*** SUMMARY ***
Total pot $5
Seat 5: 4b565a10won ($5)
Seat 2: Hero(big blind) folded before Flop
Seat 3: 13f6a2b6 folded before Flop (didn't bet)
Seat 4: 4531e5fd folded before Flop (didn't bet)
Seat 7: b98f7895(small blind) folded before Flop



Poker Hand #ring_860748296: NLH No Limit ($1/$2) - 2025/05/06 02:40:53
Table 'MR NLH 1/2' 7-max Seat #4 is the button
Seat 5: 4b565a10 ($246.24 in chips)
Seat 2: Hero ($200 in chips)
Seat 3: 13f6a2b6 ($454.84 in chips)
Seat 4: 4531e5fd ($1,399.95 in chips)
Seat 7: b98f7895 ($1,204.29 in chips)
4b565a10: posts small blind $1
b98f7895: posts big blind $2
*** HOLE CARDS ***
Dealt to 4b565a10 
Dealt to Hero [Qd 2h]
Dealt to 13f6a2b6 
Dealt to 4531e5fd 
Dealt to b98f7895 
Hero: folds
13f6a2b6: raises $3 to $5
4531e5fd: folds
4b565a10: folds
b98f7895: folds
Uncalled bet ($3) returned to 13f6a2b6
*** SHOWDOWN ***
13f6a2b6 collected $5 from pot
*** SUMMARY ***
Total pot $5
Seat 5: 4b565a10(small blind) folded before Flop
Seat 2: Hero folded before Flop (didn't bet)
Seat 3: 13f6a2b6won ($5)
Seat 4: 4531e5fd folded before Flop (didn't bet)
Seat 7: b98f7895(big blind) folded before Flop



Poker Hand #ring_860747656: NLH No Limit ($1/$2) - 2025/05/06 02:40:28
Table 'MR NLH 1/2' 7-max Seat #3 is the button
Seat 5: 4b565a10 ($248.24 in chips)
Seat 2: Hero ($192 in chips)
Seat 3: 13f6a2b6 ($454.84 in chips)
Seat 4: 4531e5fd ($1,400.95 in chips)
Seat 7: b98f7895 ($1,209.29 in chips)
4531e5fd: posts small blind $1
4b565a10: posts big blind $2
*** HOLE CARDS ***
Dealt to 4b565a10 
Dealt to Hero [Ah Ad]
Dealt to 13f6a2b6 
Dealt to 4531e5fd 
Dealt to b98f7895 
b98f7895: raises $3 to $5
Hero: raises $19 to $24
13f6a2b6: folds
4531e5fd: folds
4b565a10: folds
b98f7895: folds
Uncalled bet ($19) returned to Hero
*** SHOWDOWN ***
Hero collected $13 from pot
*** SUMMARY ***
Total pot $13
Seat 5: 4b565a10(big blind) folded before Flop
Seat 2: Herowon ($13)
Seat 3: 13f6a2b6 folded before Flop (didn't bet)
Seat 4: 4531e5fd(small blind) folded before Flop
Seat 7: b98f7895 folded before Flop



Poker Hand #ring_860745129: NLH No Limit ($1/$2) - 2025/05/06 02:38:52
Table 'MR NLH 1/2' 7-max Seat #2 is the button
Seat 5: 4b565a10 ($253.24 in chips)
Seat 6: 67e16566 ($115.25 in chips)
Seat 2: Hero ($192 in chips)
Seat 3: 13f6a2b6 ($585.59 in chips)
Seat 4: 4531e5fd ($1,402.95 in chips)
Seat 7: b98f7895 ($1,084.12 in chips)
13f6a2b6: posts small blind $1
4531e5fd: posts big blind $2
*** HOLE CARDS ***
Dealt to 4b565a10 
Dealt to 67e16566 
Dealt to Hero [Js Kc]
Dealt to 13f6a2b6 
Dealt to 4531e5fd 
Dealt to b98f7895 
4b565a10: raises $3 to $5
67e16566: folds
b98f7895: raises $21 to $26
Hero: folds
13f6a2b6: raises $60 to $86
4531e5fd: folds
4b565a10: folds
b98f7895: calls $60
*** FLOP *** [6d 6c 4d]
13f6a2b6: bets $44.75
b98f7895: calls $44.75
*** TURN *** [6d 6c 4d] [Ks]
13f6a2b6: checks
b98f7895: checks
*** RIVER *** [6d 6c 4d Ks] [6h]
13f6a2b6: checks
b98f7895: checks
13f6a2b6: shows [Ts Tc]
b98f7895: shows [Qs Qc]
*** SHOWDOWN ***
b98f7895 collected $268.5 from pot
*** SUMMARY ***
Total pot $268.5
Board [6d 6c 4d Ks 6h]
Seat 5: 4b565a10 folded before Flop
Seat 6: 67e16566 folded before Flop (didn't bet)
Seat 2: Hero folded before Flop (didn't bet)
Seat 3: 13f6a2b6(small blind) showed [Ts Tc] and lost with Sixes Full over Tens
Seat 4: 4531e5fd(big blind) folded before Flop
Seat 7: b98f7895 showed [Qs Qc] and won ($268.5) with Sixes Full over Queens



Poker Hand #ring_860743914: NLH No Limit ($1/$2) - 2025/05/06 02:38:04
Table 'MR NLH 1/2' 7-max Seat #7 is the button
Seat 5: 4b565a10 ($253.24 in chips)
Seat 6: 67e16566 ($92.27 in chips)
Seat 2: Hero ($198 in chips)
Seat 3: 13f6a2b6 ($605.09 in chips)
Seat 4: 4531e5fd ($1,402.95 in chips)
Seat 7: b98f7895 ($1,084.12 in chips)
Hero: posts small blind $1
13f6a2b6: posts big blind $2
*** HOLE CARDS ***
Dealt to 4b565a10 
Dealt to 67e16566 
Dealt to Hero [Kh 4h]
Dealt to 13f6a2b6 
Dealt to 4531e5fd 
Dealt to b98f7895 
4531e5fd: folds
4b565a10: folds
67e16566: raises $4 to $6
b98f7895: folds
Hero: calls $5
13f6a2b6: calls $4
*** FLOP *** [3h Ac 2d]
Hero: checks
13f6a2b6: checks
67e16566: bets $13.5
Hero: folds
13f6a2b6: calls $13.5
*** TURN *** [3h Ac 2d] [2s]
13f6a2b6: checks
67e16566: bets $22.5
13f6a2b6: folds
Uncalled bet ($22.5) returned to 67e16566
*** SHOWDOWN ***
67e16566 collected $45 from pot
*** SUMMARY ***
Total pot $45
Board [3h Ac 2d 2s]
Seat 5: 4b565a10 folded before Flop (didn't bet)
Seat 6: 67e16566won ($45) with Pair of Aces and Pair of Twos
Seat 2: Hero(small blind) folded on the Flop
Seat 3: 13f6a2b6(big blind) folded on the Turn
Seat 4: 4531e5fd folded before Flop (didn't bet)
Seat 7: b98f7895 folded before Flop (didn't bet)



Poker Hand #ring_860743145: NLH No Limit ($1/$2) - 2025/05/06 02:37:35
Table 'MR NLH 1/2' 7-max Seat #6 is the button
Seat 5: 4b565a10 ($253.24 in chips)
Seat 6: 67e16566 ($89.27 in chips)
Seat 2: Hero ($200 in chips)
Seat 3: 13f6a2b6 ($605.09 in chips)
Seat 4: 4531e5fd ($1,402.95 in chips)
Seat 7: b98f7895 ($1,085.12 in chips)
b98f7895: posts small blind $1
Hero: posts big blind $2
*** HOLE CARDS ***
Dealt to 4b565a10 
Dealt to 67e16566 
Dealt to Hero [Ts 2d]
Dealt to 13f6a2b6 
Dealt to 4531e5fd 
Dealt to b98f7895 
13f6a2b6: folds
4531e5fd: folds
4b565a10: folds
67e16566: raises $4 to $6
b98f7895: folds
Hero: folds
Uncalled bet ($4) returned to 67e16566
*** SHOWDOWN ***
67e16566 collected $5 from pot
*** SUMMARY ***
Total pot $5
Seat 5: 4b565a10 folded before Flop (didn't bet)
Seat 6: 67e16566won ($5)
Seat 2: Hero(big blind) folded before Flop
Seat 3: 13f6a2b6 folded before Flop (didn't bet)
Seat 4: 4531e5fd folded before Flop (didn't bet)
Seat 7: b98f7895(small blind) folded before Flop



Poker Hand #ring_860736249: NLH No Limit ($1/$2) - 2025/05/06 02:33:10
Table 'MR NLH 1/2' 7-max Seat #7 is the button
Seat 5: 4b565a10 ($204.86 in chips)
Seat 6: 67e16566 ($53.85 in chips)
Seat 2: Hero ($370.23 in chips)
Seat 3: 13f6a2b6 ($547.71 in chips)
Seat 4: 4531e5fd ($1,196.87 in chips)
Seat 7: b98f7895 ($1,126.62 in chips)
Hero: posts small blind $1
13f6a2b6: posts big blind $2
*** HOLE CARDS ***
Dealt to 4b565a10 
Dealt to 67e16566 
Dealt to Hero [Ks Ac]
Dealt to 13f6a2b6 
Dealt to 4531e5fd 
Dealt to b98f7895 
4531e5fd: raises $4 to $6
4b565a10: folds
67e16566: calls $6
b98f7895: folds
Hero: raises $18 to $24
13f6a2b6: folds
4531e5fd: calls $18
67e16566: folds
*** FLOP *** [Ad 2s 8d]
Hero: checks
4531e5fd: checks
*** TURN *** [Ad 2s 8d] [5c]
Hero: bets $28
4531e5fd: raises $56 to $84
Hero: raises $112 to $196
4531e5fd: raises $224 to $420
Hero: calls $150.23 and is all-in
Uncalled bet ($73.77) returned to 4531e5fd
Hero: shows [Ks Ac]
4531e5fd: shows [5s 5h]
*** RIVER *** [Ad 2s 8d 5c] [Td]
*** SHOWDOWN ***
4531e5fd collected $748.46 from pot
*** SUMMARY ***
Total pot $748.46
Board [Ad 2s 8d 5c Td]
Seat 5: 4b565a10 folded before Flop (didn't bet)
Seat 6: 67e16566 folded before Flop
Seat 2: Hero(small blind) showed [Ks Ac] and lost with Pair of Aces
Seat 3: 13f6a2b6(big blind) folded before Flop
Seat 4: 4531e5fd showed [5s 5h] and won ($748.46) with Three Fives
Seat 7: b98f7895 folded before Flop (didn't bet)



Poker Hand #ring_860734889: NLH No Limit ($1/$2) - 2025/05/06 02:32:18
Table 'MR NLH 1/2' 7-max Seat #6 is the button
Seat 5: 4b565a10 ($204.86 in chips)
Seat 6: 67e16566 ($69.6 in chips)
Seat 2: Hero ($355.44 in chips)
Seat 3: 13f6a2b6 ($547.71 in chips)
Seat 4: 4531e5fd ($1,196.87 in chips)
Seat 7: b98f7895 ($1,127.62 in chips)
b98f7895: posts small blind $1
Hero: posts big blind $2
*** HOLE CARDS ***
Dealt to 4b565a10 
Dealt to 67e16566 
Dealt to Hero [Th 9c]
Dealt to 13f6a2b6 
Dealt to 4531e5fd 
Dealt to b98f7895 
13f6a2b6: folds
4531e5fd: folds
4b565a10: folds
67e16566: raises $4 to $6
b98f7895: folds
Hero: calls $4
*** FLOP *** [8h Jh 5d]
Hero: checks
67e16566: bets $9.75
Hero: calls $9.75
*** TURN *** [8h Jh 5d] [4c]
Hero: checks
67e16566: checks
*** RIVER *** [8h Jh 5d 4c] [3h]
Hero: bets $16.39
67e16566: folds
Uncalled bet ($16.39) returned to Hero
*** SHOWDOWN ***
Hero collected $32.5 from pot
*** SUMMARY ***
Total pot $32.5
Board [8h Jh 5d 4c 3h]
Seat 5: 4b565a10 folded before Flop (didn't bet)
Seat 6: 67e16566 folded on the River
Seat 2: Hero(big blind)won ($32.5) with Jack-High
Seat 3: 13f6a2b6 folded before Flop (didn't bet)
Seat 4: 4531e5fd folded before Flop (didn't bet)
Seat 7: b98f7895(small blind) folded before Flop



Poker Hand #ring_860733932: NLH No Limit ($1/$2) - 2025/05/06 02:31:41
Table 'MR NLH 1/2' 7-max Seat #5 is the button
Seat 5: 4b565a10 ($204.86 in chips)
Seat 6: 67e16566 ($67.6 in chips)
Seat 2: Hero ($355.44 in chips)
Seat 3: 13f6a2b6 ($547.71 in chips)
Seat 4: 4531e5fd ($1,196.87 in chips)
Seat 7: b98f7895 ($1,129.62 in chips)
67e16566: posts small blind $1
b98f7895: posts big blind $2
*** HOLE CARDS ***
Dealt to 4b565a10 
Dealt to 67e16566 
Dealt to Hero [6s 9h]
Dealt to 13f6a2b6 
Dealt to 4531e5fd 
Dealt to b98f7895 
Hero: folds
13f6a2b6: folds
4531e5fd: folds
4b565a10: folds
67e16566: raises $8 to $10
b98f7895: folds
Uncalled bet ($8) returned to 67e16566
*** SHOWDOWN ***
67e16566 collected $4 from pot
*** SUMMARY ***
Total pot $4
Seat 5: 4b565a10 folded before Flop (didn't bet)
Seat 6: 67e16566(small blind)won ($4)
Seat 2: Hero folded before Flop (didn't bet)
Seat 3: 13f6a2b6 folded before Flop (didn't bet)
Seat 4: 4531e5fd folded before Flop (didn't bet)
Seat 7: b98f7895(big blind) folded before Flop



Poker Hand #ring_860730983: NLH No Limit ($1/$2) - 2025/05/06 02:29:48
Table 'MR NLH 1/2' 7-max Seat #4 is the button
Seat 5: 4b565a10 ($205.86 in chips)
Seat 6: 67e16566 ($69.6 in chips)
Seat 2: Hero ($355.44 in chips)
Seat 3: 13f6a2b6 ($387 in chips)
Seat 4: 4531e5fd ($1,370.87 in chips)
Seat 7: b98f7895 ($1,129.62 in chips)
4b565a10: posts small blind $1
67e16566: posts big blind $2
*** HOLE CARDS ***
Dealt to 4b565a10 
Dealt to 67e16566 
Dealt to Hero [Qd 7s]
Dealt to 13f6a2b6 
Dealt to 4531e5fd 
Dealt to b98f7895 
b98f7895: folds
Hero: folds
13f6a2b6: raises $3 to $5
4531e5fd: raises $13 to $18
4b565a10: folds
67e16566: folds
13f6a2b6: raises $39 to $57
4531e5fd: calls $39
*** FLOP *** [6h 4c 6d]
13f6a2b6: bets $29.25
4531e5fd: calls $29.25
*** TURN *** [6h 4c 6d] [8c]
13f6a2b6: bets $87.75
4531e5fd: calls $87.75
*** RIVER *** [6h 4c 6d 8c] [5h]
13f6a2b6: bets $213 and is all-in
4531e5fd: folds
Uncalled bet ($213) returned to 13f6a2b6
*** SHOWDOWN ***
13f6a2b6 collected $351 from pot
*** SUMMARY ***
Total pot $351
Board [6h 4c 6d 8c 5h]
Seat 5: 4b565a10(small blind) folded before Flop
Seat 6: 67e16566(big blind) folded before Flop
Seat 2: Hero folded before Flop (didn't bet)
Seat 3: 13f6a2b6won ($351) with Pair of Sixes
Seat 4: 4531e5fd folded on the River
Seat 7: b98f7895 folded before Flop (didn't bet)



Poker Hand #ring_860729584: NLH No Limit ($1/$2) - 2025/05/06 02:28:55
Table 'MR NLH 1/2' 7-max Seat #3 is the button
Seat 5: 4b565a10 ($147.86 in chips)
Seat 6: 67e16566 ($85.6 in chips)
Seat 2: Hero ($355.44 in chips)
Seat 3: 13f6a2b6 ($387 in chips)
Seat 4: 4531e5fd ($1,339.62 in chips)
Seat 7: b98f7895 ($1,145.62 in chips)
4531e5fd: posts small blind $1
4b565a10: posts big blind $2
*** HOLE CARDS ***
Dealt to 4b565a10 
Dealt to 67e16566 
Dealt to Hero [6d 5h]
Dealt to 13f6a2b6 
Dealt to 4531e5fd 
Dealt to b98f7895 
67e16566: raises $2 to $4
b98f7895: raises $12 to $16
Hero: folds
13f6a2b6: folds
4531e5fd: calls $15
4b565a10: folds
67e16566: calls $12
*** FLOP *** [3h 2d 3c]
4531e5fd: checks
67e16566: checks
b98f7895: checks
*** TURN *** [3h 2d 3c] [6c]
4531e5fd: bets $25
67e16566: folds
b98f7895: folds
Uncalled bet ($25) returned to 4531e5fd
*** SHOWDOWN ***
4531e5fd collected $50 from pot
*** SUMMARY ***
Total pot $50
Board [3h 2d 3c 6c]
Seat 5: 4b565a10(big blind) folded before Flop
Seat 6: 67e16566 folded on the Turn
Seat 2: Hero folded before Flop (didn't bet)
Seat 3: 13f6a2b6 folded before Flop (didn't bet)
Seat 4: 4531e5fd(small blind)won ($50) with Pair of Sevens and Pair of Treys
Seat 7: b98f7895 folded on the Turn



Poker Hand #ring_860727234: NLH No Limit ($1/$2) - 2025/05/06 02:27:25
Table 'MR NLH 1/2' 7-max Seat #2 is the button
Seat 5: 4b565a10 ($241.15 in chips)
Seat 6: 67e16566 ($85.6 in chips)
Seat 2: Hero ($355.44 in chips)
Seat 3: 13f6a2b6 ($388 in chips)
Seat 4: 4531e5fd ($1,254.27 in chips)
Seat 7: b98f7895 ($1,145.62 in chips)
13f6a2b6: posts small blind $1
4531e5fd: posts big blind $2
*** HOLE CARDS ***
Dealt to 4b565a10 
Dealt to 67e16566 
Dealt to Hero [2s Js]
Dealt to 13f6a2b6 
Dealt to 4531e5fd 
Dealt to b98f7895 
4b565a10: raises $3 to $5
67e16566: folds
b98f7895: folds
Hero: folds
13f6a2b6: folds
4531e5fd: raises $11 to $16
4b565a10: raises $20 to $36
4531e5fd: calls $20
*** FLOP *** [6s 4h 9h]
4531e5fd: checks
4b565a10: bets $20
4531e5fd: calls $20
*** TURN *** [6s 4h 9h] [Kh]
4531e5fd: checks
4b565a10: bets $37.29
4531e5fd: calls $37.29
*** RIVER *** [6s 4h 9h Kh] [2h]
4531e5fd: bets $187.58
4b565a10: folds
Uncalled bet ($187.58) returned to 4531e5fd
4531e5fd: shows [Ks]
*** SHOWDOWN ***
4531e5fd collected $187.58 from pot
*** SUMMARY ***
Total pot $187.58
Board [6s 4h 9h Kh 2h]
Seat 5: 4b565a10 folded on the River
Seat 6: 67e16566 folded before Flop (didn't bet)
Seat 2: Hero folded before Flop (didn't bet)
Seat 3: 13f6a2b6(small blind) folded before Flop
Seat 4: 4531e5fd(big blind) showed [Ks] and won ($187.58) with Pair of Kings
Seat 7: b98f7895 folded before Flop (didn't bet)



Poker Hand #ring_860726370: NLH No Limit ($1/$2) - 2025/05/06 02:26:53
Table 'MR NLH 1/2' 7-max Seat #7 is the button
Seat 5: 4b565a10 ($241.15 in chips)
Seat 6: 67e16566 ($93.6 in chips)
Seat 2: Hero ($346.25 in chips)
Seat 3: 13f6a2b6 ($390 in chips)
Seat 4: 4531e5fd ($1,254.27 in chips)
Seat 7: b98f7895 ($1,145.62 in chips)
Hero: posts small blind $1
13f6a2b6: posts big blind $2
*** HOLE CARDS ***
Dealt to 4b565a10 
Dealt to 67e16566 
Dealt to Hero [4s 5s]
Dealt to 13f6a2b6 
Dealt to 4531e5fd 
Dealt to b98f7895 
4531e5fd: folds
4b565a10: folds
67e16566: calls $2
b98f7895: folds
Hero: raises $6 to $8
13f6a2b6: folds
67e16566: calls $6
*** FLOP *** [Ah Ad Jd]
Hero: bets $7
67e16566: folds
Uncalled bet ($7) returned to Hero
*** SHOWDOWN ***
Hero collected $18 from pot
*** SUMMARY ***
Total pot $18
Board [Ah Ad Jd]
Seat 5: 4b565a10 folded before Flop (didn't bet)
Seat 6: 67e16566 folded on the Flop
Seat 2: Hero(small blind)won ($18) with Pair of Aces
Seat 3: 13f6a2b6(big blind) folded before Flop
Seat 4: 4531e5fd folded before Flop (didn't bet)
Seat 7: b98f7895 folded before Flop (didn't bet)



Poker Hand #ring_860725126: NLH No Limit ($1/$2) - 2025/05/06 02:26:06
Table 'MR NLH 1/2' 7-max Seat #6 is the button
Seat 5: 4b565a10 ($203.9 in chips)
Seat 6: 67e16566 ($103.6 in chips)
Seat 2: Hero ($356.25 in chips)
Seat 3: 13f6a2b6 ($400 in chips)
Seat 7: b98f7895 ($1,155.62 in chips)
b98f7895: posts the ante $10
Hero: posts the ante $10
13f6a2b6: posts the ante $10
4b565a10: posts the ante $10
67e16566: posts the ante $10
*** HOLE CARDS ***
Dealt to 4b565a10 
Dealt to 67e16566 
Dealt to Hero [Kh 3d]
Dealt to 13f6a2b6 
Dealt to b98f7895 
*** FLOP *** [3s 2c As]
b98f7895: checks
Hero: checks
13f6a2b6: checks
4b565a10: checks
67e16566: checks
*** TURN *** [3s 2c As] [5h]
b98f7895: checks
Hero: checks
13f6a2b6: checks
4b565a10: bets $26
67e16566: folds
b98f7895: folds
Hero: folds
13f6a2b6: folds
Uncalled bet ($26) returned to 4b565a10
*** SHOWDOWN ***
4b565a10 collected $50 from pot
*** SUMMARY ***
Total pot $50
Board [3s 2c As 5h]
Seat 5: 4b565a10won ($50) with Fives-High Straight
Seat 6: 67e16566 folded on the Turn
Seat 2: Hero(big blind) folded on the Turn
Seat 3: 13f6a2b6 folded on the Turn
Seat 7: b98f7895(small blind) folded on the Turn



Poker Hand #ring_860724573: NLH No Limit ($1/$2) - 2025/05/06 02:25:45
Table 'MR NLH 1/2' 7-max Seat #5 is the button
Seat 5: 4b565a10 ($173.9 in chips)
Seat 6: 67e16566 ($104.6 in chips)
Seat 2: Hero ($356.25 in chips)
Seat 3: 13f6a2b6 ($397 in chips)
Seat 7: b98f7895 ($1,157.62 in chips)
67e16566: posts small blind $1
b98f7895: posts big blind $2
*** HOLE CARDS ***
Dealt to 4b565a10 
Dealt to 67e16566 
Dealt to Hero [Ac 6s]
Dealt to 13f6a2b6 
Dealt to b98f7895 
Hero: folds
13f6a2b6: raises $3 to $5
4b565a10: folds
67e16566: folds
b98f7895: folds
Uncalled bet ($3) returned to 13f6a2b6
*** SHOWDOWN ***
13f6a2b6 collected $5 from pot
*** SUMMARY ***
Total pot $5
Seat 5: 4b565a10 folded before Flop (didn't bet)
Seat 6: 67e16566(small blind) folded before Flop
Seat 2: Hero folded before Flop (didn't bet)
Seat 3: 13f6a2b6won ($5)
Seat 7: b98f7895(big blind) folded before Flop



Poker Hand #ring_860724120: NLH No Limit ($1/$2) - 2025/05/06 02:25:28
Table 'MR NLH 1/2' 7-max Seat #4 is the button
Seat 5: 4b565a10 ($174.9 in chips)
Seat 6: 67e16566 ($103.6 in chips)
Seat 2: Hero ($356.25 in chips)
Seat 3: 13f6a2b6 ($397 in chips)
Seat 4: 4531e5fd ($1,254.27 in chips)
Seat 7: b98f7895 ($1,157.62 in chips)
4b565a10: posts small blind $1
67e16566: posts big blind $2
*** HOLE CARDS ***
Dealt to 4b565a10 
Dealt to 67e16566 
Dealt to Hero [2s Tc]
Dealt to 13f6a2b6 
Dealt to 4531e5fd 
Dealt to b98f7895 
b98f7895: folds
Hero: folds
13f6a2b6: folds
4531e5fd: folds
4b565a10: folds
*** SHOWDOWN ***
67e16566 collected $3 from pot
*** SUMMARY ***
Total pot $3
Seat 5: 4b565a10(small blind) folded before Flop
Seat 6: 67e16566(big blind)won ($3)
Seat 2: Hero folded before Flop (didn't bet)
Seat 3: 13f6a2b6 folded before Flop (didn't bet)
Seat 4: 4531e5fd folded before Flop (didn't bet)
Seat 7: b98f7895 folded before Flop (didn't bet)



Poker Hand #ring_860722687: NLH No Limit ($1/$2) - 2025/05/06 02:24:34
Table 'MR NLH 1/2' 7-max Seat #3 is the button
Seat 5: 4b565a10 ($180 in chips)
Seat 6: 67e16566 ($98 in chips)
Seat 2: Hero ($356.25 in chips)
Seat 3: 13f6a2b6 ($397 in chips)
Seat 4: 4531e5fd ($1,255.27 in chips)
Seat 7: b98f7895 ($1,157.62 in chips)
4531e5fd: posts small blind $1
4b565a10: posts big blind $2
*** HOLE CARDS ***
Dealt to 4b565a10 
Dealt to 67e16566 
Dealt to Hero [2h 5c]
Dealt to 13f6a2b6 
Dealt to 4531e5fd 
Dealt to b98f7895 
67e16566: calls $2
b98f7895: folds
Hero: folds
13f6a2b6: folds
4531e5fd: folds
4b565a10: checks
*** FLOP *** [7s 8c Jd]
4b565a10: bets $3.1
67e16566: calls $3.1
*** TURN *** [7s 8c Jd] [Qs]
4b565a10: checks
67e16566: bets $5.6
4b565a10: folds
Uncalled bet ($5.6) returned to 67e16566
*** SHOWDOWN ***
67e16566 collected $11.2 from pot
*** SUMMARY ***
Total pot $11.2
Board [7s 8c Jd Qs]
Seat 5: 4b565a10(big blind) folded on the Turn
Seat 6: 67e16566won ($11.2) with Pair of Aces
Seat 2: Hero folded before Flop (didn't bet)
Seat 3: 13f6a2b6 folded before Flop (didn't bet)
Seat 4: 4531e5fd(small blind) folded before Flop
Seat 7: b98f7895 folded before Flop (didn't bet)



Poker Hand #ring_860722177: NLH No Limit ($1/$2) - 2025/05/06 02:24:15
Table 'MR NLH 1/2' 7-max Seat #2 is the button
Seat 5: 4b565a10 ($180 in chips)
Seat 6: 67e16566 ($98 in chips)
Seat 2: Hero ($356.25 in chips)
Seat 3: 13f6a2b6 ($398 in chips)
Seat 4: 4531e5fd ($1,257.27 in chips)
Seat 7: b98f7895 ($1,154.62 in chips)
13f6a2b6: posts small blind $1
4531e5fd: posts big blind $2
*** HOLE CARDS ***
Dealt to 4b565a10 
Dealt to 67e16566 
Dealt to Hero [Qd 4d]
Dealt to 13f6a2b6 
Dealt to 4531e5fd 
Dealt to b98f7895 
4b565a10: folds
67e16566: folds
b98f7895: raises $3 to $5
Hero: folds
13f6a2b6: folds
4531e5fd: folds
Uncalled bet ($3) returned to b98f7895
*** SHOWDOWN ***
b98f7895 collected $5 from pot
*** SUMMARY ***
Total pot $5
Seat 5: 4b565a10 folded before Flop (didn't bet)
Seat 6: 67e16566 folded before Flop (didn't bet)
Seat 2: Hero folded before Flop (didn't bet)
Seat 3: 13f6a2b6(small blind) folded before Flop
Seat 4: 4531e5fd(big blind) folded before Flop
Seat 7: b98f7895won ($5)



Poker Hand #ring_860720897: NLH No Limit ($1/$2) - 2025/05/06 02:23:26
Table 'MR NLH 1/2' 7-max Seat #7 is the button
Seat 5: 4b565a10 ($180 in chips)
Seat 6: 67e16566 ($100 in chips)
Seat 2: Hero ($362.25 in chips)
Seat 3: 13f6a2b6 ($400 in chips)
Seat 4: 4531e5fd ($1,247.99 in chips)
Seat 7: b98f7895 ($1,154.62 in chips)
Hero: posts small blind $1
13f6a2b6: posts big blind $2
67e16566: posts big blind $2
*** HOLE CARDS ***
Dealt to 4b565a10 
Dealt to 67e16566 
Dealt to Hero [7h Th]
Dealt to 13f6a2b6 
Dealt to 4531e5fd 
Dealt to b98f7895 
4531e5fd: raises $4 to $6
4b565a10: folds
67e16566: folds
b98f7895: folds
Hero: calls $5
13f6a2b6: folds
*** FLOP *** [5s 8h 4c]
Hero: checks
4531e5fd: checks
*** TURN *** [5s 8h 4c] [Kd]
Hero: checks
4531e5fd: checks
*** RIVER *** [5s 8h 4c Kd] [Ac]
Hero: checks
4531e5fd: bets $16
Hero: folds
Uncalled bet ($16) returned to 4531e5fd
*** SHOWDOWN ***
4531e5fd collected $16 from pot
*** SUMMARY ***
Total pot $16
Board [5s 8h 4c Kd Ac]
Seat 5: 4b565a10 folded before Flop (didn't bet)
Seat 6: 67e16566 folded before Flop
Seat 2: Hero(small blind) folded on the River
Seat 3: 13f6a2b6(big blind) folded before Flop
Seat 4: 4531e5fdwon ($16) with Ace-High
Seat 7: b98f7895 folded before Flop (didn't bet)



Poker Hand #ring_860719621: NLH No Limit ($1/$2) - 2025/05/06 02:22:37
Table 'MR NLH 1/2' 7-max Seat #5 is the button
Seat 5: 4b565a10 ($180 in chips)
Seat 2: Hero ($378 in chips)
Seat 3: 13f6a2b6 ($400 in chips)
Seat 4: 4531e5fd ($1,233.2 in chips)
Seat 7: b98f7895 ($1,155.62 in chips)
b98f7895: posts small blind $1
Hero: posts big blind $2
*** HOLE CARDS ***
Dealt to 4b565a10 
Dealt to Hero [Ks 9c]
Dealt to 13f6a2b6 
Dealt to 4531e5fd 
Dealt to b98f7895 
13f6a2b6: folds
4531e5fd: raises $4 to $6
4b565a10: folds
b98f7895: folds
Hero: calls $4
*** FLOP *** [6c 9s 8d]
Hero: checks
4531e5fd: bets $9.75
Hero: calls $9.75
*** TURN *** [6c 9s 8d] [Ac]
Hero: checks
4531e5fd: checks
*** RIVER *** [6c 9s 8d Ac] [7s]
Hero: checks
4531e5fd: bets $32.5
Hero: folds
Uncalled bet ($32.5) returned to 4531e5fd
*** SHOWDOWN ***
4531e5fd collected $32.5 from pot
*** SUMMARY ***
Total pot $32.5
Board [6c 9s 8d Ac 7s]
Seat 5: 4b565a10 folded before Flop (didn't bet)
Seat 2: Hero(big blind) folded on the River
Seat 3: 13f6a2b6 folded before Flop (didn't bet)
Seat 4: 4531e5fdwon ($32.5) with Tens-High Straight
Seat 7: b98f7895(small blind) folded before Flop



Poker Hand #ring_860718809: NLH No Limit ($1/$2) - 2025/05/06 02:22:08
Table 'MR NLH 1/2' 7-max Seat #4 is the button
Seat 5: 4b565a10 ($182 in chips)
Seat 2: Hero ($378 in chips)
Seat 3: 13f6a2b6 ($400 in chips)
Seat 4: 4531e5fd ($1,233.2 in chips)
Seat 7: b98f7895 ($1,153.62 in chips)
4b565a10: posts small blind $1
b98f7895: posts big blind $2
*** HOLE CARDS ***
Dealt to 4b565a10 
Dealt to Hero [9s 5h]
Dealt to 13f6a2b6 
Dealt to 4531e5fd 
Dealt to b98f7895 
Hero: folds
13f6a2b6: folds
4531e5fd: folds
4b565a10: calls $1
b98f7895: raises $10 to $12
4b565a10: folds
Uncalled bet ($10) returned to b98f7895
*** SHOWDOWN ***
b98f7895 collected $4 from pot
*** SUMMARY ***
Total pot $4
Seat 5: 4b565a10(small blind) folded before Flop
Seat 2: Hero folded before Flop (didn't bet)
Seat 3: 13f6a2b6 folded before Flop (didn't bet)
Seat 4: 4531e5fd folded before Flop (didn't bet)
Seat 7: b98f7895(big blind)won ($4)



Poker Hand #ring_860717283: NLH No Limit ($1/$2) - 2025/05/06 02:21:10
Table 'MR NLH 1/2' 7-max Seat #3 is the button
Seat 5: 4b565a10 ($187 in chips)
Seat 2: Hero ($383 in chips)
Seat 3: 13f6a2b6 ($396 in chips)
Seat 4: 4531e5fd ($1,234.2 in chips)
Seat 7: b98f7895 ($1,090.98 in chips)
4531e5fd: posts small blind $1
4b565a10: posts big blind $2
*** HOLE CARDS ***
Dealt to 4b565a10 
Dealt to Hero [Ks Qc]
Dealt to 13f6a2b6 
Dealt to 4531e5fd 
Dealt to b98f7895 
b98f7895: raises $3 to $5
Hero: calls $5
13f6a2b6: calls $5
4531e5fd: folds
4b565a10: calls $3
*** FLOP *** [8s Ad 6h]
4b565a10: checks
b98f7895: bets $13.86
Hero: folds
13f6a2b6: calls $13.86
4b565a10: folds
*** TURN *** [8s Ad 6h] [6s]
b98f7895: checks
13f6a2b6: checks
*** RIVER *** [8s Ad 6h 6s] [Jd]
b98f7895: bets $38.98
13f6a2b6: calls $38.98
13f6a2b6: shows [Jh 8h]
b98f7895: shows [Ts Ac]
*** SHOWDOWN ***
b98f7895 collected $126.68 from pot
*** SUMMARY ***
Total pot $126.68
Board [8s Ad 6h 6s Jd]
Seat 5: 4b565a10(big blind) folded on the Flop
Seat 2: Hero folded on the Flop
Seat 3: 13f6a2b6 showed [Jh 8h] and lost with Pair of Jacks and Pair of Eights
Seat 4: 4531e5fd(small blind) folded before Flop
Seat 7: b98f7895 showed [Ts Ac] and won ($126.68) with Pair of Aces and Pair of Sixes



Poker Hand #ring_860716330: NLH No Limit ($1/$2) - 2025/05/06 02:20:33
Table 'MR NLH 1/2' 7-max Seat #2 is the button
Seat 5: 4b565a10 ($187 in chips)
Seat 2: Hero ($388 in chips)
Seat 3: 13f6a2b6 ($393.21 in chips)
Seat 4: 4531e5fd ($1,259.2 in chips)
Seat 7: b98f7895 ($1,055.98 in chips)
13f6a2b6: posts small blind $1
4531e5fd: posts big blind $2
*** HOLE CARDS ***
Dealt to 4b565a10 
Dealt to Hero [Qd Ac]
Dealt to 13f6a2b6 
Dealt to 4531e5fd 
Dealt to b98f7895 
4b565a10: folds
b98f7895: raises $3 to $5
Hero: calls $5
13f6a2b6: calls $4
4531e5fd: raises $20 to $25
b98f7895: raises $75 to $100
Hero: folds
13f6a2b6: folds
4531e5fd: folds
Uncalled bet ($75) returned to b98f7895
*** SHOWDOWN ***
b98f7895 collected $60 from pot
*** SUMMARY ***
Total pot $60
Seat 5: 4b565a10 folded before Flop (didn't bet)
Seat 2: Hero folded before Flop
Seat 3: 13f6a2b6(small blind) folded before Flop
Seat 4: 4531e5fd(big blind) folded before Flop
Seat 7: b98f7895won ($60)



Poker Hand #ring_860715274: NLH No Limit ($1/$2) - 2025/05/06 02:19:54
Table 'MR NLH 1/2' 7-max Seat #7 is the button
Seat 5: 4b565a10 ($197 in chips)
Seat 2: Hero ($398 in chips)
Seat 3: 13f6a2b6 ($403.21 in chips)
Seat 4: 4531e5fd ($1,494.2 in chips)
Seat 7: b98f7895 ($813.98 in chips)
Hero: posts the ante $10
13f6a2b6: posts the ante $10
4531e5fd: posts the ante $10
4b565a10: posts the ante $10
b98f7895: posts the ante $10
*** HOLE CARDS ***
Dealt to 4b565a10 
Dealt to Hero [9h Tc]
Dealt to 13f6a2b6 
Dealt to 4531e5fd 
Dealt to b98f7895 
*** FLOP *** [2s 2d 7c]
Hero: checks
13f6a2b6: checks
4531e5fd: bets $37.5
4b565a10: folds
b98f7895: calls $37.5
Hero: folds
13f6a2b6: folds
*** TURN *** [2s 2d 7c] [9c]
4531e5fd: bets $62.5
b98f7895: calls $62.5
*** RIVER *** [2s 2d 7c 9c] [7d]
4531e5fd: bets $125
b98f7895: calls $125
4531e5fd: shows [Js Jh]
b98f7895: shows [2c 8c]
*** SHOWDOWN ***
b98f7895 collected $500 from pot
*** SUMMARY ***
Total pot $500
Board [2s 2d 7c 9c 7d]
Seat 5: 4b565a10 folded on the Flop
Seat 2: Hero(small blind) folded on the Flop
Seat 3: 13f6a2b6(big blind) folded on the Flop
Seat 4: 4531e5fd showed [Js Jh] and lost with Pair of Jacks and Pair of Sevens
Seat 7: b98f7895 showed [2c 8c] and won ($500) with Twos Full over Sevens



Poker Hand #ring_860714176: NLH No Limit ($1/$2) - 2025/05/06 02:19:13
Table 'MR NLH 1/2' 7-max Seat #5 is the button
Seat 5: 4b565a10 ($197 in chips)
Seat 2: Hero ($400 in chips)
Seat 3: 13f6a2b6 ($402 in chips)
Seat 4: 4531e5fd ($1,492.99 in chips)
Seat 7: b98f7895 ($814.98 in chips)
b98f7895: posts small blind $1
Hero: posts big blind $2
*** HOLE CARDS ***
Dealt to 4b565a10 
Dealt to Hero [6s Jd]
Dealt to 13f6a2b6 
Dealt to 4531e5fd 
Dealt to b98f7895 
13f6a2b6: raises $3 to $5
4531e5fd: calls $5
4b565a10: folds
b98f7895: folds
Hero: folds
*** FLOP *** [3s 3c 3h]
13f6a2b6: checks
4531e5fd: checks
*** TURN *** [3s 3c 3h] [9d]
13f6a2b6: checks
4531e5fd: checks
*** RIVER *** [3s 3c 3h 9d] [4c]
13f6a2b6: checks
4531e5fd: checks
13f6a2b6: shows [Ac 2c]
4531e5fd: shows [7c As]
*** SHOWDOWN ***
13f6a2b6 collected $6.5 from pot
4531e5fd collected $6.5 from pot
*** SUMMARY ***
Total pot $13
Board [3s 3c 3h 9d 4c]
Seat 5: 4b565a10 folded before Flop (didn't bet)
Seat 2: Hero(big blind) folded before Flop
Seat 3: 13f6a2b6 showed [Ac 2c] and won ($6.5) with Three Treys
Seat 4: 4531e5fd showed [7c As] and won ($6.5) with Three Treys
Seat 7: b98f7895(small blind) folded before Flop



Poker Hand #ring_860712714: NLH No Limit ($1/$2) - 2025/05/06 02:18:16
Table 'MR NLH 1/2' 7-max Seat #4 is the button
Seat 5: 4b565a10 ($198 in chips)
Seat 2: Hero ($148.25 in chips)
Seat 3: 13f6a2b6 ($402 in chips)
Seat 4: 4531e5fd ($778.43 in chips)
Seat 7: b98f7895 ($1,593.41 in chips)
4b565a10: posts small blind $1
b98f7895: posts big blind $2
*** HOLE CARDS ***
Dealt to 4b565a10 
Dealt to Hero [4d 4h]
Dealt to 13f6a2b6 
Dealt to 4531e5fd 
Dealt to b98f7895 
Hero: raises $4 to $6
13f6a2b6: folds
4531e5fd: calls $6
4b565a10: folds
b98f7895: raises $30 to $36
Hero: folds
4531e5fd: calls $30
*** FLOP *** [Ac Qs Jc]
b98f7895: bets $52.14
4531e5fd: raises $137.45 to $189.59
b98f7895: raises $1,367.82 to $1,557.41 and is all-in
4531e5fd: calls $552.84 and is all-in
Uncalled bet ($814.98) returned to b98f7895
4531e5fd: shows [Kh Td] (Aces-High Straight)
b98f7895: shows [Ad Qh] (Pair of Aces and Pair of Queens)
*** TURN *** [Ac Qs Jc] [2d]
*** RIVER *** [Ac Qs Jc 2d] [6d]
*** SHOWDOWN ***
4531e5fd collected $1,563.86 from pot
*** SUMMARY ***
Total pot $1,563.86
Board [Ac Qs Jc 2d 6d]
Seat 5: 4b565a10(small blind) folded before Flop
Seat 2: Hero folded before Flop
Seat 3: 13f6a2b6 folded before Flop (didn't bet)
Seat 4: 4531e5fd showed [Kh Td] and won ($1,563.86) with Aces-High Straight
Seat 7: b98f7895(big blind) showed [Ad Qh] and lost with Pair of Aces and Pair of Queens



Poker Hand #ring_860712226: NLH No Limit ($1/$2) - 2025/05/06 02:17:57
Table 'MR NLH 1/2' 7-max Seat #3 is the button
Seat 5: 4b565a10 ($197 in chips)
Seat 2: Hero ($148.25 in chips)
Seat 3: 13f6a2b6 ($402 in chips)
Seat 4: 4531e5fd ($779.43 in chips)
Seat 7: b98f7895 ($1,593.41 in chips)
4531e5fd: posts small blind $1
4b565a10: posts big blind $2
*** HOLE CARDS ***
Dealt to 4b565a10 
Dealt to Hero [3s Qc]
Dealt to 13f6a2b6 
Dealt to 4531e5fd 
Dealt to b98f7895 
b98f7895: folds
Hero: folds
13f6a2b6: folds
4531e5fd: folds
*** SHOWDOWN ***
4b565a10 collected $3 from pot
*** SUMMARY ***
Total pot $3
Seat 5: 4b565a10(big blind)won ($3)
Seat 2: Hero folded before Flop (didn't bet)
Seat 3: 13f6a2b6 folded before Flop (didn't bet)
Seat 4: 4531e5fd(small blind) folded before Flop
Seat 7: b98f7895 folded before Flop (didn't bet)



Poker Hand #ring_860711663: NLH No Limit ($1/$2) - 2025/05/06 02:17:35
Table 'MR NLH 1/2' 7-max Seat #2 is the button
Seat 5: 4b565a10 ($197 in chips)
Seat 2: Hero ($148.25 in chips)
Seat 3: 13f6a2b6 ($400 in chips)
Seat 4: 4531e5fd ($781.43 in chips)
Seat 7: b98f7895 ($1,593.41 in chips)
13f6a2b6: posts small blind $1
4531e5fd: posts big blind $2
*** HOLE CARDS ***
Dealt to 4b565a10 
Dealt to Hero [Kd 4s]
Dealt to 13f6a2b6 
Dealt to 4531e5fd 
Dealt to b98f7895 
4b565a10: folds
b98f7895: folds
Hero: folds
13f6a2b6: raises $5 to $7
4531e5fd: folds
Uncalled bet ($5) returned to 13f6a2b6
*** SHOWDOWN ***
13f6a2b6 collected $4 from pot
*** SUMMARY ***
Total pot $4
Seat 5: 4b565a10 folded before Flop (didn't bet)
Seat 2: Hero folded before Flop (didn't bet)
Seat 3: 13f6a2b6(small blind)won ($4)
Seat 4: 4531e5fd(big blind) folded before Flop
Seat 7: b98f7895 folded before Flop (didn't bet)



Poker Hand #ring_860710581: NLH No Limit ($1/$2) - 2025/05/06 02:16:55
Table 'MR NLH 1/2' 7-max Seat #7 is the button
Seat 5: 4b565a10 ($197 in chips)
Seat 2: Hero ($149.25 in chips)
Seat 3: 13f6a2b6 ($400 in chips)
Seat 4: 4531e5fd ($805.43 in chips)
Seat 7: b98f7895 ($1,569.2 in chips)
Hero: posts small blind $1
13f6a2b6: posts big blind $2
*** HOLE CARDS ***
Dealt to 4b565a10 
Dealt to Hero [8d 6c]
Dealt to 13f6a2b6 
Dealt to 4531e5fd 
Dealt to b98f7895 
4531e5fd: raises $4 to $6
4b565a10: folds
b98f7895: raises $18 to $24
Hero: folds
13f6a2b6: folds
4531e5fd: calls $18
*** FLOP *** [Qc Kh Qh]
4531e5fd: checks
b98f7895: checks
*** TURN *** [Qc Kh Qh] [6h]
4531e5fd: checks
b98f7895: checks
*** RIVER *** [Qc Kh Qh 6h] [4c]
4531e5fd: checks
b98f7895: checks
4531e5fd: shows [9s Ad]
b98f7895: shows [9c 9d]
*** SHOWDOWN ***
b98f7895 collected $51 from pot
*** SUMMARY ***
Total pot $51
Board [Qc Kh Qh 6h 4c]
Seat 5: 4b565a10 folded before Flop (didn't bet)
Seat 2: Hero(small blind) folded before Flop
Seat 3: 13f6a2b6(big blind) folded before Flop
Seat 4: 4531e5fd showed [9s Ad] and lost with Pair of Queens
Seat 7: b98f7895 showed [9c 9d] and won ($51) with Pair of Queens and Pair of Nines



Poker Hand #ring_860709547: NLH No Limit ($1/$2) - 2025/05/06 02:16:16
Table 'MR NLH 1/2' 7-max Seat #5 is the button
Seat 5: 4b565a10 ($197 in chips)
Seat 2: Hero ($165 in chips)
Seat 3: 13f6a2b6 ($400 in chips)
Seat 4: 4531e5fd ($790.64 in chips)
Seat 7: b98f7895 ($1,570.2 in chips)
b98f7895: posts small blind $1
Hero: posts big blind $2
*** HOLE CARDS ***
Dealt to 4b565a10 
Dealt to Hero [3c 5s]
Dealt to 13f6a2b6 
Dealt to 4531e5fd 
Dealt to b98f7895 
13f6a2b6: folds
4531e5fd: raises $4 to $6
4b565a10: folds
b98f7895: folds
Hero: calls $4
*** FLOP *** [2d Js 9d]
Hero: checks
4531e5fd: checks
*** TURN *** [2d Js 9d] [4s]
Hero: checks
4531e5fd: bets $9.75
Hero: calls $9.75
*** RIVER *** [2d Js 9d 4s] [Kc]
Hero: checks
4531e5fd: bets $24.37
Hero: folds
Uncalled bet ($24.37) returned to 4531e5fd
*** SHOWDOWN ***
4531e5fd collected $32.5 from pot
*** SUMMARY ***
Total pot $32.5
Board [2d Js 9d 4s Kc]
Seat 5: 4b565a10 folded before Flop (didn't bet)
Seat 2: Hero(big blind) folded on the River
Seat 3: 13f6a2b6 folded before Flop (didn't bet)
Seat 4: 4531e5fdwon ($32.5) with Three Fours
Seat 7: b98f7895(small blind) folded before Flop



Poker Hand #ring_860708896: NLH No Limit ($1/$2) - 2025/05/06 02:15:51
Table 'MR NLH 1/2' 7-max Seat #4 is the button
Seat 5: 4b565a10 ($195 in chips)
Seat 2: Hero ($165 in chips)
Seat 3: 13f6a2b6 ($400 in chips)
Seat 4: 4531e5fd ($790.64 in chips)
Seat 7: b98f7895 ($1,572.2 in chips)
4b565a10: posts small blind $1
b98f7895: posts big blind $2
*** HOLE CARDS ***
Dealt to 4b565a10 
Dealt to Hero [Jc 4d]
Dealt to 13f6a2b6 
Dealt to 4531e5fd 
Dealt to b98f7895 
Hero: folds
13f6a2b6: folds
4531e5fd: folds
4b565a10: raises $4 to $6
b98f7895: folds
Uncalled bet ($4) returned to 4b565a10
*** SHOWDOWN ***
4b565a10 collected $4 from pot
*** SUMMARY ***
Total pot $4
Seat 5: 4b565a10(small blind)won ($4)
Seat 2: Hero folded before Flop (didn't bet)
Seat 3: 13f6a2b6 folded before Flop (didn't bet)
Seat 4: 4531e5fd folded before Flop (didn't bet)
Seat 7: b98f7895(big blind) folded before Flop



Poker Hand #ring_860706371: NLH No Limit ($1/$2) - 2025/05/06 02:14:16
Table 'MR NLH 1/2' 7-max Seat #3 is the button
Seat 5: 4b565a10 ($200 in chips)
Seat 2: Hero ($165 in chips)
Seat 3: 13f6a2b6 ($421.35 in chips)
Seat 4: 4531e5fd ($737.45 in chips)
Seat 7: b98f7895 ($1,572.2 in chips)
4531e5fd: posts small blind $1
4b565a10: posts big blind $2
*** HOLE CARDS ***
Dealt to 4b565a10 
Dealt to Hero [3h 5s]
Dealt to 13f6a2b6 
Dealt to 4531e5fd 
Dealt to b98f7895 
b98f7895: folds
Hero: folds
13f6a2b6: raises $3 to $5
4531e5fd: calls $4
4b565a10: calls $3
*** FLOP *** [6s Th Kd]
4531e5fd: checks
4b565a10: checks
13f6a2b6: bets $3.75
4531e5fd: raises $11.25 to $15
4b565a10: folds
13f6a2b6: calls $11.25
*** TURN *** [6s Th Kd] [Ts]
4531e5fd: checks
13f6a2b6: checks
*** RIVER *** [6s Th Kd Ts] [Qh]
4531e5fd: bets $33.75
13f6a2b6: calls $33.75
13f6a2b6: shows [Jh Jc]
4531e5fd: shows [Jd Tc]
*** SHOWDOWN ***
4531e5fd collected $112.5 from pot
*** SUMMARY ***
Total pot $112.5
Board [6s Th Kd Ts Qh]
Seat 5: 4b565a10(big blind) folded on the Flop
Seat 2: Hero folded before Flop (didn't bet)
Seat 3: 13f6a2b6 showed [Jh Jc] and lost with Pair of Jacks and Pair of Tens
Seat 4: 4531e5fd(small blind) showed [Jd Tc] and won ($112.5) with Three Tens
Seat 7: b98f7895 folded before Flop (didn't bet)



Poker Hand #ring_860705216: NLH No Limit ($1/$2) - 2025/05/06 02:13:34
Table 'MR NLH 1/2' 7-max Seat #2 is the button
Seat 2: Hero ($165 in chips)
Seat 3: 13f6a2b6 ($390 in chips)
Seat 4: 4531e5fd ($772.45 in chips)
Seat 7: b98f7895 ($1,572.2 in chips)
13f6a2b6: posts small blind $1
4531e5fd: posts big blind $2
*** HOLE CARDS ***
Dealt to Hero [5s 8d]
Dealt to 13f6a2b6 
Dealt to 4531e5fd 
Dealt to b98f7895 
b98f7895: folds
Hero: folds
13f6a2b6: raises $5 to $7
4531e5fd: raises $7 to $14
13f6a2b6: calls $7
*** FLOP *** [Kc 9d 8c]
13f6a2b6: checks
4531e5fd: bets $21
13f6a2b6: raises $35 to $56
4531e5fd: folds
Uncalled bet ($35) returned to 13f6a2b6
*** SHOWDOWN ***
13f6a2b6 collected $70 from pot
*** SUMMARY ***
Total pot $70
Board [Kc 9d 8c]
Seat 2: Hero folded before Flop (didn't bet)
Seat 3: 13f6a2b6(small blind)won ($70) with Pair of Nines and Pair of Eights
Seat 4: 4531e5fd(big blind) folded on the Flop
Seat 7: b98f7895 folded before Flop (didn't bet)



Poker Hand #ring_860704346: NLH No Limit ($1/$2) - 2025/05/06 02:13:02
Table 'MR NLH 1/2' 7-max Seat #7 is the button
Seat 2: Hero ($175 in chips)
Seat 3: 13f6a2b6 ($400 in chips)
Seat 4: 4531e5fd ($708.35 in chips)
Seat 7: b98f7895 ($1,622.2 in chips)
Hero: posts the ante $10
13f6a2b6: posts the ante $10
4531e5fd: posts the ante $10
b98f7895: posts the ante $10
*** HOLE CARDS ***
Dealt to Hero [6s 2s]
Dealt to 13f6a2b6 
Dealt to 4531e5fd 
Dealt to b98f7895 
*** FLOP *** [4d 8s Td]
Hero: checks
13f6a2b6: checks
4531e5fd: bets $40
b98f7895: calls $40
Hero: folds
13f6a2b6: folds
*** TURN *** [4d 8s Td] [Ks]
4531e5fd: bets $120
b98f7895: folds
Uncalled bet ($120) returned to 4531e5fd
*** SHOWDOWN ***
4531e5fd collected $120 from pot
*** SUMMARY ***
Total pot $120
Board [4d 8s Td Ks]
Seat 2: Hero(small blind) folded on the Flop
Seat 3: 13f6a2b6(big blind) folded on the Flop
Seat 4: 4531e5fdwon ($120) with Pair of Tens and Pair of Fours
Seat 7: b98f7895 folded on the Turn



Poker Hand #ring_860703995: NLH No Limit ($1/$2) - 2025/05/06 02:12:49
Table 'MR NLH 1/2' 7-max Seat #4 is the button
Seat 2: Hero ($174 in chips)
Seat 3: 13f6a2b6 ($400 in chips)
Seat 4: 4531e5fd ($708.35 in chips)
Seat 7: b98f7895 ($1,623.2 in chips)
b98f7895: posts small blind $1
Hero: posts big blind $2
*** HOLE CARDS ***
Dealt to Hero [7h Td]
Dealt to 13f6a2b6 
Dealt to 4531e5fd 
Dealt to b98f7895 
13f6a2b6: folds
4531e5fd: folds
b98f7895: folds
*** SHOWDOWN ***
Hero collected $3 from pot
*** SUMMARY ***
Total pot $3
Seat 2: Hero(big blind)won ($3)
Seat 3: 13f6a2b6 folded before Flop (didn't bet)
Seat 4: 4531e5fd folded before Flop (didn't bet)
Seat 7: b98f7895(small blind) folded before Flop



Poker Hand #ring_860703423: NLH No Limit ($1/$2) - 2025/05/06 02:12:28
Table 'MR NLH 1/2' 7-max Seat #3 is the button
Seat 2: Hero ($174 in chips)
Seat 3: 13f6a2b6 ($350.53 in chips)
Seat 4: 4531e5fd ($709.35 in chips)
Seat 7: b98f7895 ($1,622.2 in chips)
4531e5fd: posts small blind $1
b98f7895: posts big blind $2
*** HOLE CARDS ***
Dealt to Hero [8c 9h]
Dealt to 13f6a2b6 
Dealt to 4531e5fd 
Dealt to b98f7895 
Hero: folds
13f6a2b6: folds
4531e5fd: folds
*** SHOWDOWN ***
b98f7895 collected $3 from pot
*** SUMMARY ***
Total pot $3
Seat 2: Hero folded before Flop (didn't bet)
Seat 3: 13f6a2b6 folded before Flop (didn't bet)
Seat 4: 4531e5fd(small blind) folded before Flop
Seat 7: b98f7895(big blind)won ($3)



Poker Hand #ring_860702088: NLH No Limit ($1/$2) - 2025/05/06 02:11:37
Table 'MR NLH 1/2' 7-max Seat #2 is the button
Seat 2: Hero ($180 in chips)
Seat 3: 13f6a2b6 ($351.53 in chips)
Seat 4: 4531e5fd ($702.93 in chips)
Seat 7: b98f7895 ($1,622.2 in chips)
13f6a2b6: posts small blind $1
4531e5fd: posts big blind $2
*** HOLE CARDS ***
Dealt to Hero [Qh Kd]
Dealt to 13f6a2b6 
Dealt to 4531e5fd 
Dealt to b98f7895 
b98f7895: folds
Hero: raises $4 to $6
13f6a2b6: folds
4531e5fd: calls $4
*** FLOP *** [8d Jc 6s]
4531e5fd: checks
Hero: checks
*** TURN *** [8d Jc 6s] [6d]
4531e5fd: checks
Hero: checks
*** RIVER *** [8d Jc 6s 6d] [Jh]
4531e5fd: checks
Hero: checks
Hero: shows [Qh Kd]
4531e5fd: shows [As 5h]
*** SHOWDOWN ***
4531e5fd collected $13 from pot
*** SUMMARY ***
Total pot $13
Board [8d Jc 6s 6d Jh]
Seat 2: Hero showed [Qh Kd] and lost with Pair of Jacks and Pair of Sixes
Seat 3: 13f6a2b6(small blind) folded before Flop
Seat 4: 4531e5fd(big blind) showed [As 5h] and won ($13) with Pair of Jacks and Pair of Sixes
Seat 7: b98f7895 folded before Flop (didn't bet)



Poker Hand #ring_860699480: NLH No Limit ($1/$2) - 2025/05/06 02:10:00
Table 'MR NLH 1/2' 7-max Seat #7 is the button
Seat 2: Hero ($181 in chips)
Seat 3: 13f6a2b6 ($448.53 in chips)
Seat 4: 4531e5fd ($614.2 in chips)
Seat 7: b98f7895 ($1,622.2 in chips)
Hero: posts small blind $1
13f6a2b6: posts big blind $2
*** HOLE CARDS ***
Dealt to Hero [7c Ts]
Dealt to 13f6a2b6 
Dealt to 4531e5fd 
Dealt to b98f7895 
4531e5fd: raises $4 to $6
b98f7895: folds
Hero: folds
13f6a2b6: calls $4
*** FLOP *** [Ah 5c 6h]
13f6a2b6: checks
4531e5fd: bets $9.75
13f6a2b6: raises $16.25 to $26
4531e5fd: calls $16.25
*** TURN *** [Ah 5c 6h] [4d]
13f6a2b6: bets $65
4531e5fd: calls $65
*** RIVER *** [Ah 5c 6h 4d] [Td]
13f6a2b6: checks
4531e5fd: checks
13f6a2b6: shows [8d Qh]
4531e5fd: shows [3h 5h]
*** SHOWDOWN ***
4531e5fd collected $195 from pot
*** SUMMARY ***
Total pot $195
Board [Ah 5c 6h 4d Td]
Seat 2: Hero(small blind) folded before Flop
Seat 3: 13f6a2b6(big blind) showed [8d Qh] and lost with Ace-High
Seat 4: 4531e5fd showed [3h 5h] and won ($195) with Pair of Fives
Seat 7: b98f7895 folded before Flop (didn't bet)



Poker Hand #ring_860698163: NLH No Limit ($1/$2) - 2025/05/06 02:09:09
Table 'MR NLH 1/2' 7-max Seat #4 is the button
Seat 2: Hero ($203 in chips)
Seat 3: 13f6a2b6 ($448.53 in chips)
Seat 4: 4531e5fd ($614.2 in chips)
Seat 7: b98f7895 ($1,602.68 in chips)
b98f7895: posts small blind $1
Hero: posts big blind $2
*** HOLE CARDS ***
Dealt to Hero [Ah 4h]
Dealt to 13f6a2b6 
Dealt to 4531e5fd 
Dealt to b98f7895 
13f6a2b6: folds
4531e5fd: folds
b98f7895: raises $4 to $6
Hero: calls $4
*** FLOP *** [Jc 7c 8c]
b98f7895: bets $3.96
Hero: raises $12.04 to $16
b98f7895: calls $12.04
*** TURN *** [Jc 7c 8c] [2c]
b98f7895: checks
Hero: checks
*** RIVER *** [Jc 7c 8c 2c] [As]
b98f7895: bets $29.04
Hero: folds
Uncalled bet ($29.04) returned to b98f7895
*** SHOWDOWN ***
b98f7895 collected $44 from pot
*** SUMMARY ***
Total pot $44
Board [Jc 7c 8c 2c As]
Seat 2: Hero(big blind) folded on the River
Seat 3: 13f6a2b6 folded before Flop (didn't bet)
Seat 4: 4531e5fd folded before Flop (didn't bet)
Seat 7: b98f7895(small blind)won ($44) with King High Flush



Poker Hand #ring_860697716: NLH No Limit ($1/$2) - 2025/05/06 02:08:53
Table 'MR NLH 1/2' 7-max Seat #3 is the button
Seat 2: Hero ($203 in chips)
Seat 3: 13f6a2b6 ($448.53 in chips)
Seat 4: 4531e5fd ($612.2 in chips)
Seat 7: b98f7895 ($1,604.68 in chips)
4531e5fd: posts small blind $1
b98f7895: posts big blind $2
*** HOLE CARDS ***
Dealt to Hero [2h 6d]
Dealt to 13f6a2b6 
Dealt to 4531e5fd 
Dealt to b98f7895 
Hero: folds
13f6a2b6: folds
4531e5fd: raises $4 to $6
b98f7895: folds
Uncalled bet ($4) returned to 4531e5fd
*** SHOWDOWN ***
4531e5fd collected $4 from pot
*** SUMMARY ***
Total pot $4
Seat 2: Hero folded before Flop (didn't bet)
Seat 3: 13f6a2b6 folded before Flop (didn't bet)
Seat 4: 4531e5fd(small blind)won ($4)
Seat 7: b98f7895(big blind) folded before Flop



Poker Hand #ring_860697118: NLH No Limit ($1/$2) - 2025/05/06 02:08:31
Table 'MR NLH 1/2' 7-max Seat #2 is the button
Seat 2: Hero ($203 in chips)
Seat 3: 13f6a2b6 ($449.53 in chips)
Seat 4: 4531e5fd ($611.2 in chips)
Seat 7: b98f7895 ($1,604.68 in chips)
13f6a2b6: posts small blind $1
4531e5fd: posts big blind $2
*** HOLE CARDS ***
Dealt to Hero [3h Js]
Dealt to 13f6a2b6 
Dealt to 4531e5fd 
Dealt to b98f7895 
b98f7895: folds
Hero: folds
13f6a2b6: folds
*** SHOWDOWN ***
4531e5fd collected $3 from pot
*** SUMMARY ***
Total pot $3
Seat 2: Hero folded before Flop (didn't bet)
Seat 3: 13f6a2b6(small blind) folded before Flop
Seat 4: 4531e5fd(big blind)won ($3)
Seat 7: b98f7895 folded before Flop (didn't bet)



Poker Hand #ring_860695471: NLH No Limit ($1/$2) - 2025/05/06 02:07:30
Table 'MR NLH 1/2' 7-max Seat #7 is the button
Seat 2: Hero ($208 in chips)
Seat 3: 13f6a2b6 ($440.2 in chips)
Seat 4: 4531e5fd ($611.2 in chips)
Seat 7: b98f7895 ($1,609.68 in chips)
Hero: posts small blind $1
13f6a2b6: posts big blind $2
*** HOLE CARDS ***
Dealt to Hero [9s Kc]
Dealt to 13f6a2b6 
Dealt to 4531e5fd 
Dealt to b98f7895 
4531e5fd: folds
b98f7895: raises $3 to $5
Hero: calls $4
13f6a2b6: calls $3
*** FLOP *** [3s 4d Tc]
Hero: checks
13f6a2b6: bets $7.5
b98f7895: folds
Hero: folds
Uncalled bet ($7.5) returned to 13f6a2b6
*** SHOWDOWN ***
13f6a2b6 collected $15 from pot
*** SUMMARY ***
Total pot $15
Board [3s 4d Tc]
Seat 2: Hero(small blind) folded on the Flop
Seat 3: 13f6a2b6(big blind)won ($15) with Ace-High
Seat 4: 4531e5fd folded before Flop (didn't bet)
Seat 7: b98f7895 folded on the Flop



Poker Hand #ring_860694008: NLH No Limit ($1/$2) - 2025/05/06 02:06:35
Table 'MR NLH 1/2' 7-max Seat #4 is the button
Seat 2: Hero ($210 in chips)
Seat 3: 13f6a2b6 ($440.2 in chips)
Seat 4: 4531e5fd ($358.63 in chips)
Seat 7: b98f7895 ($1,885.67 in chips)
b98f7895: posts small blind $1
Hero: posts big blind $2
*** HOLE CARDS ***
Dealt to Hero [6c 5s]
Dealt to 13f6a2b6 
Dealt to 4531e5fd 
Dealt to b98f7895 
13f6a2b6: folds
4531e5fd: raises $4 to $6
b98f7895: raises $24 to $30
Hero: folds
4531e5fd: calls $24
*** FLOP *** [Jc 2h Qd]
b98f7895: bets $20.46
4531e5fd: calls $20.46
*** TURN *** [Jc 2h Qd] [3d]
b98f7895: bets $67.93
4531e5fd: calls $67.93
*** RIVER *** [Jc 2h Qd 3d] [Qc]
b98f7895: bets $157.6
4531e5fd: raises $82.64 to $240.24 and is all-in
b98f7895: folds
Uncalled bet ($82.64) returned to 4531e5fd
*** SHOWDOWN ***
4531e5fd collected $553.98 from pot
*** SUMMARY ***
Total pot $553.98
Board [Jc 2h Qd 3d Qc]
Seat 2: Hero(big blind) folded before Flop
Seat 3: 13f6a2b6 folded before Flop (didn't bet)
Seat 4: 4531e5fdwon ($553.98) with Pair of Queens
Seat 7: b98f7895(small blind) folded on the River



