Poker Hand #ring_903458820: NLH No Limit ($1/$2) - 2025/05/28 13:03:03
Table 'MR NLH 1/2' 7-max Seat #1 is the button
Seat 3: 6daf6b8f ($110.9 in chips)
Seat 7: 3003766d ($496.9 in chips)
Seat 2: fc1ac5a3 ($117.17 in chips)
Seat 5: 78fd8564 ($479.71 in chips)
Seat 1: cc82043 ($688.22 in chips)
Seat 4: Hero ($787.42 in chips)
Seat 6: 6d4c77f7 ($466.33 in chips)
fc1ac5a3: posts small blind $1
6daf6b8f: posts big blind $2
*** HOLE CARDS ***
Dealt to 6daf6b8f 
Dealt to 3003766d 
Dealt to fc1ac5a3 
Dealt to 78fd8564 
Dealt to cc82043 
Dealt to Hero [7h 2h]
Dealt to 6d4c77f7 
Hero: folds
78fd8564: folds
6d4c77f7: folds
3003766d: raises $2 to $4
cc82043: folds
fc1ac5a3: raises $16 to $20
6daf6b8f: folds
3003766d: folds
Uncalled bet ($16) returned to fc1ac5a3
*** SHOWDOWN ***
fc1ac5a3 collected $10 from pot
*** SUMMARY ***
Total pot $10
Seat 3: 6daf6b8f(big blind) folded before Flop
Seat 7: 3003766d folded before Flop
Seat 2: fc1ac5a3(small blind)won ($10)
Seat 5: 78fd8564 folded before Flop (didn't bet)
Seat 1: cc82043 folded before Flop (didn't bet)
Seat 4: Hero folded before Flop (didn't bet)
Seat 6: 6d4c77f7 folded before Flop (didn't bet)



Poker Hand #ring_903458358: NLH No Limit ($1/$2) - 2025/05/28 13:02:38
Table 'MR NLH 1/2' 7-max Seat #7 is the button
Seat 3: 6daf6b8f ($107.9 in chips)
Seat 7: 3003766d ($496.9 in chips)
Seat 2: fc1ac5a3 ($119.17 in chips)
Seat 5: 78fd8564 ($479.71 in chips)
Seat 1: cc82043 ($689.22 in chips)
Seat 4: Hero ($787.42 in chips)
Seat 6: 6d4c77f7 ($466.33 in chips)
cc82043: posts small blind $1
fc1ac5a3: posts big blind $2
*** HOLE CARDS ***
Dealt to 6daf6b8f 
Dealt to 3003766d 
Dealt to fc1ac5a3 
Dealt to 78fd8564 
Dealt to cc82043 
Dealt to Hero [3s Jd]
Dealt to 6d4c77f7 
6daf6b8f: raises $4 to $6
Hero: folds
78fd8564: folds
6d4c77f7: folds
3003766d: folds
cc82043: folds
fc1ac5a3: folds
Uncalled bet ($4) returned to 6daf6b8f
*** SHOWDOWN ***
6daf6b8f collected $5 from pot
*** SUMMARY ***
Total pot $5
Seat 3: 6daf6b8fwon ($5)
Seat 7: 3003766d folded before Flop (didn't bet)
Seat 2: fc1ac5a3(big blind) folded before Flop
Seat 5: 78fd8564 folded before Flop (didn't bet)
Seat 1: cc82043(small blind) folded before Flop
Seat 4: Hero folded before Flop (didn't bet)
Seat 6: 6d4c77f7 folded before Flop (didn't bet)



Poker Hand #ring_903457735: NLH No Limit ($1/$2) - 2025/05/28 13:02:00
Table 'MR NLH 1/2' 7-max Seat #6 is the button
Seat 3: 6daf6b8f ($111.9 in chips)
Seat 7: 3003766d ($497.9 in chips)
Seat 2: fc1ac5a3 ($112.66 in chips)
Seat 5: 78fd8564 ($479.71 in chips)
Seat 1: cc82043 ($691.22 in chips)
Seat 4: Hero ($787.42 in chips)
Seat 6: 6d4c77f7 ($466.33 in chips)
3003766d: posts small blind $1
cc82043: posts big blind $2
*** HOLE CARDS ***
Dealt to 6daf6b8f 
Dealt to 3003766d 
Dealt to fc1ac5a3 
Dealt to 78fd8564 
Dealt to cc82043 
Dealt to Hero [Jc 7h]
Dealt to 6d4c77f7 
fc1ac5a3: raises $2 to $4
6daf6b8f: calls $4
Hero: folds
78fd8564: folds
6d4c77f7: folds
3003766d: folds
cc82043: folds
*** FLOP *** [3h 5h Td]
fc1ac5a3: bets $108.66 and is all-in
6daf6b8f: folds
Uncalled bet ($108.66) returned to fc1ac5a3
*** SHOWDOWN ***
fc1ac5a3 collected $11 from pot
*** SUMMARY ***
Total pot $11
Board [3h 5h Td]
Seat 3: 6daf6b8f folded on the Flop
Seat 7: 3003766d(small blind) folded before Flop
Seat 2: fc1ac5a3won ($11) with Jack-High
Seat 5: 78fd8564 folded before Flop (didn't bet)
Seat 1: cc82043(big blind) folded before Flop
Seat 4: Hero folded before Flop (didn't bet)
Seat 6: 6d4c77f7 folded before Flop (didn't bet)



Poker Hand #ring_903456328: NLH No Limit ($1/$2) - 2025/05/28 13:00:37
Table 'MR NLH 1/2' 7-max Seat #5 is the button
Seat 3: 6daf6b8f ($140.4 in chips)
Seat 7: 3003766d ($499.9 in chips)
Seat 2: fc1ac5a3 ($112.66 in chips)
Seat 5: 78fd8564 ($479.71 in chips)
Seat 1: cc82043 ($691.22 in chips)
Seat 4: Hero ($759.12 in chips)
Seat 6: 6d4c77f7 ($467.33 in chips)
6d4c77f7: posts small blind $1
3003766d: posts big blind $2
*** HOLE CARDS ***
Dealt to 6daf6b8f 
Dealt to 3003766d 
Dealt to fc1ac5a3 
Dealt to 78fd8564 
Dealt to cc82043 
Dealt to Hero [Kh Qh]
Dealt to 6d4c77f7 
cc82043: folds
fc1ac5a3: folds
6daf6b8f: calls $2
Hero: raises $4 to $6
78fd8564: folds
6d4c77f7: folds
3003766d: folds
6daf6b8f: calls $4
*** FLOP *** [Qd Js 3c]
6daf6b8f: checks
Hero: bets $7.5
6daf6b8f: calls $7.5
*** TURN *** [Qd Js 3c] [Qs]
6daf6b8f: bets $15
Hero: calls $15
*** RIVER *** [Qd Js 3c Qs] [4d]
6daf6b8f: checks
Hero: bets $48
6daf6b8f: folds
Uncalled bet ($48) returned to Hero
*** SHOWDOWN ***
Hero collected $60 from pot
*** SUMMARY ***
Total pot $60
Board [Qd Js 3c Qs 4d]
Seat 3: 6daf6b8f folded on the River
Seat 7: 3003766d(big blind) folded before Flop
Seat 2: fc1ac5a3 folded before Flop (didn't bet)
Seat 5: 78fd8564 folded before Flop (didn't bet)
Seat 1: cc82043 folded before Flop (didn't bet)
Seat 4: Herowon ($60) with Three Queens
Seat 6: 6d4c77f7(small blind) folded before Flop



Poker Hand #ring_903455632: NLH No Limit ($1/$2) - 2025/05/28 12:59:57
Table 'MR NLH 1/2' 7-max Seat #4 is the button
Seat 3: 6daf6b8f ($140.4 in chips)
Seat 7: 3003766d ($499.9 in chips)
Seat 2: fc1ac5a3 ($112.66 in chips)
Seat 5: 78fd8564 ($484.71 in chips)
Seat 1: cc82043 ($691.22 in chips)
Seat 4: Hero ($759.12 in chips)
Seat 6: 6d4c77f7 ($462.78 in chips)
78fd8564: posts small blind $1
6d4c77f7: posts big blind $2
*** HOLE CARDS ***
Dealt to 6daf6b8f 
Dealt to 3003766d 
Dealt to fc1ac5a3 
Dealt to 78fd8564 
Dealt to cc82043 
Dealt to Hero [2c 6d]
Dealt to 6d4c77f7 
3003766d: folds
cc82043: folds
fc1ac5a3: folds
6daf6b8f: folds
Hero: folds
78fd8564: raises $3 to $5
6d4c77f7: calls $3
*** FLOP *** [3h 5s 3s]
78fd8564: checks
6d4c77f7: bets $5
78fd8564: folds
Uncalled bet ($5) returned to 6d4c77f7
*** SHOWDOWN ***
6d4c77f7 collected $10 from pot
*** SUMMARY ***
Total pot $10
Board [3h 5s 3s]
Seat 3: 6daf6b8f folded before Flop (didn't bet)
Seat 7: 3003766d folded before Flop (didn't bet)
Seat 2: fc1ac5a3 folded before Flop (didn't bet)
Seat 5: 78fd8564(small blind) folded on the Flop
Seat 1: cc82043 folded before Flop (didn't bet)
Seat 4: Hero folded before Flop (didn't bet)
Seat 6: 6d4c77f7(big blind)won ($10) with Pair of Fives and Pair of Treys



Poker Hand #ring_903454180: NLH No Limit ($1/$2) - 2025/05/28 12:58:32
Table 'MR NLH 1/2' 7-max Seat #3 is the button
Seat 3: 6daf6b8f ($99.77 in chips)
Seat 7: 3003766d ($499.9 in chips)
Seat 2: fc1ac5a3 ($112.66 in chips)
Seat 5: 78fd8564 ($486.71 in chips)
Seat 1: cc82043 ($691.22 in chips)
Seat 4: Hero ($800.12 in chips)
Seat 6: 6d4c77f7 ($464.78 in chips)
Hero: posts small blind $1
78fd8564: posts big blind $2
*** HOLE CARDS ***
Dealt to 6daf6b8f 
Dealt to 3003766d 
Dealt to fc1ac5a3 
Dealt to 78fd8564 
Dealt to cc82043 
Dealt to Hero [8s Jh]
Dealt to 6d4c77f7 
6d4c77f7: calls $2
3003766d: folds
cc82043: folds
fc1ac5a3: folds
6daf6b8f: calls $2
Hero: calls $1
78fd8564: checks
*** FLOP *** [7s 5c 6h]
Hero: checks
78fd8564: checks
6d4c77f7: checks
6daf6b8f: bets $6
Hero: calls $6
78fd8564: folds
6d4c77f7: folds
*** TURN *** [7s 5c 6h] [6d]
Hero: checks
6daf6b8f: bets $10
Hero: raises $23 to $33
6daf6b8f: calls $23
*** RIVER *** [7s 5c 6h 6d] [7c]
Hero: checks
6daf6b8f: bets $58.77 and is all-in
Hero: folds
Uncalled bet ($58.77) returned to 6daf6b8f
6daf6b8f: shows [7d]
*** SHOWDOWN ***
6daf6b8f collected $86 from pot
*** SUMMARY ***
Total pot $86
Board [7s 5c 6h 6d 7c]
Seat 3: 6daf6b8f showed [7d] and won ($86) with Sevens Full over Sixes
Seat 7: 3003766d folded before Flop (didn't bet)
Seat 2: fc1ac5a3 folded before Flop (didn't bet)
Seat 5: 78fd8564(big blind) folded on the Flop
Seat 1: cc82043 folded before Flop (didn't bet)
Seat 4: Hero(small blind) folded on the River
Seat 6: 6d4c77f7 folded on the Flop



Poker Hand #ring_903453057: NLH No Limit ($1/$2) - 2025/05/28 12:57:26
Table 'MR NLH 1/2' 7-max Seat #2 is the button
Seat 3: 6daf6b8f ($124.27 in chips)
Seat 7: 3003766d ($499.9 in chips)
Seat 2: fc1ac5a3 ($8.66 in chips)
Seat 5: 78fd8564 ($486.71 in chips)
Seat 1: cc82043 ($664.65 in chips)
Seat 4: Hero ($805.12 in chips)
Seat 6: 6d4c77f7 ($464.78 in chips)
6daf6b8f: posts small blind $1
Hero: posts big blind $2
*** HOLE CARDS ***
Dealt to 6daf6b8f 
Dealt to 3003766d 
Dealt to fc1ac5a3 
Dealt to 78fd8564 
Dealt to cc82043 
Dealt to Hero [6d Kd]
Dealt to 6d4c77f7 
78fd8564: folds
6d4c77f7: folds
3003766d: folds
cc82043: raises $3 to $5
fc1ac5a3: folds
6daf6b8f: calls $4
Hero: calls $3
*** FLOP *** [Ac 4h Ts]
6daf6b8f: checks
Hero: checks
cc82043: bets $6
6daf6b8f: calls $6
Hero: folds
*** TURN *** [Ac 4h Ts] [3s]
6daf6b8f: checks
cc82043: bets $13.5
6daf6b8f: calls $13.5
*** RIVER *** [Ac 4h Ts 3s] [9c]
6daf6b8f: checks
cc82043: checks
cc82043: shows [Ad 8d]
6daf6b8f: shows [3c 5c]
*** SHOWDOWN ***
cc82043 collected $54 from pot
*** SUMMARY ***
Total pot $54
Board [Ac 4h Ts 3s 9c]
Seat 3: 6daf6b8f(small blind) showed [3c 5c] and lost with Pair of Treys
Seat 7: 3003766d folded before Flop (didn't bet)
Seat 2: fc1ac5a3 folded before Flop (didn't bet)
Seat 5: 78fd8564 folded before Flop (didn't bet)
Seat 1: cc82043 showed [Ad 8d] and won ($54) with Pair of Aces
Seat 4: Hero(big blind) folded on the Flop
Seat 6: 6d4c77f7 folded before Flop (didn't bet)



Poker Hand #ring_903452101: NLH No Limit ($1/$2) - 2025/05/28 12:56:29
Table 'MR NLH 1/2' 7-max Seat #1 is the button
Seat 3: 6daf6b8f ($65.32 in chips)
Seat 7: 3003766d ($499.9 in chips)
Seat 2: fc1ac5a3 ($73.98 in chips)
Seat 5: 78fd8564 ($486.71 in chips)
Seat 1: cc82043 ($664.65 in chips)
Seat 4: Hero ($805.12 in chips)
Seat 6: 6d4c77f7 ($464.78 in chips)
fc1ac5a3: posts small blind $1
6daf6b8f: posts big blind $2
*** HOLE CARDS ***
Dealt to 6daf6b8f 
Dealt to 3003766d 
Dealt to fc1ac5a3 
Dealt to 78fd8564 
Dealt to cc82043 
Dealt to Hero [Qc 8h]
Dealt to 6d4c77f7 
Hero: folds
78fd8564: folds
6d4c77f7: folds
3003766d: folds
cc82043: folds
fc1ac5a3: raises $4 to $6
6daf6b8f: raises $6 to $12
fc1ac5a3: calls $6
*** FLOP *** [5c 3h 7s]
fc1ac5a3: checks
6daf6b8f: bets $24
fc1ac5a3: raises $37.98 to $61.98 and is all-in
6daf6b8f: calls $29.32 and is all-in
Uncalled bet ($8.66) returned to fc1ac5a3
fc1ac5a3: shows [8d As] (Ace-High)
6daf6b8f: shows [Kc Ks] (Pair of Kings)
*** TURN *** [5c 3h 7s] [8c]
*** RIVER *** [5c 3h 7s 8c] [Jc]
*** SHOWDOWN ***
6daf6b8f collected $130.64 from pot
*** SUMMARY ***
Total pot $130.64
Board [5c 3h 7s 8c Jc]
Seat 3: 6daf6b8f(big blind) showed [Kc Ks] and won ($130.64) with Pair of Kings
Seat 7: 3003766d folded before Flop (didn't bet)
Seat 2: fc1ac5a3(small blind) showed [8d As] and lost with Pair of Eights
Seat 5: 78fd8564 folded before Flop (didn't bet)
Seat 1: cc82043 folded before Flop (didn't bet)
Seat 4: Hero folded before Flop (didn't bet)
Seat 6: 6d4c77f7 folded before Flop (didn't bet)



Poker Hand #ring_903451491: NLH No Limit ($1/$2) - 2025/05/28 12:55:54
Table 'MR NLH 1/2' 7-max Seat #7 is the button
Seat 3: 6daf6b8f ($65.32 in chips)
Seat 7: 3003766d ($499.9 in chips)
Seat 2: fc1ac5a3 ($75.98 in chips)
Seat 5: 78fd8564 ($486.71 in chips)
Seat 1: cc82043 ($662.65 in chips)
Seat 4: Hero ($805.12 in chips)
Seat 6: 6d4c77f7 ($464.78 in chips)
cc82043: posts small blind $1
fc1ac5a3: posts big blind $2
*** HOLE CARDS ***
Dealt to 6daf6b8f 
Dealt to 3003766d 
Dealt to fc1ac5a3 
Dealt to 78fd8564 
Dealt to cc82043 
Dealt to Hero [Kc 2d]
Dealt to 6d4c77f7 
6daf6b8f: folds
Hero: folds
78fd8564: folds
6d4c77f7: folds
3003766d: folds
cc82043: raises $4 to $6
fc1ac5a3: folds
Uncalled bet ($4) returned to cc82043
*** SHOWDOWN ***
cc82043 collected $4 from pot
*** SUMMARY ***
Total pot $4
Seat 3: 6daf6b8f folded before Flop (didn't bet)
Seat 7: 3003766d folded before Flop (didn't bet)
Seat 2: fc1ac5a3(big blind) folded before Flop
Seat 5: 78fd8564 folded before Flop (didn't bet)
Seat 1: cc82043(small blind)won ($4)
Seat 4: Hero folded before Flop (didn't bet)
Seat 6: 6d4c77f7 folded before Flop (didn't bet)



Poker Hand #ring_903450453: NLH No Limit ($1/$2) - 2025/05/28 12:54:52
Table 'MR NLH 1/2' 7-max Seat #6 is the button
Seat 3: 6daf6b8f ($33.46 in chips)
Seat 7: 3003766d ($533.36 in chips)
Seat 2: fc1ac5a3 ($75.98 in chips)
Seat 5: 78fd8564 ($486.71 in chips)
Seat 1: cc82043 ($664.65 in chips)
Seat 4: Hero ($805.12 in chips)
Seat 6: 6d4c77f7 ($464.78 in chips)
3003766d: posts small blind $1
cc82043: posts big blind $2
*** HOLE CARDS ***
Dealt to 6daf6b8f 
Dealt to 3003766d 
Dealt to fc1ac5a3 
Dealt to 78fd8564 
Dealt to cc82043 
Dealt to Hero [Jc 3s]
Dealt to 6d4c77f7 
fc1ac5a3: folds
6daf6b8f: raises $4 to $6
Hero: folds
78fd8564: folds
6d4c77f7: folds
3003766d: raises $18 to $24
cc82043: folds
6daf6b8f: raises $9.46 to $33.46 and is all-in
3003766d: calls $9.46
6daf6b8f: shows [Ks Qh]
3003766d: shows [Jd Ah]
*** FLOP *** [Kh 7h Qs]
*** TURN *** [Kh 7h Qs] [As]
*** RIVER *** [Kh 7h Qs As] [9h]
*** SHOWDOWN ***
6daf6b8f collected $68.92 from pot
*** SUMMARY ***
Total pot $68.92
Board [Kh 7h Qs As 9h]
Seat 3: 6daf6b8f showed [Ks Qh] and won ($68.92) with Pair of Kings and Pair of Queens
Seat 7: 3003766d(small blind) showed [Jd Ah] and lost with Pair of Aces
Seat 2: fc1ac5a3 folded before Flop (didn't bet)
Seat 5: 78fd8564 folded before Flop (didn't bet)
Seat 1: cc82043(big blind) folded before Flop
Seat 4: Hero folded before Flop (didn't bet)
Seat 6: 6d4c77f7 folded before Flop (didn't bet)



Poker Hand #ring_903449421: NLH No Limit ($1/$2) - 2025/05/28 12:53:53
Table 'MR NLH 1/2' 7-max Seat #5 is the button
Seat 3: 6daf6b8f ($35.46 in chips)
Seat 7: 3003766d ($535.36 in chips)
Seat 2: fc1ac5a3 ($75.98 in chips)
Seat 5: 78fd8564 ($486.71 in chips)
Seat 1: cc82043 ($664.65 in chips)
Seat 4: Hero ($807.12 in chips)
Seat 6: 6d4c77f7 ($458.78 in chips)
6d4c77f7: posts small blind $1
3003766d: posts big blind $2
*** HOLE CARDS ***
Dealt to 6daf6b8f 
Dealt to 3003766d 
Dealt to fc1ac5a3 
Dealt to 78fd8564 
Dealt to cc82043 
Dealt to Hero [Th 7h]
Dealt to 6d4c77f7 
cc82043: folds
fc1ac5a3: folds
6daf6b8f: calls $2
Hero: calls $2
78fd8564: folds
6d4c77f7: raises $10 to $12
3003766d: folds
6daf6b8f: folds
Hero: folds
Uncalled bet ($10) returned to 6d4c77f7
*** SHOWDOWN ***
6d4c77f7 collected $8 from pot
*** SUMMARY ***
Total pot $8
Seat 3: 6daf6b8f folded before Flop
Seat 7: 3003766d(big blind) folded before Flop
Seat 2: fc1ac5a3 folded before Flop (didn't bet)
Seat 5: 78fd8564 folded before Flop (didn't bet)
Seat 1: cc82043 folded before Flop (didn't bet)
Seat 4: Hero folded before Flop
Seat 6: 6d4c77f7(small blind)won ($8)



Poker Hand #ring_903448724: NLH No Limit ($1/$2) - 2025/05/28 12:53:14
Table 'MR NLH 1/2' 7-max Seat #4 is the button
Seat 3: 6daf6b8f ($37.46 in chips)
Seat 7: 3003766d ($535.36 in chips)
Seat 2: fc1ac5a3 ($75.98 in chips)
Seat 5: 78fd8564 ($487.71 in chips)
Seat 1: cc82043 ($664.65 in chips)
Seat 4: Hero ($802.12 in chips)
Seat 6: 6d4c77f7 ($460.78 in chips)
78fd8564: posts small blind $1
6d4c77f7: posts big blind $2
*** HOLE CARDS ***
Dealt to 6daf6b8f 
Dealt to 3003766d 
Dealt to fc1ac5a3 
Dealt to 78fd8564 
Dealt to cc82043 
Dealt to Hero [Ad Qd]
Dealt to 6d4c77f7 
3003766d: folds
cc82043: folds
fc1ac5a3: folds
6daf6b8f: calls $2
Hero: raises $8 to $10
78fd8564: folds
6d4c77f7: folds
6daf6b8f: folds
Uncalled bet ($8) returned to Hero
*** SHOWDOWN ***
Hero collected $7 from pot
*** SUMMARY ***
Total pot $7
Seat 3: 6daf6b8f folded before Flop
Seat 7: 3003766d folded before Flop (didn't bet)
Seat 2: fc1ac5a3 folded before Flop (didn't bet)
Seat 5: 78fd8564(small blind) folded before Flop
Seat 1: cc82043 folded before Flop (didn't bet)
Seat 4: Herowon ($7)
Seat 6: 6d4c77f7(big blind) folded before Flop



Poker Hand #ring_903448222: NLH No Limit ($1/$2) - 2025/05/28 12:52:44
Table 'MR NLH 1/2' 7-max Seat #3 is the button
Seat 3: 6daf6b8f ($37.46 in chips)
Seat 7: 3003766d ($535.36 in chips)
Seat 2: fc1ac5a3 ($75.98 in chips)
Seat 5: 78fd8564 ($489.71 in chips)
Seat 1: cc82043 ($664.65 in chips)
Seat 4: Hero ($803.12 in chips)
Seat 6: 6d4c77f7 ($457.78 in chips)
Hero: posts small blind $1
78fd8564: posts big blind $2
*** HOLE CARDS ***
Dealt to 6daf6b8f 
Dealt to 3003766d 
Dealt to fc1ac5a3 
Dealt to 78fd8564 
Dealt to cc82043 
Dealt to Hero [Tc 4h]
Dealt to 6d4c77f7 
6d4c77f7: raises $3 to $5
3003766d: folds
cc82043: folds
fc1ac5a3: folds
6daf6b8f: folds
Hero: folds
78fd8564: folds
Uncalled bet ($3) returned to 6d4c77f7
*** SHOWDOWN ***
6d4c77f7 collected $5 from pot
*** SUMMARY ***
Total pot $5
Seat 3: 6daf6b8f folded before Flop (didn't bet)
Seat 7: 3003766d folded before Flop (didn't bet)
Seat 2: fc1ac5a3 folded before Flop (didn't bet)
Seat 5: 78fd8564(big blind) folded before Flop
Seat 1: cc82043 folded before Flop (didn't bet)
Seat 4: Hero(small blind) folded before Flop
Seat 6: 6d4c77f7won ($5)



Poker Hand #ring_903447196: NLH No Limit ($1/$2) - 2025/05/28 12:51:46
Table 'MR NLH 1/2' 7-max Seat #2 is the button
Seat 3: 6daf6b8f ($32 in chips)
Seat 7: 3003766d ($535.36 in chips)
Seat 2: fc1ac5a3 ($75.98 in chips)
Seat 5: 78fd8564 ($489.71 in chips)
Seat 1: cc82043 ($664.65 in chips)
Seat 4: Hero ($809.12 in chips)
Seat 6: 6d4c77f7 ($457.78 in chips)
6daf6b8f: posts small blind $1
Hero: posts big blind $2
*** HOLE CARDS ***
Dealt to 6daf6b8f 
Dealt to 3003766d 
Dealt to fc1ac5a3 
Dealt to 78fd8564 
Dealt to cc82043 
Dealt to Hero [Ah Js]
Dealt to 6d4c77f7 
78fd8564: folds
6d4c77f7: folds
3003766d: folds
cc82043: folds
fc1ac5a3: folds
6daf6b8f: calls $1
Hero: raises $4 to $6
6daf6b8f: calls $4
*** FLOP *** [7h 7s 5c]
6daf6b8f: checks
Hero: checks
*** TURN *** [7h 7s 5c] [3c]
6daf6b8f: checks
Hero: checks
*** RIVER *** [7h 7s 5c 3c] [6h]
6daf6b8f: bets $12
Hero: folds
Uncalled bet ($12) returned to 6daf6b8f
*** SHOWDOWN ***
6daf6b8f collected $12 from pot
*** SUMMARY ***
Total pot $12
Board [7h 7s 5c 3c 6h]
Seat 3: 6daf6b8f(small blind)won ($12) with Sevens-High Straight
Seat 7: 3003766d folded before Flop (didn't bet)
Seat 2: fc1ac5a3 folded before Flop (didn't bet)
Seat 5: 78fd8564 folded before Flop (didn't bet)
Seat 1: cc82043 folded before Flop (didn't bet)
Seat 4: Hero(big blind) folded on the River
Seat 6: 6d4c77f7 folded before Flop (didn't bet)



Poker Hand #ring_903446515: NLH No Limit ($1/$2) - 2025/05/28 12:51:07
Table 'MR NLH 1/2' 7-max Seat #1 is the button
Seat 3: 6daf6b8f ($26.49 in chips)
Seat 7: 3003766d ($535.36 in chips)
Seat 2: fc1ac5a3 ($76.98 in chips)
Seat 5: 78fd8564 ($489.71 in chips)
Seat 1: cc82043 ($664.65 in chips)
Seat 4: Hero ($809.12 in chips)
Seat 6: 6d4c77f7 ($462.78 in chips)
fc1ac5a3: posts small blind $1
6daf6b8f: posts big blind $2
*** HOLE CARDS ***
Dealt to 6daf6b8f 
Dealt to 3003766d 
Dealt to fc1ac5a3 
Dealt to 78fd8564 
Dealt to cc82043 
Dealt to Hero [5c Qs]
Dealt to 6d4c77f7 
Hero: folds
78fd8564: folds
6d4c77f7: raises $3 to $5
3003766d: folds
cc82043: folds
fc1ac5a3: folds
6daf6b8f: calls $3
*** FLOP *** [Kc Qc 8c]
6daf6b8f: bets $21.49 and is all-in
6d4c77f7: folds
Uncalled bet ($21.49) returned to 6daf6b8f
*** SHOWDOWN ***
6daf6b8f collected $11 from pot
*** SUMMARY ***
Total pot $11
Board [Kc Qc 8c]
Seat 3: 6daf6b8f(big blind)won ($11) with Pair of Kings
Seat 7: 3003766d folded before Flop (didn't bet)
Seat 2: fc1ac5a3(small blind) folded before Flop
Seat 5: 78fd8564 folded before Flop (didn't bet)
Seat 1: cc82043 folded before Flop (didn't bet)
Seat 4: Hero folded before Flop (didn't bet)
Seat 6: 6d4c77f7 folded on the Flop



Poker Hand #ring_903445801: NLH No Limit ($1/$2) - 2025/05/28 12:50:25
Table 'MR NLH 1/2' 7-max Seat #7 is the button
Seat 3: 6daf6b8f ($28.49 in chips)
Seat 7: 3003766d ($535.36 in chips)
Seat 2: fc1ac5a3 ($78.98 in chips)
Seat 5: 78fd8564 ($489.71 in chips)
Seat 1: cc82043 ($665.65 in chips)
Seat 4: Hero ($809.12 in chips)
Seat 6: 6d4c77f7 ($457.78 in chips)
cc82043: posts small blind $1
fc1ac5a3: posts big blind $2
*** HOLE CARDS ***
Dealt to 6daf6b8f 
Dealt to 3003766d 
Dealt to fc1ac5a3 
Dealt to 78fd8564 
Dealt to cc82043 
Dealt to Hero [4d Jc]
Dealt to 6d4c77f7 
6daf6b8f: calls $2
Hero: folds
78fd8564: folds
6d4c77f7: raises $6 to $8
3003766d: folds
cc82043: folds
fc1ac5a3: folds
6daf6b8f: folds
Uncalled bet ($6) returned to 6d4c77f7
*** SHOWDOWN ***
6d4c77f7 collected $7 from pot
*** SUMMARY ***
Total pot $7
Seat 3: 6daf6b8f folded before Flop
Seat 7: 3003766d folded before Flop (didn't bet)
Seat 2: fc1ac5a3(big blind) folded before Flop
Seat 5: 78fd8564 folded before Flop (didn't bet)
Seat 1: cc82043(small blind) folded before Flop
Seat 4: Hero folded before Flop (didn't bet)
Seat 6: 6d4c77f7won ($7)



Poker Hand #ring_903445073: NLH No Limit ($1/$2) - 2025/05/28 12:49:42
Table 'MR NLH 1/2' 7-max Seat #6 is the button
Seat 3: 6daf6b8f ($21.49 in chips)
Seat 7: 3003766d ($536.36 in chips)
Seat 2: fc1ac5a3 ($82.98 in chips)
Seat 5: 78fd8564 ($489.71 in chips)
Seat 1: cc82043 ($667.65 in chips)
Seat 4: Hero ($809.12 in chips)
Seat 6: 6d4c77f7 ($457.78 in chips)
3003766d: posts small blind $1
cc82043: posts big blind $2
*** HOLE CARDS ***
Dealt to 6daf6b8f 
Dealt to 3003766d 
Dealt to fc1ac5a3 
Dealt to 78fd8564 
Dealt to cc82043 
Dealt to Hero [Jh 9c]
Dealt to 6d4c77f7 
fc1ac5a3: raises $2 to $4
6daf6b8f: raises $17.49 to $21.49 and is all-in
Hero: folds
78fd8564: folds
6d4c77f7: folds
3003766d: folds
cc82043: folds
fc1ac5a3: folds
Uncalled bet ($17.49) returned to 6daf6b8f
*** SHOWDOWN ***
6daf6b8f collected $11 from pot
*** SUMMARY ***
Total pot $11
Seat 3: 6daf6b8fwon ($11)
Seat 7: 3003766d(small blind) folded before Flop
Seat 2: fc1ac5a3 folded before Flop
Seat 5: 78fd8564 folded before Flop (didn't bet)
Seat 1: cc82043(big blind) folded before Flop
Seat 4: Hero folded before Flop (didn't bet)
Seat 6: 6d4c77f7 folded before Flop (didn't bet)



Poker Hand #ring_903444473: NLH No Limit ($1/$2) - 2025/05/28 12:49:07
Table 'MR NLH 1/2' 7-max Seat #5 is the button
Seat 3: 6daf6b8f ($23.49 in chips)
Seat 7: 3003766d ($533.36 in chips)
Seat 2: fc1ac5a3 ($82.98 in chips)
Seat 5: 78fd8564 ($489.71 in chips)
Seat 1: cc82043 ($667.65 in chips)
Seat 4: Hero ($809.12 in chips)
Seat 6: 6d4c77f7 ($458.78 in chips)
6d4c77f7: posts small blind $1
3003766d: posts big blind $2
*** HOLE CARDS ***
Dealt to 6daf6b8f 
Dealt to 3003766d 
Dealt to fc1ac5a3 
Dealt to 78fd8564 
Dealt to cc82043 
Dealt to Hero [8d 6s]
Dealt to 6d4c77f7 
cc82043: folds
fc1ac5a3: folds
6daf6b8f: calls $2
Hero: folds
78fd8564: folds
6d4c77f7: folds
3003766d: raises $22 to $24
6daf6b8f: folds
Uncalled bet ($22) returned to 3003766d
*** SHOWDOWN ***
3003766d collected $5 from pot
*** SUMMARY ***
Total pot $5
Seat 3: 6daf6b8f folded before Flop
Seat 7: 3003766d(big blind)won ($5)
Seat 2: fc1ac5a3 folded before Flop (didn't bet)
Seat 5: 78fd8564 folded before Flop (didn't bet)
Seat 1: cc82043 folded before Flop (didn't bet)
Seat 4: Hero folded before Flop (didn't bet)
Seat 6: 6d4c77f7(small blind) folded before Flop



Poker Hand #ring_903443904: NLH No Limit ($1/$2) - 2025/05/28 12:48:34
Table 'MR NLH 1/2' 7-max Seat #4 is the button
Seat 3: 6daf6b8f ($23.49 in chips)
Seat 7: 3003766d ($533.36 in chips)
Seat 2: fc1ac5a3 ($82.98 in chips)
Seat 5: 78fd8564 ($490.71 in chips)
Seat 1: cc82043 ($667.65 in chips)
Seat 4: Hero ($806.12 in chips)
Seat 6: 6d4c77f7 ($460.78 in chips)
78fd8564: posts small blind $1
6d4c77f7: posts big blind $2
*** HOLE CARDS ***
Dealt to 6daf6b8f 
Dealt to 3003766d 
Dealt to fc1ac5a3 
Dealt to 78fd8564 
Dealt to cc82043 
Dealt to Hero [8h 8s]
Dealt to 6d4c77f7 
3003766d: folds
cc82043: folds
fc1ac5a3: folds
6daf6b8f: folds
Hero: raises $4 to $6
78fd8564: folds
6d4c77f7: folds
Uncalled bet ($4) returned to Hero
*** SHOWDOWN ***
Hero collected $5 from pot
*** SUMMARY ***
Total pot $5
Seat 3: 6daf6b8f folded before Flop (didn't bet)
Seat 7: 3003766d folded before Flop (didn't bet)
Seat 2: fc1ac5a3 folded before Flop (didn't bet)
Seat 5: 78fd8564(small blind) folded before Flop
Seat 1: cc82043 folded before Flop (didn't bet)
Seat 4: Herowon ($5)
Seat 6: 6d4c77f7(big blind) folded before Flop



Poker Hand #ring_903442570: NLH No Limit ($1/$2) - 2025/05/28 12:47:14
Table 'MR NLH 1/2' 7-max Seat #3 is the button
Seat 3: 6daf6b8f ($23.49 in chips)
Seat 7: 3003766d ($533.36 in chips)
Seat 2: fc1ac5a3 ($82.98 in chips)
Seat 5: 78fd8564 ($492 in chips)
Seat 1: cc82043 ($667.65 in chips)
Seat 4: Hero ($807.12 in chips)
Seat 6: 6d4c77f7 ($462.08 in chips)
Hero: posts small blind $1
78fd8564: posts big blind $2
*** HOLE CARDS ***
Dealt to 6daf6b8f 
Dealt to 3003766d 
Dealt to fc1ac5a3 
Dealt to 78fd8564 
Dealt to cc82043 
Dealt to Hero [Qc 2d]
Dealt to 6d4c77f7 
6d4c77f7: raises $3 to $5
3003766d: folds
cc82043: folds
fc1ac5a3: folds
6daf6b8f: folds
Hero: folds
78fd8564: calls $3
*** FLOP *** [8c 7c 7s]
78fd8564: checks
6d4c77f7: checks
*** TURN *** [8c 7c 7s] [Js]
78fd8564: checks
6d4c77f7: bets $8.25
78fd8564: calls $8.25
*** RIVER *** [8c 7c 7s Js] [3c]
78fd8564: checks
6d4c77f7: bets $20.63
78fd8564: calls $20.63
78fd8564: shows [Ac Jd]
6d4c77f7: shows [Jc As]
*** SHOWDOWN ***
78fd8564 collected $34.38 from pot
6d4c77f7 collected $34.38 from pot
*** SUMMARY ***
Total pot $68.76
Board [8c 7c 7s Js 3c]
Seat 3: 6daf6b8f folded before Flop (didn't bet)
Seat 7: 3003766d folded before Flop (didn't bet)
Seat 2: fc1ac5a3 folded before Flop (didn't bet)
Seat 5: 78fd8564(big blind) showed [Ac Jd] and won ($34.38) with Pair of Jacks and Pair of Sevens
Seat 1: cc82043 folded before Flop (didn't bet)
Seat 4: Hero(small blind) folded before Flop
Seat 6: 6d4c77f7 showed [Jc As] and won ($34.38) with Pair of Jacks and Pair of Sevens



Poker Hand #ring_903441104: NLH No Limit ($1/$2) - 2025/05/28 12:45:45
Table 'MR NLH 1/2' 7-max Seat #2 is the button
Seat 3: 6daf6b8f ($24.1 in chips)
Seat 7: 3003766d ($533.36 in chips)
Seat 2: fc1ac5a3 ($83.6 in chips)
Seat 5: 78fd8564 ($492 in chips)
Seat 1: cc82043 ($667.65 in chips)
Seat 4: Hero ($809.12 in chips)
Seat 6: 6d4c77f7 ($462.69 in chips)
6daf6b8f: posts small blind $1
Hero: posts big blind $2
*** HOLE CARDS ***
Dealt to 6daf6b8f 
Dealt to 3003766d 
Dealt to fc1ac5a3 
Dealt to 78fd8564 
Dealt to cc82043 
Dealt to Hero [4d 7c]
Dealt to 6d4c77f7 
78fd8564: folds
6d4c77f7: raises $3 to $5
3003766d: folds
cc82043: folds
fc1ac5a3: calls $5
6daf6b8f: raises $19.1 to $24.1 and is all-in
Hero: folds
6d4c77f7: calls $19.1
fc1ac5a3: calls $19.1
*** FLOP *** [9h 8h Ts]
6d4c77f7: checks
fc1ac5a3: checks
*** TURN *** [9h 8h Ts] [7s]
6d4c77f7: checks
fc1ac5a3: checks
*** RIVER *** [9h 8h Ts 7s] [6s]
6d4c77f7: checks
fc1ac5a3: checks
fc1ac5a3: shows [3h 3d]
6daf6b8f: shows [Td Th]
6d4c77f7: shows [Qs Kc]
*** SHOWDOWN ***
fc1ac5a3 collected $24.77 from pot
6daf6b8f collected $24.76 from pot
6d4c77f7 collected $24.77 from pot
*** SUMMARY ***
Total pot $74.3
Board [9h 8h Ts 7s 6s]
Seat 3: 6daf6b8f(small blind) showed [Td Th] and won ($24.76) with Tens-High Straight
Seat 7: 3003766d folded before Flop (didn't bet)
Seat 2: fc1ac5a3 showed [3h 3d] and won ($24.77) with Tens-High Straight
Seat 5: 78fd8564 folded before Flop (didn't bet)
Seat 1: cc82043 folded before Flop (didn't bet)
Seat 4: Hero(big blind) folded before Flop
Seat 6: 6d4c77f7 showed [Qs Kc] and won ($24.77) with Tens-High Straight



Poker Hand #ring_903440011: NLH No Limit ($1/$2) - 2025/05/28 12:44:41
Table 'MR NLH 1/2' 7-max Seat #1 is the button
Seat 3: 6daf6b8f ($26.1 in chips)
Seat 7: 3003766d ($533.36 in chips)
Seat 2: fc1ac5a3 ($84.6 in chips)
Seat 5: 78fd8564 ($436.85 in chips)
Seat 1: cc82043 ($725.65 in chips)
Seat 4: Hero ($809.12 in chips)
Seat 6: 6d4c77f7 ($462.69 in chips)
fc1ac5a3: posts small blind $1
6daf6b8f: posts big blind $2
*** HOLE CARDS ***
Dealt to 6daf6b8f 
Dealt to 3003766d 
Dealt to fc1ac5a3 
Dealt to 78fd8564 
Dealt to cc82043 
Dealt to Hero [6s 9d]
Dealt to 6d4c77f7 
Hero: folds
78fd8564: raises $4 to $6
6d4c77f7: folds
3003766d: folds
cc82043: raises $16 to $22
fc1ac5a3: folds
6daf6b8f: folds
78fd8564: raises $36 to $58
cc82043: calls $36
*** FLOP *** [6d Th Ts]
78fd8564: bets $59.5
cc82043: folds
Uncalled bet ($59.5) returned to 78fd8564
*** SHOWDOWN ***
78fd8564 collected $119 from pot
*** SUMMARY ***
Total pot $119
Board [6d Th Ts]
Seat 3: 6daf6b8f(big blind) folded before Flop
Seat 7: 3003766d folded before Flop (didn't bet)
Seat 2: fc1ac5a3(small blind) folded before Flop
Seat 5: 78fd8564won ($119) with Pair of Tens
Seat 1: cc82043 folded on the Flop
Seat 4: Hero folded before Flop (didn't bet)
Seat 6: 6d4c77f7 folded before Flop (didn't bet)



Poker Hand #ring_903438894: NLH No Limit ($1/$2) - 2025/05/28 12:43:34
Table 'MR NLH 1/2' 7-max Seat #7 is the button
Seat 3: 6daf6b8f ($32.1 in chips)
Seat 7: 3003766d ($525.03 in chips)
Seat 2: fc1ac5a3 ($86.6 in chips)
Seat 5: 78fd8564 ($436.85 in chips)
Seat 1: cc82043 ($726.65 in chips)
Seat 4: Hero ($809.12 in chips)
Seat 6: 6d4c77f7 ($462.69 in chips)
cc82043: posts small blind $1
fc1ac5a3: posts big blind $2
*** HOLE CARDS ***
Dealt to 6daf6b8f 
Dealt to 3003766d 
Dealt to fc1ac5a3 
Dealt to 78fd8564 
Dealt to cc82043 
Dealt to Hero [4h 5c]
Dealt to 6d4c77f7 
6daf6b8f: calls $2
Hero: folds
78fd8564: folds
6d4c77f7: folds
3003766d: raises $4 to $6
cc82043: folds
fc1ac5a3: folds
6daf6b8f: calls $4
*** FLOP *** [Kh 8s Ah]
6daf6b8f: checks
3003766d: checks
*** TURN *** [Kh 8s Ah] [9d]
6daf6b8f: checks
3003766d: bets $8
6daf6b8f: folds
Uncalled bet ($8) returned to 3003766d
*** SHOWDOWN ***
3003766d collected $15 from pot
*** SUMMARY ***
Total pot $15
Board [Kh 8s Ah 9d]
Seat 3: 6daf6b8f folded on the Turn
Seat 7: 3003766dwon ($15) with Ace-High
Seat 2: fc1ac5a3(big blind) folded before Flop
Seat 5: 78fd8564 folded before Flop (didn't bet)
Seat 1: cc82043(small blind) folded before Flop
Seat 4: Hero folded before Flop (didn't bet)
Seat 6: 6d4c77f7 folded before Flop (didn't bet)



Poker Hand #ring_903438110: NLH No Limit ($1/$2) - 2025/05/28 12:42:46
Table 'MR NLH 1/2' 7-max Seat #6 is the button
Seat 3: 6daf6b8f ($32.1 in chips)
Seat 7: 3003766d ($526.03 in chips)
Seat 2: fc1ac5a3 ($86.6 in chips)
Seat 5: 78fd8564 ($436.85 in chips)
Seat 1: cc82043 ($731.65 in chips)
Seat 4: Hero ($809.12 in chips)
Seat 6: 6d4c77f7 ($457.18 in chips)
3003766d: posts small blind $1
cc82043: posts big blind $2
*** HOLE CARDS ***
Dealt to 6daf6b8f 
Dealt to 3003766d 
Dealt to fc1ac5a3 
Dealt to 78fd8564 
Dealt to cc82043 
Dealt to Hero [Ts 3d]
Dealt to 6d4c77f7 
fc1ac5a3: folds
6daf6b8f: folds
Hero: folds
78fd8564: folds
6d4c77f7: raises $3 to $5
3003766d: folds
cc82043: calls $3
*** FLOP *** [8d 3s 7s]
cc82043: checks
6d4c77f7: bets $8.25
cc82043: folds
Uncalled bet ($8.25) returned to 6d4c77f7
*** SHOWDOWN ***
6d4c77f7 collected $11 from pot
*** SUMMARY ***
Total pot $11
Board [8d 3s 7s]
Seat 3: 6daf6b8f folded before Flop (didn't bet)
Seat 7: 3003766d(small blind) folded before Flop
Seat 2: fc1ac5a3 folded before Flop (didn't bet)
Seat 5: 78fd8564 folded before Flop (didn't bet)
Seat 1: cc82043(big blind) folded on the Flop
Seat 4: Hero folded before Flop (didn't bet)
Seat 6: 6d4c77f7won ($11) with Ace-High



Poker Hand #ring_903437511: NLH No Limit ($1/$2) - 2025/05/28 12:42:09
Table 'MR NLH 1/2' 7-max Seat #5 is the button
Seat 3: 6daf6b8f ($40.1 in chips)
Seat 7: 3003766d ($528.03 in chips)
Seat 2: fc1ac5a3 ($86.6 in chips)
Seat 5: 78fd8564 ($426.7 in chips)
Seat 1: cc82043 ($731.65 in chips)
Seat 4: Hero ($809.12 in chips)
Seat 6: 6d4c77f7 ($458.18 in chips)
6d4c77f7: posts small blind $1
3003766d: posts big blind $2
*** HOLE CARDS ***
Dealt to 6daf6b8f 
Dealt to 3003766d 
Dealt to fc1ac5a3 
Dealt to 78fd8564 
Dealt to cc82043 
Dealt to Hero [7s Ad]
Dealt to 6d4c77f7 
cc82043: folds
fc1ac5a3: folds
6daf6b8f: calls $2
Hero: folds
78fd8564: raises $6 to $8
6d4c77f7: folds
3003766d: folds
6daf6b8f: calls $6
*** FLOP *** [9s Td 4d]
6daf6b8f: checks
78fd8564: bets $418.7 and is all-in
6daf6b8f: folds
Uncalled bet ($418.7) returned to 78fd8564
*** SHOWDOWN ***
78fd8564 collected $19 from pot
*** SUMMARY ***
Total pot $19
Board [9s Td 4d]
Seat 3: 6daf6b8f folded on the Flop
Seat 7: 3003766d(big blind) folded before Flop
Seat 2: fc1ac5a3 folded before Flop (didn't bet)
Seat 5: 78fd8564won ($19) with Queen-High
Seat 1: cc82043 folded before Flop (didn't bet)
Seat 4: Hero folded before Flop (didn't bet)
Seat 6: 6d4c77f7(small blind) folded before Flop



Poker Hand #ring_903436889: NLH No Limit ($1/$2) - 2025/05/28 12:41:30
Table 'MR NLH 1/2' 7-max Seat #4 is the button
Seat 3: 6daf6b8f ($40.1 in chips)
Seat 7: 3003766d ($528.03 in chips)
Seat 2: fc1ac5a3 ($86.6 in chips)
Seat 5: 78fd8564 ($427.7 in chips)
Seat 1: cc82043 ($726.14 in chips)
Seat 4: Hero ($809.12 in chips)
Seat 6: 6d4c77f7 ($463.18 in chips)
78fd8564: posts small blind $1
6d4c77f7: posts big blind $2
*** HOLE CARDS ***
Dealt to 6daf6b8f 
Dealt to 3003766d 
Dealt to fc1ac5a3 
Dealt to 78fd8564 
Dealt to cc82043 
Dealt to Hero [7s 3c]
Dealt to 6d4c77f7 
3003766d: folds
cc82043: raises $3 to $5
fc1ac5a3: folds
6daf6b8f: folds
Hero: folds
78fd8564: folds
6d4c77f7: calls $3
*** FLOP *** [6c 7d Kc]
6d4c77f7: checks
cc82043: bets $4
6d4c77f7: folds
Uncalled bet ($4) returned to cc82043
*** SHOWDOWN ***
cc82043 collected $11 from pot
*** SUMMARY ***
Total pot $11
Board [6c 7d Kc]
Seat 3: 6daf6b8f folded before Flop (didn't bet)
Seat 7: 3003766d folded before Flop (didn't bet)
Seat 2: fc1ac5a3 folded before Flop (didn't bet)
Seat 5: 78fd8564(small blind) folded before Flop
Seat 1: cc82043won ($11) with King-High
Seat 4: Hero folded before Flop (didn't bet)
Seat 6: 6d4c77f7(big blind) folded on the Flop



Poker Hand #ring_903435740: NLH No Limit ($1/$2) - 2025/05/28 12:40:20
Table 'MR NLH 1/2' 7-max Seat #3 is the button
Seat 3: 6daf6b8f ($68.98 in chips)
Seat 7: 3003766d ($528.03 in chips)
Seat 2: fc1ac5a3 ($86.6 in chips)
Seat 5: 78fd8564 ($400 in chips)
Seat 1: cc82043 ($726.14 in chips)
Seat 4: Hero ($811.12 in chips)
Seat 6: 6d4c77f7 ($463.18 in chips)
Hero: posts small blind $1
78fd8564: posts big blind $2
*** HOLE CARDS ***
Dealt to 6daf6b8f 
Dealt to 3003766d 
Dealt to fc1ac5a3 
Dealt to 78fd8564 
Dealt to cc82043 
Dealt to Hero [Ts 2c]
Dealt to 6d4c77f7 
6d4c77f7: folds
3003766d: folds
cc82043: folds
fc1ac5a3: folds
6daf6b8f: calls $2
Hero: calls $1
78fd8564: checks
*** FLOP *** [7c 9h 3h]
Hero: checks
78fd8564: checks
6daf6b8f: bets $3
Hero: folds
78fd8564: raises $12 to $15
6daf6b8f: calls $12
*** TURN *** [7c 9h 3h] [Jd]
78fd8564: bets $11.88
6daf6b8f: calls $11.88
*** RIVER *** [7c 9h 3h Jd] [Kc]
78fd8564: bets $371.12 and is all-in
6daf6b8f: folds
Uncalled bet ($371.12) returned to 78fd8564
*** SHOWDOWN ***
78fd8564 collected $59.76 from pot
*** SUMMARY ***
Total pot $59.76
Board [7c 9h 3h Jd Kc]
Seat 3: 6daf6b8f folded on the River
Seat 7: 3003766d folded before Flop (didn't bet)
Seat 2: fc1ac5a3 folded before Flop (didn't bet)
Seat 5: 78fd8564(big blind)won ($59.76) with Pair of Kings and Pair of Sevens
Seat 1: cc82043 folded before Flop (didn't bet)
Seat 4: Hero(small blind) folded on the Flop
Seat 6: 6d4c77f7 folded before Flop (didn't bet)



Poker Hand #ring_903434870: NLH No Limit ($1/$2) - 2025/05/28 12:39:25
Table 'MR NLH 1/2' 7-max Seat #2 is the button
Seat 3: 6daf6b8f ($66.98 in chips)
Seat 7: 3003766d ($528.03 in chips)
Seat 2: fc1ac5a3 ($86.6 in chips)
Seat 5: 78fd8564 ($400 in chips)
Seat 1: cc82043 ($726.14 in chips)
Seat 4: Hero ($813.12 in chips)
Seat 6: 6d4c77f7 ($463.18 in chips)
6daf6b8f: posts small blind $1
Hero: posts big blind $2
*** HOLE CARDS ***
Dealt to 6daf6b8f 
Dealt to 3003766d 
Dealt to fc1ac5a3 
Dealt to 78fd8564 
Dealt to cc82043 
Dealt to Hero [3s Kd]
Dealt to 6d4c77f7 
78fd8564: folds
6d4c77f7: folds
3003766d: folds
cc82043: folds
fc1ac5a3: folds
6daf6b8f: raises $2 to $4
Hero: folds
Uncalled bet ($2) returned to 6daf6b8f
*** SHOWDOWN ***
6daf6b8f collected $4 from pot
*** SUMMARY ***
Total pot $4
Seat 3: 6daf6b8f(small blind)won ($4)
Seat 7: 3003766d folded before Flop (didn't bet)
Seat 2: fc1ac5a3 folded before Flop (didn't bet)
Seat 5: 78fd8564 folded before Flop (didn't bet)
Seat 1: cc82043 folded before Flop (didn't bet)
Seat 4: Hero(big blind) folded before Flop
Seat 6: 6d4c77f7 folded before Flop (didn't bet)



Poker Hand #ring_903433703: NLH No Limit ($1/$2) - 2025/05/28 12:38:15
Table 'MR NLH 1/2' 7-max Seat #1 is the button
Seat 3: 6daf6b8f ($103 in chips)
Seat 7: 3003766d ($528.03 in chips)
Seat 2: fc1ac5a3 ($87.6 in chips)
Seat 5: 78fd8564 ($400 in chips)
Seat 1: cc82043 ($726.14 in chips)
Seat 4: Hero ($813.12 in chips)
Seat 6: 6d4c77f7 ($429.94 in chips)
fc1ac5a3: posts small blind $1
6daf6b8f: posts big blind $2
*** HOLE CARDS ***
Dealt to 6daf6b8f 
Dealt to 3003766d 
Dealt to fc1ac5a3 
Dealt to 78fd8564 
Dealt to cc82043 
Dealt to Hero [4d Ah]
Dealt to 6d4c77f7 
Hero: folds
78fd8564: folds
6d4c77f7: raises $3 to $5
3003766d: folds
cc82043: folds
fc1ac5a3: folds
6daf6b8f: calls $3
*** FLOP *** [4h Jd 6c]
6daf6b8f: bets $5.5
6d4c77f7: calls $5.5
*** TURN *** [4h Jd 6c] [Td]
6daf6b8f: bets $7.26
6d4c77f7: raises $18.26 to $25.52
6daf6b8f: calls $18.26
*** RIVER *** [4h Jd 6c Td] [9s]
6daf6b8f: checks
6d4c77f7: checks
6daf6b8f: shows [Qc Jh]
6d4c77f7: shows [Ks Js]
*** SHOWDOWN ***
6d4c77f7 collected $73.04 from pot
*** SUMMARY ***
Total pot $73.04
Board [4h Jd 6c Td 9s]
Seat 3: 6daf6b8f(big blind) showed [Qc Jh] and lost with Pair of Jacks
Seat 7: 3003766d folded before Flop (didn't bet)
Seat 2: fc1ac5a3(small blind) folded before Flop
Seat 5: 78fd8564 folded before Flop (didn't bet)
Seat 1: cc82043 folded before Flop (didn't bet)
Seat 4: Hero folded before Flop (didn't bet)
Seat 6: 6d4c77f7 showed [Ks Js] and won ($73.04) with Pair of Jacks



Poker Hand #ring_903433029: NLH No Limit ($1/$2) - 2025/05/28 12:37:32
Table 'MR NLH 1/2' 7-max Seat #7 is the button
Seat 3: 6daf6b8f ($100 in chips)
Seat 7: 3003766d ($528.03 in chips)
Seat 2: fc1ac5a3 ($89.6 in chips)
Seat 5: 78fd8564 ($400 in chips)
Seat 1: cc82043 ($727.14 in chips)
Seat 4: Hero ($813.12 in chips)
Seat 6: 6d4c77f7 ($429.94 in chips)
cc82043: posts small blind $1
fc1ac5a3: posts big blind $2
6daf6b8f: posts big blind $2
*** HOLE CARDS ***
Dealt to 6daf6b8f 
Dealt to 3003766d 
Dealt to fc1ac5a3 
Dealt to 78fd8564 
Dealt to cc82043 
Dealt to Hero [9s Jd]
Dealt to 6d4c77f7 
6daf6b8f: raises $4 to $6
Hero: folds
78fd8564: folds
6d4c77f7: folds
3003766d: folds
cc82043: folds
fc1ac5a3: folds
Uncalled bet ($4) returned to 6daf6b8f
*** SHOWDOWN ***
6daf6b8f collected $5 from pot
*** SUMMARY ***
Total pot $5
Seat 3: 6daf6b8fwon ($5)
Seat 7: 3003766d folded before Flop (didn't bet)
Seat 2: fc1ac5a3(big blind) folded before Flop
Seat 5: 78fd8564 folded before Flop (didn't bet)
Seat 1: cc82043(small blind) folded before Flop
Seat 4: Hero folded before Flop (didn't bet)
Seat 6: 6d4c77f7 folded before Flop (didn't bet)



Poker Hand #ring_903432644: NLH No Limit ($1/$2) - 2025/05/28 12:37:10
Table 'MR NLH 1/2' 7-max Seat #6 is the button
Seat 7: 3003766d ($529.03 in chips)
Seat 2: fc1ac5a3 ($89.6 in chips)
Seat 5: 78fd8564 ($400 in chips)
Seat 1: cc82043 ($729.14 in chips)
Seat 4: Hero ($813.12 in chips)
Seat 6: 6d4c77f7 ($426.94 in chips)
3003766d: posts small blind $1
cc82043: posts big blind $2
*** HOLE CARDS ***
Dealt to 3003766d 
Dealt to fc1ac5a3 
Dealt to 78fd8564 
Dealt to cc82043 
Dealt to Hero [3h 7d]
Dealt to 6d4c77f7 
fc1ac5a3: folds
Hero: folds
78fd8564: folds
6d4c77f7: raises $3 to $5
3003766d: folds
cc82043: folds
Uncalled bet ($3) returned to 6d4c77f7
*** SHOWDOWN ***
6d4c77f7 collected $5 from pot
*** SUMMARY ***
Total pot $5
Seat 7: 3003766d(small blind) folded before Flop
Seat 2: fc1ac5a3 folded before Flop (didn't bet)
Seat 5: 78fd8564 folded before Flop (didn't bet)
Seat 1: cc82043(big blind) folded before Flop
Seat 4: Hero folded before Flop (didn't bet)
Seat 6: 6d4c77f7won ($5)



Poker Hand #ring_903431704: NLH No Limit ($1/$2) - 2025/05/28 12:36:11
Table 'MR NLH 1/2' 7-max Seat #5 is the button
Seat 3: 6daf6b8f ($58.44 in chips)
Seat 7: 3003766d ($531.03 in chips)
Seat 2: fc1ac5a3 ($89.6 in chips)
Seat 5: 78fd8564 ($400 in chips)
Seat 1: cc82043 ($729.14 in chips)
Seat 4: Hero ($757.57 in chips)
Seat 6: 6d4c77f7 ($427.94 in chips)
6d4c77f7: posts small blind $1
3003766d: posts big blind $2
*** HOLE CARDS ***
Dealt to 6daf6b8f 
Dealt to 3003766d 
Dealt to fc1ac5a3 
Dealt to 78fd8564 
Dealt to cc82043 
Dealt to Hero [Jh Js]
Dealt to 6d4c77f7 
cc82043: folds
fc1ac5a3: folds
6daf6b8f: raises $5 to $7
Hero: raises $14 to $21
78fd8564: folds
6d4c77f7: folds
3003766d: folds
6daf6b8f: calls $14
*** FLOP *** [Ts 8c 7h]
6daf6b8f: bets $37.44 and is all-in
Hero: calls $37.44
6daf6b8f: shows [Kh Ad] (Ace-High)
Hero: shows [Jh Js] (Pair of Jacks)
*** TURN *** [Ts 8c 7h] [8d]
*** RIVER *** [Ts 8c 7h 8d] [3h]
*** SHOWDOWN ***
Hero collected $119.88 from pot
*** SUMMARY ***
Total pot $119.88
Board [Ts 8c 7h 8d 3h]
Seat 3: 6daf6b8f showed [Kh Ad] and lost with Pair of Eights
Seat 7: 3003766d(big blind) folded before Flop
Seat 2: fc1ac5a3 folded before Flop (didn't bet)
Seat 5: 78fd8564 folded before Flop (didn't bet)
Seat 1: cc82043 folded before Flop (didn't bet)
Seat 4: Hero showed [Jh Js] and won ($119.88) with Pair of Jacks and Pair of Eights
Seat 6: 6d4c77f7(small blind) folded before Flop



Poker Hand #ring_903429956: NLH No Limit ($1/$2) - 2025/05/28 12:34:23
Table 'MR NLH 1/2' 7-max Seat #4 is the button
Seat 3: 6daf6b8f ($62.44 in chips)
Seat 7: 3003766d ($531.03 in chips)
Seat 2: fc1ac5a3 ($89.6 in chips)
Seat 5: 78fd8564 ($212 in chips)
Seat 1: cc82043 ($729.14 in chips)
Seat 4: Hero ($605.21 in chips)
Seat 6: 6d4c77f7 ($429.94 in chips)
78fd8564: posts small blind $1
6d4c77f7: posts big blind $2
*** HOLE CARDS ***
Dealt to 6daf6b8f 
Dealt to 3003766d 
Dealt to fc1ac5a3 
Dealt to 78fd8564 
Dealt to cc82043 
Dealt to Hero [Tc Th]
Dealt to 6d4c77f7 
3003766d: folds
cc82043: folds
fc1ac5a3: folds
6daf6b8f: raises $2 to $4
Hero: calls $4
78fd8564: raises $24 to $28
6d4c77f7: folds
6daf6b8f: folds
Hero: calls $24
*** FLOP *** [Td Ts 2c]
78fd8564: checks
Hero: bets $18.6
78fd8564: calls $18.6
*** TURN *** [Td Ts 2c] [Ks]
78fd8564: checks
Hero: checks
*** RIVER *** [Td Ts 2c Ks] [9h]
78fd8564: bets $32.74
Hero: raises $82.34 to $115.08
78fd8564: calls $82.34
Hero: shows [Tc Th]
78fd8564: shows [Kd Ah]
*** SHOWDOWN ***
Hero collected $329.36 from pot
*** SUMMARY ***
Total pot $329.36
Board [Td Ts 2c Ks 9h]
Seat 3: 6daf6b8f folded before Flop
Seat 7: 3003766d folded before Flop (didn't bet)
Seat 2: fc1ac5a3 folded before Flop (didn't bet)
Seat 5: 78fd8564(small blind) showed [Kd Ah] and lost with Pair of Kings and Pair of Tens
Seat 1: cc82043 folded before Flop (didn't bet)
Seat 4: Hero showed [Tc Th] and won ($329.36) with Four Tens
Seat 6: 6d4c77f7(big blind) folded before Flop



Poker Hand #ring_903429000: NLH No Limit ($1/$2) - 2025/05/28 12:33:26
Table 'MR NLH 1/2' 7-max Seat #3 is the button
Seat 3: 6daf6b8f ($56.02 in chips)
Seat 7: 3003766d ($531.03 in chips)
Seat 2: fc1ac5a3 ($89.6 in chips)
Seat 5: 78fd8564 ($218 in chips)
Seat 1: cc82043 ($729.14 in chips)
Seat 4: Hero ($606.21 in chips)
Seat 6: 6d4c77f7 ($429.94 in chips)
Hero: posts small blind $1
78fd8564: posts big blind $2
*** HOLE CARDS ***
Dealt to 6daf6b8f 
Dealt to 3003766d 
Dealt to fc1ac5a3 
Dealt to 78fd8564 
Dealt to cc82043 
Dealt to Hero [Td 8c]
Dealt to 6d4c77f7 
6d4c77f7: folds
3003766d: folds
cc82043: folds
fc1ac5a3: folds
6daf6b8f: raises $4 to $6
Hero: folds
78fd8564: calls $4
*** FLOP *** [Qc 6s 2c]
78fd8564: checks
6daf6b8f: bets $13
78fd8564: folds
Uncalled bet ($13) returned to 6daf6b8f
*** SHOWDOWN ***
6daf6b8f collected $13 from pot
*** SUMMARY ***
Total pot $13
Board [Qc 6s 2c]
Seat 3: 6daf6b8fwon ($13) with Pair of Nines
Seat 7: 3003766d folded before Flop (didn't bet)
Seat 2: fc1ac5a3 folded before Flop (didn't bet)
Seat 5: 78fd8564(big blind) folded on the Flop
Seat 1: cc82043 folded before Flop (didn't bet)
Seat 4: Hero(small blind) folded before Flop
Seat 6: 6d4c77f7 folded before Flop (didn't bet)



Poker Hand #ring_903427981: NLH No Limit ($1/$2) - 2025/05/28 12:32:23
Table 'MR NLH 1/2' 7-max Seat #2 is the button
Seat 3: 6daf6b8f ($78.42 in chips)
Seat 7: 3003766d ($531.03 in chips)
Seat 2: fc1ac5a3 ($89.6 in chips)
Seat 1: cc82043 ($729.14 in chips)
Seat 4: Hero ($611.21 in chips)
Seat 6: 6d4c77f7 ($405.28 in chips)
6daf6b8f: posts small blind $1
Hero: posts big blind $2
*** HOLE CARDS ***
Dealt to 6daf6b8f 
Dealt to 3003766d 
Dealt to fc1ac5a3 
Dealt to cc82043 
Dealt to Hero [3s Js]
Dealt to 6d4c77f7 
6d4c77f7: raises $3 to $5
3003766d: folds
cc82043: folds
fc1ac5a3: folds
6daf6b8f: calls $4
Hero: calls $3
*** FLOP *** [7c 5d As]
6daf6b8f: bets $7.5
Hero: folds
6d4c77f7: calls $7.5
*** TURN *** [7c 5d As] [Qc]
6daf6b8f: bets $9.9
6d4c77f7: calls $9.9
*** RIVER *** [7c 5d As Qc] [8c]
6daf6b8f: checks
6d4c77f7: checks
6daf6b8f: shows [7s 2s]
6d4c77f7: shows [Ad 6d]
*** SHOWDOWN ***
6d4c77f7 collected $49.8 from pot
*** SUMMARY ***
Total pot $49.8
Board [7c 5d As Qc 8c]
Seat 3: 6daf6b8f(small blind) showed [7s 2s] and lost with Pair of Sevens
Seat 7: 3003766d folded before Flop (didn't bet)
Seat 2: fc1ac5a3 folded before Flop (didn't bet)
Seat 1: cc82043 folded before Flop (didn't bet)
Seat 4: Hero(big blind) folded on the Flop
Seat 6: 6d4c77f7 showed [Ad 6d] and won ($49.8) with Pair of Aces



Poker Hand #ring_903427045: NLH No Limit ($1/$2) - 2025/05/28 12:31:27
Table 'MR NLH 1/2' 7-max Seat #1 is the button
Seat 3: 6daf6b8f ($84.42 in chips)
Seat 7: 3003766d ($531.03 in chips)
Seat 2: fc1ac5a3 ($90.6 in chips)
Seat 1: cc82043 ($729.14 in chips)
Seat 4: Hero ($604.79 in chips)
Seat 6: 6d4c77f7 ($405.28 in chips)
fc1ac5a3: posts small blind $1
6daf6b8f: posts big blind $2
*** HOLE CARDS ***
Dealt to 6daf6b8f 
Dealt to 3003766d 
Dealt to fc1ac5a3 
Dealt to cc82043 
Dealt to Hero [9c 8c]
Dealt to 6d4c77f7 
Hero: raises $4 to $6
6d4c77f7: folds
3003766d: folds
cc82043: folds
fc1ac5a3: folds
6daf6b8f: calls $4
*** FLOP *** [6c 6h 5d]
6daf6b8f: checks
Hero: checks
*** TURN *** [6c 6h 5d] [2h]
6daf6b8f: checks
Hero: bets $10.4
6daf6b8f: folds
Uncalled bet ($10.4) returned to Hero
*** SHOWDOWN ***
Hero collected $13 from pot
*** SUMMARY ***
Total pot $13
Board [6c 6h 5d 2h]
Seat 3: 6daf6b8f(big blind) folded on the Turn
Seat 7: 3003766d folded before Flop (didn't bet)
Seat 2: fc1ac5a3(small blind) folded before Flop
Seat 1: cc82043 folded before Flop (didn't bet)
Seat 4: Herowon ($13) with Pair of Sixes
Seat 6: 6d4c77f7 folded before Flop (didn't bet)



Poker Hand #ring_903426603: NLH No Limit ($1/$2) - 2025/05/28 12:31:00
Table 'MR NLH 1/2' 7-max Seat #7 is the button
Seat 3: 6daf6b8f ($84.42 in chips)
Seat 7: 3003766d ($528.03 in chips)
Seat 2: fc1ac5a3 ($92.6 in chips)
Seat 1: cc82043 ($730.14 in chips)
Seat 4: Hero ($604.79 in chips)
Seat 6: 6d4c77f7 ($405.28 in chips)
cc82043: posts small blind $1
fc1ac5a3: posts big blind $2
*** HOLE CARDS ***
Dealt to 6daf6b8f 
Dealt to 3003766d 
Dealt to fc1ac5a3 
Dealt to cc82043 
Dealt to Hero [2d Th]
Dealt to 6d4c77f7 
6daf6b8f: folds
Hero: folds
6d4c77f7: folds
3003766d: raises $2 to $4
cc82043: folds
fc1ac5a3: folds
Uncalled bet ($2) returned to 3003766d
*** SHOWDOWN ***
3003766d collected $5 from pot
*** SUMMARY ***
Total pot $5
Seat 3: 6daf6b8f folded before Flop (didn't bet)
Seat 7: 3003766dwon ($5)
Seat 2: fc1ac5a3(big blind) folded before Flop
Seat 1: cc82043(small blind) folded before Flop
Seat 4: Hero folded before Flop (didn't bet)
Seat 6: 6d4c77f7 folded before Flop (didn't bet)



Poker Hand #ring_903425671: NLH No Limit ($1/$2) - 2025/05/28 12:30:04
Table 'MR NLH 1/2' 7-max Seat #6 is the button
Seat 3: 6daf6b8f ($102.42 in chips)
Seat 7: 3003766d ($529.03 in chips)
Seat 2: fc1ac5a3 ($92.6 in chips)
Seat 1: cc82043 ($732.14 in chips)
Seat 4: Hero ($586.04 in chips)
Seat 6: 6d4c77f7 ($405.28 in chips)
3003766d: posts small blind $1
cc82043: posts big blind $2
*** HOLE CARDS ***
Dealt to 6daf6b8f 
Dealt to 3003766d 
Dealt to fc1ac5a3 
Dealt to cc82043 
Dealt to Hero [Kd Jd]
Dealt to 6d4c77f7 
fc1ac5a3: folds
6daf6b8f: raises $4 to $6
Hero: raises $12 to $18
6d4c77f7: folds
3003766d: folds
cc82043: folds
6daf6b8f: calls $12
*** FLOP *** [Qs 3d 5s]
6daf6b8f: checks
Hero: bets $13.31
6daf6b8f: folds
Uncalled bet ($13.31) returned to Hero
*** SHOWDOWN ***
Hero collected $39 from pot
*** SUMMARY ***
Total pot $39
Board [Qs 3d 5s]
Seat 3: 6daf6b8f folded on the Flop
Seat 7: 3003766d(small blind) folded before Flop
Seat 2: fc1ac5a3 folded before Flop (didn't bet)
Seat 1: cc82043(big blind) folded before Flop
Seat 4: Herowon ($39) with King-High
Seat 6: 6d4c77f7 folded before Flop (didn't bet)



Poker Hand #ring_903425145: NLH No Limit ($1/$2) - 2025/05/28 12:29:32
Table 'MR NLH 1/2' 7-max Seat #4 is the button
Seat 3: 6daf6b8f ($99.42 in chips)
Seat 7: 3003766d ($531.03 in chips)
Seat 2: fc1ac5a3 ($92.6 in chips)
Seat 1: cc82043 ($732.14 in chips)
Seat 4: Hero ($586.04 in chips)
Seat 6: 6d4c77f7 ($406.28 in chips)
6d4c77f7: posts small blind $1
3003766d: posts big blind $2
*** HOLE CARDS ***
Dealt to 6daf6b8f 
Dealt to 3003766d 
Dealt to fc1ac5a3 
Dealt to cc82043 
Dealt to Hero [Tc 4c]
Dealt to 6d4c77f7 
cc82043: folds
fc1ac5a3: folds
6daf6b8f: raises $4 to $6
Hero: folds
6d4c77f7: folds
3003766d: folds
Uncalled bet ($4) returned to 6daf6b8f
*** SHOWDOWN ***
6daf6b8f collected $5 from pot
*** SUMMARY ***
Total pot $5
Seat 3: 6daf6b8fwon ($5)
Seat 7: 3003766d(big blind) folded before Flop
Seat 2: fc1ac5a3 folded before Flop (didn't bet)
Seat 1: cc82043 folded before Flop (didn't bet)
Seat 4: Hero folded before Flop (didn't bet)
Seat 6: 6d4c77f7(small blind) folded before Flop



Poker Hand #ring_903424406: NLH No Limit ($1/$2) - 2025/05/28 12:28:48
Table 'MR NLH 1/2' 7-max Seat #3 is the button
Seat 3: 6daf6b8f ($93 in chips)
Seat 7: 3003766d ($531.03 in chips)
Seat 2: fc1ac5a3 ($92.6 in chips)
Seat 1: cc82043 ($732.14 in chips)
Seat 4: Hero ($587.04 in chips)
Seat 6: 6d4c77f7 ($412.28 in chips)
Hero: posts small blind $1
6d4c77f7: posts big blind $2
*** HOLE CARDS ***
Dealt to 6daf6b8f 
Dealt to 3003766d 
Dealt to fc1ac5a3 
Dealt to cc82043 
Dealt to Hero [Jh 3d]
Dealt to 6d4c77f7 
3003766d: folds
cc82043: folds
fc1ac5a3: folds
6daf6b8f: raises $4 to $6
Hero: folds
6d4c77f7: calls $4
*** FLOP *** [4h 5h Jc]
6d4c77f7: checks
6daf6b8f: checks
*** TURN *** [4h 5h Jc] [8h]
6d4c77f7: checks
6daf6b8f: bets $6.5
6d4c77f7: folds
Uncalled bet ($6.5) returned to 6daf6b8f
*** SHOWDOWN ***
6daf6b8f collected $13 from pot
*** SUMMARY ***
Total pot $13
Board [4h 5h Jc 8h]
Seat 3: 6daf6b8fwon ($13) with King High Flush
Seat 7: 3003766d folded before Flop (didn't bet)
Seat 2: fc1ac5a3 folded before Flop (didn't bet)
Seat 1: cc82043 folded before Flop (didn't bet)
Seat 4: Hero(small blind) folded before Flop
Seat 6: 6d4c77f7(big blind) folded on the Turn



Poker Hand #ring_903423629: NLH No Limit ($1/$2) - 2025/05/28 12:28:03
Table 'MR NLH 1/2' 7-max Seat #2 is the button
Seat 3: 6daf6b8f ($94 in chips)
Seat 7: 3003766d ($537.03 in chips)
Seat 2: fc1ac5a3 ($83.6 in chips)
Seat 1: cc82043 ($732.14 in chips)
Seat 4: Hero ($589.04 in chips)
Seat 6: 6d4c77f7 ($412.28 in chips)
6daf6b8f: posts small blind $1
Hero: posts big blind $2
*** HOLE CARDS ***
Dealt to 6daf6b8f 
Dealt to 3003766d 
Dealt to fc1ac5a3 
Dealt to cc82043 
Dealt to Hero [Ad Jd]
Dealt to 6d4c77f7 
6d4c77f7: folds
3003766d: raises $4 to $6
cc82043: folds
fc1ac5a3: raises $15 to $21
6daf6b8f: folds
Hero: folds
3003766d: folds
Uncalled bet ($15) returned to fc1ac5a3
*** SHOWDOWN ***
fc1ac5a3 collected $15 from pot
*** SUMMARY ***
Total pot $15
Seat 3: 6daf6b8f(small blind) folded before Flop
Seat 7: 3003766d folded before Flop
Seat 2: fc1ac5a3won ($15)
Seat 1: cc82043 folded before Flop (didn't bet)
Seat 4: Hero(big blind) folded before Flop
Seat 6: 6d4c77f7 folded before Flop (didn't bet)



Poker Hand #ring_903423121: NLH No Limit ($1/$2) - 2025/05/28 12:27:32
Table 'MR NLH 1/2' 7-max Seat #1 is the button
Seat 3: 6daf6b8f ($96 in chips)
Seat 7: 3003766d ($537.03 in chips)
Seat 2: fc1ac5a3 ($84.6 in chips)
Seat 1: cc82043 ($729.14 in chips)
Seat 4: Hero ($589.04 in chips)
Seat 6: 6d4c77f7 ($412.28 in chips)
fc1ac5a3: posts small blind $1
6daf6b8f: posts big blind $2
*** HOLE CARDS ***
Dealt to 6daf6b8f 
Dealt to 3003766d 
Dealt to fc1ac5a3 
Dealt to cc82043 
Dealt to Hero [8s 4d]
Dealt to 6d4c77f7 
Hero: folds
6d4c77f7: folds
3003766d: folds
cc82043: raises $3 to $5
fc1ac5a3: folds
6daf6b8f: folds
Uncalled bet ($3) returned to cc82043
*** SHOWDOWN ***
cc82043 collected $5 from pot
*** SUMMARY ***
Total pot $5
Seat 3: 6daf6b8f(big blind) folded before Flop
Seat 7: 3003766d folded before Flop (didn't bet)
Seat 2: fc1ac5a3(small blind) folded before Flop
Seat 1: cc82043won ($5)
Seat 4: Hero folded before Flop (didn't bet)
Seat 6: 6d4c77f7 folded before Flop (didn't bet)



Poker Hand #ring_903422579: NLH No Limit ($1/$2) - 2025/05/28 12:27:00
Table 'MR NLH 1/2' 7-max Seat #7 is the button
Seat 3: 6daf6b8f ($100 in chips)
Seat 7: 3003766d ($537.03 in chips)
Seat 2: fc1ac5a3 ($80 in chips)
Seat 1: cc82043 ($730.14 in chips)
Seat 4: Hero ($589.04 in chips)
Seat 6: 6d4c77f7 ($412.28 in chips)
cc82043: posts small blind $1
fc1ac5a3: posts big blind $2
6daf6b8f: posts big blind $2
*** HOLE CARDS ***
Dealt to 6daf6b8f 
Dealt to 3003766d 
Dealt to fc1ac5a3 
Dealt to cc82043 
Dealt to Hero [Th 9s]
Dealt to 6d4c77f7 
6daf6b8f: checks
Hero: folds
6d4c77f7: folds
3003766d: folds
cc82043: folds
fc1ac5a3: raises $2 to $4
6daf6b8f: calls $2
*** FLOP *** [3s Ks Qc]
fc1ac5a3: bets $4.5
6daf6b8f: folds
Uncalled bet ($4.5) returned to fc1ac5a3
*** SHOWDOWN ***
fc1ac5a3 collected $9 from pot
*** SUMMARY ***
Total pot $9
Board [3s Ks Qc]
Seat 3: 6daf6b8f folded on the Flop
Seat 7: 3003766d folded before Flop (didn't bet)
Seat 2: fc1ac5a3(big blind)won ($9) with Pair of Kings
Seat 1: cc82043(small blind) folded before Flop
Seat 4: Hero folded before Flop (didn't bet)
Seat 6: 6d4c77f7 folded before Flop (didn't bet)



Poker Hand #ring_903422139: NLH No Limit ($1/$2) - 2025/05/28 12:26:33
Table 'MR NLH 1/2' 7-max Seat #6 is the button
Seat 7: 3003766d ($538.03 in chips)
Seat 2: fc1ac5a3 ($80 in chips)
Seat 1: cc82043 ($732.14 in chips)
Seat 4: Hero ($586.04 in chips)
Seat 6: 6d4c77f7 ($412.28 in chips)
3003766d: posts small blind $1
cc82043: posts big blind $2
*** HOLE CARDS ***
Dealt to 3003766d 
Dealt to fc1ac5a3 
Dealt to cc82043 
Dealt to Hero [Kc Qs]
Dealt to 6d4c77f7 
fc1ac5a3: folds
Hero: raises $4 to $6
6d4c77f7: folds
3003766d: folds
cc82043: folds
Uncalled bet ($4) returned to Hero
*** SHOWDOWN ***
Hero collected $5 from pot
*** SUMMARY ***
Total pot $5
Seat 7: 3003766d(small blind) folded before Flop
Seat 2: fc1ac5a3 folded before Flop (didn't bet)
Seat 1: cc82043(big blind) folded before Flop
Seat 4: Herowon ($5)
Seat 6: 6d4c77f7 folded before Flop (didn't bet)



Poker Hand #ring_903421297: NLH No Limit ($1/$2) - 2025/05/28 12:25:43
Table 'MR NLH 1/2' 7-max Seat #4 is the button
Seat 7: 3003766d ($524.83 in chips)
Seat 2: fc1ac5a3 ($94 in chips)
Seat 1: cc82043 ($732.14 in chips)
Seat 4: Hero ($586.04 in chips)
Seat 6: 6d4c77f7 ($413.28 in chips)
6d4c77f7: posts small blind $1
3003766d: posts big blind $2
*** HOLE CARDS ***
Dealt to 3003766d 
Dealt to fc1ac5a3 
Dealt to cc82043 
Dealt to Hero [As 2d]
Dealt to 6d4c77f7 
cc82043: folds
fc1ac5a3: raises $2 to $4
Hero: folds
6d4c77f7: folds
3003766d: calls $2
*** FLOP *** [Ts Jc 9h]
3003766d: checks
fc1ac5a3: checks
*** TURN *** [Ts Jc 9h] [7s]
3003766d: bets $4
fc1ac5a3: calls $4
*** RIVER *** [Ts Jc 9h 7s] [Qs]
3003766d: bets $6
fc1ac5a3: calls $6
fc1ac5a3: shows [Qh Kd]
3003766d: shows [Js 3s]
*** SHOWDOWN ***
3003766d collected $29 from pot
*** SUMMARY ***
Total pot $29
Board [Ts Jc 9h 7s Qs]
Seat 7: 3003766d(big blind) showed [Js 3s] and won ($29) with Queen High Flush
Seat 2: fc1ac5a3 showed [Qh Kd] and lost with Kings-High Straight
Seat 1: cc82043 folded before Flop (didn't bet)
Seat 4: Hero folded before Flop (didn't bet)
Seat 6: 6d4c77f7(small blind) folded before Flop



Poker Hand #ring_903420946: NLH No Limit ($1/$2) - 2025/05/28 12:25:22
Table 'MR NLH 1/2' 7-max Seat #2 is the button
Seat 7: 3003766d ($524.83 in chips)
Seat 2: fc1ac5a3 ($94 in chips)
Seat 1: cc82043 ($732.14 in chips)
Seat 4: Hero ($584.04 in chips)
Seat 6: 6d4c77f7 ($415.28 in chips)
Hero: posts small blind $1
6d4c77f7: posts big blind $2
*** HOLE CARDS ***
Dealt to 3003766d 
Dealt to fc1ac5a3 
Dealt to cc82043 
Dealt to Hero [8c Qc]
Dealt to 6d4c77f7 
3003766d: folds
cc82043: folds
fc1ac5a3: folds
Hero: raises $3 to $5
6d4c77f7: folds
Uncalled bet ($3) returned to Hero
*** SHOWDOWN ***
Hero collected $4 from pot
*** SUMMARY ***
Total pot $4
Seat 7: 3003766d folded before Flop (didn't bet)
Seat 2: fc1ac5a3 folded before Flop (didn't bet)
Seat 1: cc82043 folded before Flop (didn't bet)
Seat 4: Hero(small blind)won ($4)
Seat 6: 6d4c77f7(big blind) folded before Flop



Poker Hand #ring_903420196: NLH No Limit ($1/$2) - 2025/05/28 12:24:38
Table 'MR NLH 1/2' 7-max Seat #1 is the button
Seat 7: 3003766d ($520.23 in chips)
Seat 2: fc1ac5a3 ($95 in chips)
Seat 1: cc82043 ($732.14 in chips)
Seat 4: Hero ($588.04 in chips)
Seat 6: 6d4c77f7 ($415.28 in chips)
fc1ac5a3: posts small blind $1
Hero: posts big blind $2
*** HOLE CARDS ***
Dealt to 3003766d 
Dealt to fc1ac5a3 
Dealt to cc82043 
Dealt to Hero [Ad 2h]
Dealt to 6d4c77f7 
6d4c77f7: folds
3003766d: raises $2 to $4
cc82043: folds
fc1ac5a3: folds
Hero: calls $2
*** FLOP *** [3c Td Jc]
Hero: checks
3003766d: bets $6
Hero: folds
Uncalled bet ($6) returned to 3003766d
*** SHOWDOWN ***
3003766d collected $9 from pot
*** SUMMARY ***
Total pot $9
Board [3c Td Jc]
Seat 7: 3003766dwon ($9) with Ace-High
Seat 2: fc1ac5a3(small blind) folded before Flop
Seat 1: cc82043 folded before Flop (didn't bet)
Seat 4: Hero(big blind) folded on the Flop
Seat 6: 6d4c77f7 folded before Flop (didn't bet)



Poker Hand #ring_903419786: NLH No Limit ($1/$2) - 2025/05/28 12:24:13
Table 'MR NLH 1/2' 7-max Seat #7 is the button
Seat 7: 3003766d ($517.23 in chips)
Seat 2: fc1ac5a3 ($97 in chips)
Seat 1: cc82043 ($733.14 in chips)
Seat 4: Hero ($588.04 in chips)
Seat 6: 6d4c77f7 ($415.28 in chips)
cc82043: posts small blind $1
fc1ac5a3: posts big blind $2
*** HOLE CARDS ***
Dealt to 3003766d 
Dealt to fc1ac5a3 
Dealt to cc82043 
Dealt to Hero [Qs 4d]
Dealt to 6d4c77f7 
Hero: folds
6d4c77f7: folds
3003766d: raises $2 to $4
cc82043: folds
fc1ac5a3: folds
Uncalled bet ($2) returned to 3003766d
*** SHOWDOWN ***
3003766d collected $5 from pot
*** SUMMARY ***
Total pot $5
Seat 7: 3003766dwon ($5)
Seat 2: fc1ac5a3(big blind) folded before Flop
Seat 1: cc82043(small blind) folded before Flop
Seat 4: Hero folded before Flop (didn't bet)
Seat 6: 6d4c77f7 folded before Flop (didn't bet)



Poker Hand #ring_903419497: NLH No Limit ($1/$2) - 2025/05/28 12:23:55
Table 'MR NLH 1/2' 7-max Seat #6 is the button
Seat 7: 3003766d ($518.23 in chips)
Seat 2: fc1ac5a3 ($97 in chips)
Seat 1: cc82043 ($732.14 in chips)
Seat 4: Hero ($588.04 in chips)
Seat 6: 6d4c77f7 ($415.28 in chips)
3003766d: posts small blind $1
cc82043: posts big blind $2
*** HOLE CARDS ***
Dealt to 3003766d 
Dealt to fc1ac5a3 
Dealt to cc82043 
Dealt to Hero [Jc 8s]
Dealt to 6d4c77f7 
fc1ac5a3: folds
Hero: folds
6d4c77f7: folds
3003766d: folds
*** SHOWDOWN ***
cc82043 collected $3 from pot
*** SUMMARY ***
Total pot $3
Seat 7: 3003766d(small blind) folded before Flop
Seat 2: fc1ac5a3 folded before Flop (didn't bet)
Seat 1: cc82043(big blind)won ($3)
Seat 4: Hero folded before Flop (didn't bet)
Seat 6: 6d4c77f7 folded before Flop (didn't bet)



Poker Hand #ring_903419251: NLH No Limit ($1/$2) - 2025/05/28 12:23:41
Table 'MR NLH 1/2' 7-max Seat #4 is the button
Seat 7: 3003766d ($517.23 in chips)
Seat 2: fc1ac5a3 ($97 in chips)
Seat 1: cc82043 ($732.14 in chips)
Seat 4: Hero ($588.04 in chips)
Seat 6: 6d4c77f7 ($416.28 in chips)
6d4c77f7: posts small blind $1
3003766d: posts big blind $2
*** HOLE CARDS ***
Dealt to 3003766d 
Dealt to fc1ac5a3 
Dealt to cc82043 
Dealt to Hero [8c 2c]
Dealt to 6d4c77f7 
cc82043: folds
fc1ac5a3: folds
Hero: folds
6d4c77f7: folds
*** SHOWDOWN ***
3003766d collected $3 from pot
*** SUMMARY ***
Total pot $3
Seat 7: 3003766d(big blind)won ($3)
Seat 2: fc1ac5a3 folded before Flop (didn't bet)
Seat 1: cc82043 folded before Flop (didn't bet)
Seat 4: Hero folded before Flop (didn't bet)
Seat 6: 6d4c77f7(small blind) folded before Flop



Poker Hand #ring_903418842: NLH No Limit ($1/$2) - 2025/05/28 12:23:17
Table 'MR NLH 1/2' 7-max Seat #2 is the button
Seat 7: 3003766d ($514.23 in chips)
Seat 2: fc1ac5a3 ($97 in chips)
Seat 1: cc82043 ($732.14 in chips)
Seat 4: Hero ($589.04 in chips)
Seat 6: 6d4c77f7 ($418.28 in chips)
Hero: posts small blind $1
6d4c77f7: posts big blind $2
*** HOLE CARDS ***
Dealt to 3003766d 
Dealt to fc1ac5a3 
Dealt to cc82043 
Dealt to Hero [Th 8s]
Dealt to 6d4c77f7 
3003766d: raises $4 to $6
cc82043: folds
fc1ac5a3: folds
Hero: folds
6d4c77f7: folds
Uncalled bet ($4) returned to 3003766d
*** SHOWDOWN ***
3003766d collected $5 from pot
*** SUMMARY ***
Total pot $5
Seat 7: 3003766dwon ($5)
Seat 2: fc1ac5a3 folded before Flop (didn't bet)
Seat 1: cc82043 folded before Flop (didn't bet)
Seat 4: Hero(small blind) folded before Flop
Seat 6: 6d4c77f7(big blind) folded before Flop



Poker Hand #ring_903418518: NLH No Limit ($1/$2) - 2025/05/28 12:22:56
Table 'MR NLH 1/2' 7-max Seat #1 is the button
Seat 7: 3003766d ($514.23 in chips)
Seat 2: fc1ac5a3 ($98 in chips)
Seat 1: cc82043 ($732.14 in chips)
Seat 4: Hero ($588.04 in chips)
Seat 6: 6d4c77f7 ($418.28 in chips)
fc1ac5a3: posts small blind $1
Hero: posts big blind $2
*** HOLE CARDS ***
Dealt to 3003766d 
Dealt to fc1ac5a3 
Dealt to cc82043 
Dealt to Hero [Jh 8s]
Dealt to 6d4c77f7 
6d4c77f7: folds
3003766d: folds
cc82043: folds
fc1ac5a3: folds
*** SHOWDOWN ***
Hero collected $3 from pot
*** SUMMARY ***
Total pot $3
Seat 7: 3003766d folded before Flop (didn't bet)
Seat 2: fc1ac5a3(small blind) folded before Flop
Seat 1: cc82043 folded before Flop (didn't bet)
Seat 4: Hero(big blind)won ($3)
Seat 6: 6d4c77f7 folded before Flop (didn't bet)



Poker Hand #ring_903418139: NLH No Limit ($1/$2) - 2025/05/28 12:22:32
Table 'MR NLH 1/2' 7-max Seat #7 is the button
Seat 7: 3003766d ($514.23 in chips)
Seat 2: fc1ac5a3 ($100 in chips)
Seat 1: cc82043 ($733.14 in chips)
Seat 4: Hero ($588.04 in chips)
Seat 6: 6d4c77f7 ($415.28 in chips)
cc82043: posts small blind $1
fc1ac5a3: posts big blind $2
*** HOLE CARDS ***
Dealt to 3003766d 
Dealt to fc1ac5a3 
Dealt to cc82043 
Dealt to Hero [8d 9c]
Dealt to 6d4c77f7 
Hero: folds
6d4c77f7: raises $3 to $5
3003766d: folds
cc82043: folds
fc1ac5a3: folds
Uncalled bet ($3) returned to 6d4c77f7
*** SHOWDOWN ***
6d4c77f7 collected $5 from pot
*** SUMMARY ***
Total pot $5
Seat 7: 3003766d folded before Flop (didn't bet)
Seat 2: fc1ac5a3(big blind) folded before Flop
Seat 1: cc82043(small blind) folded before Flop
Seat 4: Hero folded before Flop (didn't bet)
Seat 6: 6d4c77f7won ($5)



Poker Hand #ring_903417527: NLH No Limit ($1/$2) - 2025/05/28 12:21:56
Table 'MR NLH 1/2' 7-max Seat #6 is the button
Seat 7: 3003766d ($515.23 in chips)
Seat 1: cc82043 ($721.31 in chips)
Seat 4: Hero ($600.54 in chips)
Seat 6: 6d4c77f7 ($415.28 in chips)
3003766d: posts small blind $1
cc82043: posts big blind $2
*** HOLE CARDS ***
Dealt to 3003766d 
Dealt to cc82043 
Dealt to Hero [Kd 7d]
Dealt to 6d4c77f7 
Hero: raises $4 to $6
6d4c77f7: folds
3003766d: folds
cc82043: calls $4
*** FLOP *** [8c 3s Js]
cc82043: checks
Hero: bets $6.5
cc82043: raises $20.8 to $27.3
Hero: folds
Uncalled bet ($20.8) returned to cc82043
*** SHOWDOWN ***
cc82043 collected $26 from pot
*** SUMMARY ***
Total pot $26
Board [8c 3s Js]
Seat 7: 3003766d(small blind) folded before Flop
Seat 1: cc82043(big blind)won ($26) with Queen-High
Seat 4: Hero folded on the Flop
Seat 6: 6d4c77f7 folded before Flop (didn't bet)



Poker Hand #ring_903416237: NLH No Limit ($1/$2) - 2025/05/28 12:20:36
Table 'MR NLH 1/2' 7-max Seat #4 is the button
Seat 7: 3003766d ($517.23 in chips)
Seat 1: cc82043 ($769.41 in chips)
Seat 4: Hero ($554.4 in chips)
Seat 6: 6d4c77f7 ($416.28 in chips)
6d4c77f7: posts small blind $1
3003766d: posts big blind $2
*** HOLE CARDS ***
Dealt to 3003766d 
Dealt to cc82043 
Dealt to Hero [8d 8c]
Dealt to 6d4c77f7 
cc82043: raises $3 to $5
Hero: raises $9 to $14
6d4c77f7: folds
3003766d: folds
cc82043: calls $9
*** FLOP *** [Ah 3d 8h]
cc82043: checks
Hero: bets $9.3
cc82043: calls $9.3
*** TURN *** [Ah 3d 8h] [9c]
cc82043: checks
Hero: bets $24.8
cc82043: calls $24.8
*** RIVER *** [Ah 3d 8h 9c] [7c]
cc82043: checks
Hero: bets $79.36
cc82043: folds
Uncalled bet ($79.36) returned to Hero
*** SHOWDOWN ***
Hero collected $99.2 from pot
*** SUMMARY ***
Total pot $99.2
Board [Ah 3d 8h 9c 7c]
Seat 7: 3003766d(big blind) folded before Flop
Seat 1: cc82043 folded on the River
Seat 4: Herowon ($99.2) with Three Eights
Seat 6: 6d4c77f7(small blind) folded before Flop



Poker Hand #ring_903415778: NLH No Limit ($1/$2) - 2025/05/28 12:20:08
Table 'MR NLH 1/2' 7-max Seat #1 is the button
Seat 7: 3003766d ($514.23 in chips)
Seat 1: cc82043 ($769.41 in chips)
Seat 4: Hero ($555.4 in chips)
Seat 6: 6d4c77f7 ($418.28 in chips)
Hero: posts small blind $1
6d4c77f7: posts big blind $2
*** HOLE CARDS ***
Dealt to 3003766d 
Dealt to cc82043 
Dealt to Hero [5c 9d]
Dealt to 6d4c77f7 
3003766d: raises $2 to $4
cc82043: folds
Hero: folds
6d4c77f7: folds
Uncalled bet ($2) returned to 3003766d
*** SHOWDOWN ***
3003766d collected $5 from pot
*** SUMMARY ***
Total pot $5
Seat 7: 3003766dwon ($5)
Seat 1: cc82043 folded before Flop (didn't bet)
Seat 4: Hero(small blind) folded before Flop
Seat 6: 6d4c77f7(big blind) folded before Flop



Poker Hand #ring_903415368: NLH No Limit ($1/$2) - 2025/05/28 12:19:44
Table 'MR NLH 1/2' 7-max Seat #7 is the button
Seat 7: 3003766d ($514.23 in chips)
Seat 1: cc82043 ($767.41 in chips)
Seat 4: Hero ($557.4 in chips)
Seat 6: 6d4c77f7 ($418.28 in chips)
cc82043: posts small blind $1
Hero: posts big blind $2
*** HOLE CARDS ***
Dealt to 3003766d 
Dealt to cc82043 
Dealt to Hero [5c Ts]
Dealt to 6d4c77f7 
6d4c77f7: folds
3003766d: folds
cc82043: raises $4 to $6
Hero: folds
Uncalled bet ($4) returned to cc82043
*** SHOWDOWN ***
cc82043 collected $4 from pot
*** SUMMARY ***
Total pot $4
Seat 7: 3003766d folded before Flop (didn't bet)
Seat 1: cc82043(small blind)won ($4)
Seat 4: Hero(big blind) folded before Flop
Seat 6: 6d4c77f7 folded before Flop (didn't bet)



Poker Hand #ring_903415130: NLH No Limit ($1/$2) - 2025/05/28 12:19:27
Table 'MR NLH 1/2' 7-max Seat #6 is the button
Seat 7: 3003766d ($515.23 in chips)
Seat 1: cc82043 ($766.41 in chips)
Seat 4: Hero ($557.4 in chips)
Seat 6: 6d4c77f7 ($418.28 in chips)
3003766d: posts small blind $1
cc82043: posts big blind $2
*** HOLE CARDS ***
Dealt to 3003766d 
Dealt to cc82043 
Dealt to Hero [9h 3d]
Dealt to 6d4c77f7 
Hero: folds
6d4c77f7: folds
3003766d: folds
*** SHOWDOWN ***
cc82043 collected $3 from pot
*** SUMMARY ***
Total pot $3
Seat 7: 3003766d(small blind) folded before Flop
Seat 1: cc82043(big blind)won ($3)
Seat 4: Hero folded before Flop (didn't bet)
Seat 6: 6d4c77f7 folded before Flop (didn't bet)



Poker Hand #ring_903414583: NLH No Limit ($1/$2) - 2025/05/28 12:18:53
Table 'MR NLH 1/2' 7-max Seat #4 is the button
Seat 7: 3003766d ($508.81 in chips)
Seat 1: cc82043 ($766.41 in chips)
Seat 4: Hero ($563.4 in chips)
Seat 6: 6d4c77f7 ($419.28 in chips)
6d4c77f7: posts small blind $1
3003766d: posts big blind $2
*** HOLE CARDS ***
Dealt to 3003766d 
Dealt to cc82043 
Dealt to Hero [9c Ad]
Dealt to 6d4c77f7 
cc82043: folds
Hero: raises $4 to $6
6d4c77f7: folds
3003766d: calls $4
*** FLOP *** [5s 3d 2h]
3003766d: checks
Hero: checks
*** TURN *** [5s 3d 2h] [6d]
3003766d: bets $8
Hero: folds
Uncalled bet ($8) returned to 3003766d
*** SHOWDOWN ***
3003766d collected $13 from pot
*** SUMMARY ***
Total pot $13
Board [5s 3d 2h 6d]
Seat 7: 3003766d(big blind)won ($13) with Ace-High
Seat 1: cc82043 folded before Flop (didn't bet)
Seat 4: Hero folded on the Turn
Seat 6: 6d4c77f7(small blind) folded before Flop



Poker Hand #ring_903414194: NLH No Limit ($1/$2) - 2025/05/28 12:18:26
Table 'MR NLH 1/2' 7-max Seat #3 is the button
Seat 7: 3003766d ($508.81 in chips)
Seat 3: 53f66a39 ($295.47 in chips)
Seat 1: cc82043 ($763.41 in chips)
Seat 4: Hero ($564.4 in chips)
Seat 6: 6d4c77f7 ($421.28 in chips)
Hero: posts small blind $1
6d4c77f7: posts big blind $2
*** HOLE CARDS ***
Dealt to 3003766d 
Dealt to 53f66a39 
Dealt to cc82043 
Dealt to Hero [7d 3s]
Dealt to 6d4c77f7 
3003766d: folds
cc82043: raises $3 to $5
53f66a39: folds
Hero: folds
6d4c77f7: folds
Uncalled bet ($3) returned to cc82043
*** SHOWDOWN ***
cc82043 collected $5 from pot
*** SUMMARY ***
Total pot $5
Seat 7: 3003766d folded before Flop (didn't bet)
Seat 3: 53f66a39 folded before Flop (didn't bet)
Seat 1: cc82043won ($5)
Seat 4: Hero(small blind) folded before Flop
Seat 6: 6d4c77f7(big blind) folded before Flop



Poker Hand #ring_903413681: NLH No Limit ($1/$2) - 2025/05/28 12:17:54
Table 'MR NLH 1/2' 7-max Seat #1 is the button
Seat 7: 3003766d ($505.81 in chips)
Seat 3: 53f66a39 ($296.47 in chips)
Seat 5: 860d005e ($302.4 in chips)
Seat 1: cc82043 ($763.41 in chips)
Seat 4: Hero ($566.4 in chips)
Seat 6: 6d4c77f7 ($421.28 in chips)
53f66a39: posts small blind $1
Hero: posts big blind $2
*** HOLE CARDS ***
Dealt to 3003766d 
Dealt to 53f66a39 
Dealt to 860d005e 
Dealt to cc82043 
Dealt to Hero [5c 3s]
Dealt to 6d4c77f7 
860d005e: folds
6d4c77f7: folds
3003766d: raises $2 to $4
cc82043: folds
53f66a39: folds
Hero: folds
Uncalled bet ($2) returned to 3003766d
*** SHOWDOWN ***
3003766d collected $5 from pot
*** SUMMARY ***
Total pot $5
Seat 7: 3003766dwon ($5)
Seat 3: 53f66a39(small blind) folded before Flop
Seat 5: 860d005e folded before Flop (didn't bet)
Seat 1: cc82043 folded before Flop (didn't bet)
Seat 4: Hero(big blind) folded before Flop
Seat 6: 6d4c77f7 folded before Flop (didn't bet)



Poker Hand #ring_903412974: NLH No Limit ($1/$2) - 2025/05/28 12:17:08
Table 'MR NLH 1/2' 7-max Seat #7 is the button
Seat 7: 3003766d ($502.81 in chips)
Seat 3: 53f66a39 ($298.47 in chips)
Seat 5: 860d005e ($302.4 in chips)
Seat 1: cc82043 ($764.41 in chips)
Seat 4: Hero ($566.4 in chips)
Seat 6: 6d4c77f7 ($421.28 in chips)
cc82043: posts small blind $1
53f66a39: posts big blind $2
*** HOLE CARDS ***
Dealt to 3003766d 
Dealt to 53f66a39 
Dealt to 860d005e 
Dealt to cc82043 
Dealt to Hero [3s 5d]
Dealt to 6d4c77f7 
Hero: folds
860d005e: folds
6d4c77f7: folds
3003766d: raises $4 to $6
cc82043: folds
53f66a39: folds
Uncalled bet ($4) returned to 3003766d
*** SHOWDOWN ***
3003766d collected $5 from pot
*** SUMMARY ***
Total pot $5
Seat 7: 3003766dwon ($5)
Seat 3: 53f66a39(big blind) folded before Flop
Seat 5: 860d005e folded before Flop (didn't bet)
Seat 1: cc82043(small blind) folded before Flop
Seat 4: Hero folded before Flop (didn't bet)
Seat 6: 6d4c77f7 folded before Flop (didn't bet)



Poker Hand #ring_903411975: NLH No Limit ($1/$2) - 2025/05/28 12:16:03
Table 'MR NLH 1/2' 7-max Seat #6 is the button
Seat 7: 3003766d ($400 in chips)
Seat 3: 53f66a39 ($298.47 in chips)
Seat 2: d7357a23 ($111.42 in chips)
Seat 5: 860d005e ($302.4 in chips)
Seat 1: cc82043 ($766.41 in chips)
Seat 4: Hero ($566.4 in chips)
Seat 6: 6d4c77f7 ($421.28 in chips)
3003766d: posts small blind $1
cc82043: posts big blind $2
*** HOLE CARDS ***
Dealt to 3003766d 
Dealt to 53f66a39 
Dealt to d7357a23 
Dealt to 860d005e 
Dealt to cc82043 
Dealt to Hero [6h Tc]
Dealt to 6d4c77f7 
d7357a23: calls $2
53f66a39: folds
Hero: folds
860d005e: folds
6d4c77f7: folds
3003766d: raises $4 to $6
cc82043: folds
d7357a23: calls $4
*** FLOP *** [Th 2s Qd]
3003766d: checks
d7357a23: bets $10.5
3003766d: raises $25.5 to $36
d7357a23: raises $69.42 to $105.42 and is all-in
3003766d: calls $69.42
d7357a23: shows [Qh Jd] (Pair of Queens)
3003766d: shows [Ah Ac] (Pair of Aces)
*** TURN *** [Th 2s Qd] [5s]
*** RIVER *** [Th 2s Qd 5s] [Kc]
*** SHOWDOWN ***
3003766d collected $224.84 from pot
*** SUMMARY ***
Total pot $224.84
Board [Th 2s Qd 5s Kc]
Seat 7: 3003766d(small blind) showed [Ah Ac] and won ($224.84) with Pair of Aces
Seat 3: 53f66a39 folded before Flop (didn't bet)
Seat 2: d7357a23 showed [Qh Jd] and lost with Pair of Queens
Seat 5: 860d005e folded before Flop (didn't bet)
Seat 1: cc82043(big blind) folded before Flop
Seat 4: Hero folded before Flop (didn't bet)
Seat 6: 6d4c77f7 folded before Flop (didn't bet)



Poker Hand #ring_903411503: NLH No Limit ($1/$2) - 2025/05/28 12:15:34
Table 'MR NLH 1/2' 7-max Seat #5 is the button
Seat 7: 3003766d ($400 in chips)
Seat 3: 53f66a39 ($298.47 in chips)
Seat 2: d7357a23 ($111.42 in chips)
Seat 5: 860d005e ($302.4 in chips)
Seat 1: cc82043 ($766.41 in chips)
Seat 4: Hero ($566.4 in chips)
Seat 6: 6d4c77f7 ($419.28 in chips)
6d4c77f7: posts small blind $1
3003766d: posts big blind $2
*** HOLE CARDS ***
Dealt to 3003766d 
Dealt to 53f66a39 
Dealt to d7357a23 
Dealt to 860d005e 
Dealt to cc82043 
Dealt to Hero [Ah 8c]
Dealt to 6d4c77f7 
cc82043: folds
d7357a23: folds
53f66a39: folds
Hero: folds
860d005e: folds
6d4c77f7: raises $4 to $6
3003766d: folds
Uncalled bet ($4) returned to 6d4c77f7
*** SHOWDOWN ***
6d4c77f7 collected $4 from pot
*** SUMMARY ***
Total pot $4
Seat 7: 3003766d(big blind) folded before Flop
Seat 3: 53f66a39 folded before Flop (didn't bet)
Seat 2: d7357a23 folded before Flop (didn't bet)
Seat 5: 860d005e folded before Flop (didn't bet)
Seat 1: cc82043 folded before Flop (didn't bet)
Seat 4: Hero folded before Flop (didn't bet)
Seat 6: 6d4c77f7(small blind)won ($4)



Poker Hand #ring_903410177: NLH No Limit ($1/$2) - 2025/05/28 12:14:08
Table 'MR NLH 1/2' 7-max Seat #4 is the button
Seat 3: 53f66a39 ($385.97 in chips)
Seat 2: d7357a23 ($111.42 in chips)
Seat 5: 860d005e ($303.4 in chips)
Seat 1: cc82043 ($684.42 in chips)
Seat 4: Hero ($566.4 in chips)
Seat 6: 6d4c77f7 ($421.28 in chips)
860d005e: posts small blind $1
6d4c77f7: posts big blind $2
*** HOLE CARDS ***
Dealt to 53f66a39 
Dealt to d7357a23 
Dealt to 860d005e 
Dealt to cc82043 
Dealt to Hero [9s 4d]
Dealt to 6d4c77f7 
cc82043: raises $3 to $5
d7357a23: folds
53f66a39: raises $10 to $15
Hero: folds
860d005e: folds
6d4c77f7: folds
cc82043: calls $10
*** FLOP *** [2h Th Qd]
cc82043: checks
53f66a39: bets $16.5
cc82043: calls $16.5
*** TURN *** [2h Th Qd] [3s]
cc82043: checks
53f66a39: bets $56
cc82043: calls $56
*** RIVER *** [2h Th Qd 3s] [Ts]
cc82043: bets $596.92 and is all-in
53f66a39: folds
Uncalled bet ($596.92) returned to cc82043
*** SHOWDOWN ***
cc82043 collected $178 from pot
*** SUMMARY ***
Total pot $178
Board [2h Th Qd 3s Ts]
Seat 3: 53f66a39 folded on the River
Seat 2: d7357a23 folded before Flop (didn't bet)
Seat 5: 860d005e(small blind) folded before Flop
Seat 1: cc82043won ($178) with Pair of Tens
Seat 4: Hero folded before Flop (didn't bet)
Seat 6: 6d4c77f7(big blind) folded before Flop



Poker Hand #ring_903408461: NLH No Limit ($1/$2) - 2025/05/28 12:12:21
Table 'MR NLH 1/2' 7-max Seat #3 is the button
Seat 3: 53f66a39 ($385.97 in chips)
Seat 2: d7357a23 ($111.42 in chips)
Seat 5: 860d005e ($340.2 in chips)
Seat 7: 6bced8f0 ($219.58 in chips)
Seat 1: cc82043 ($684.42 in chips)
Seat 4: Hero ($331.93 in chips)
Seat 6: 6d4c77f7 ($421.28 in chips)
Hero: posts small blind $1
860d005e: posts big blind $2
*** HOLE CARDS ***
Dealt to 53f66a39 
Dealt to d7357a23 
Dealt to 860d005e 
Dealt to 6bced8f0 
Dealt to cc82043 
Dealt to Hero [Kc Ks]
Dealt to 6d4c77f7 
6d4c77f7: folds
6bced8f0: raises $6 to $8
cc82043: folds
d7357a23: folds
53f66a39: folds
Hero: raises $14.4 to $22.4
860d005e: raises $14.4 to $36.8
6bced8f0: calls $28.8
Hero: raises $88.32 to $125.12
860d005e: folds
6bced8f0: raises $94.46 to $219.58 and is all-in
Hero: calls $94.46
Hero: shows [Kc Ks]
6bced8f0: shows [Ts Jd]
*** FIRST FLOP *** [6h Jh 3h]
*** SECOND FLOP *** [2d 4s 2h]
*** FIRST TURN *** [6h Jh 3h] [Ad]
*** SECOND TURN *** [2d 4s 2h] [5s]
*** FIRST RIVER *** [6h Jh 3h Ad] [Qh]
*** SECOND RIVER *** [2d 4s 2h 5s] [7h]
*** FIRST SHOWDOWN ***
Hero collected $238.24 from pot
*** SECOND SHOWDOWN ***
Hero collected $237.72 from pot
*** SUMMARY ***
Total pot $475.96
Hand was run two timesFIRST Board [6h Jh 3h Ad Qh]
SECOND Board [2d 4s 2h 5s 7h]
Seat 3: 53f66a39 folded before Flop (didn't bet)
Seat 2: d7357a23 folded before Flop (didn't bet)
Seat 5: 860d005e(big blind) folded before Flop
Seat 7: 6bced8f0 showed [Ts Jd] and lost with Pair of Jacks / Pair of Twos
Seat 1: cc82043 folded before Flop (didn't bet)
Seat 4: Hero(small blind) showed [Kc Ks] and won ($475.96) with Pair of Kings / Pair of Kings and Pair of Twos
Seat 6: 6d4c77f7 folded before Flop (didn't bet)



Poker Hand #ring_903407663: NLH No Limit ($1/$2) - 2025/05/28 12:11:33
Table 'MR NLH 1/2' 7-max Seat #2 is the button
Seat 3: 53f66a39 ($364.54 in chips)
Seat 2: d7357a23 ($111.42 in chips)
Seat 5: 860d005e ($340.2 in chips)
Seat 7: 6bced8f0 ($241.58 in chips)
Seat 1: cc82043 ($684.42 in chips)
Seat 4: Hero ($333.93 in chips)
Seat 6: 6d4c77f7 ($421.28 in chips)
53f66a39: posts small blind $1
Hero: posts big blind $2
*** HOLE CARDS ***
Dealt to 53f66a39 
Dealt to d7357a23 
Dealt to 860d005e 
Dealt to 6bced8f0 
Dealt to cc82043 
Dealt to Hero [Ts Kc]
Dealt to 6d4c77f7 
860d005e: folds
6d4c77f7: folds
6bced8f0: raises $6 to $8
cc82043: folds
d7357a23: folds
53f66a39: raises $14 to $22
Hero: folds
6bced8f0: calls $14
*** FLOP *** [4c 6c 8s]
53f66a39: checks
6bced8f0: checks
*** TURN *** [4c 6c 8s] [Js]
53f66a39: bets $34.5
6bced8f0: folds
Uncalled bet ($34.5) returned to 53f66a39
*** SHOWDOWN ***
53f66a39 collected $46 from pot
*** SUMMARY ***
Total pot $46
Board [4c 6c 8s Js]
Seat 3: 53f66a39(small blind)won ($46) with Pair of Jacks
Seat 2: d7357a23 folded before Flop (didn't bet)
Seat 5: 860d005e folded before Flop (didn't bet)
Seat 7: 6bced8f0 folded on the Turn
Seat 1: cc82043 folded before Flop (didn't bet)
Seat 4: Hero(big blind) folded before Flop
Seat 6: 6d4c77f7 folded before Flop (didn't bet)



Poker Hand #ring_903406317: NLH No Limit ($1/$2) - 2025/05/28 12:10:09
Table 'MR NLH 1/2' 7-max Seat #1 is the button
Seat 3: 53f66a39 ($266.54 in chips)
Seat 2: d7357a23 ($118.42 in chips)
Seat 5: 860d005e ($340.2 in chips)
Seat 7: 6bced8f0 ($273.58 in chips)
Seat 1: cc82043 ($618.55 in chips)
Seat 4: Hero ($333.93 in chips)
Seat 6: 6d4c77f7 ($421.28 in chips)
d7357a23: posts small blind $1
53f66a39: posts big blind $2
*** HOLE CARDS ***
Dealt to 53f66a39 
Dealt to d7357a23 
Dealt to 860d005e 
Dealt to 6bced8f0 
Dealt to cc82043 
Dealt to Hero [6c 7s]
Dealt to 6d4c77f7 
Hero: folds
860d005e: folds
6d4c77f7: folds
6bced8f0: calls $2
cc82043: raises $5 to $7
d7357a23: calls $6
53f66a39: raises $25 to $32
6bced8f0: calls $30
cc82043: calls $25
d7357a23: folds
*** FLOP *** [8s Td 9c]
53f66a39: checks
6bced8f0: checks
cc82043: bets $33.99
53f66a39: folds
6bced8f0: folds
Uncalled bet ($33.99) returned to cc82043
*** SHOWDOWN ***
cc82043 collected $103 from pot
*** SUMMARY ***
Total pot $103
Board [8s Td 9c]
Seat 3: 53f66a39(big blind) folded on the Flop
Seat 2: d7357a23(small blind) folded before Flop
Seat 5: 860d005e folded before Flop (didn't bet)
Seat 7: 6bced8f0 folded on the Flop
Seat 1: cc82043won ($103) with King-High
Seat 4: Hero folded before Flop (didn't bet)
Seat 6: 6d4c77f7 folded before Flop (didn't bet)



Poker Hand #ring_903405421: NLH No Limit ($1/$2) - 2025/05/28 12:09:14
Table 'MR NLH 1/2' 7-max Seat #7 is the button
Seat 3: 53f66a39 ($277.49 in chips)
Seat 2: d7357a23 ($120.42 in chips)
Seat 5: 860d005e ($340.2 in chips)
Seat 7: 6bced8f0 ($261.25 in chips)
Seat 1: cc82043 ($619.55 in chips)
Seat 4: Hero ($333.93 in chips)
Seat 6: 6d4c77f7 ($421.28 in chips)
cc82043: posts small blind $1
d7357a23: posts big blind $2
*** HOLE CARDS ***
Dealt to 53f66a39 
Dealt to d7357a23 
Dealt to 860d005e 
Dealt to 6bced8f0 
Dealt to cc82043 
Dealt to Hero [6s 7d]
Dealt to 6d4c77f7 
53f66a39: raises $4 to $6
Hero: folds
860d005e: folds
6d4c77f7: folds
6bced8f0: calls $6
cc82043: folds
d7357a23: folds
*** FLOP *** [5h 7h Kd]
53f66a39: bets $4.95
6bced8f0: calls $4.95
*** TURN *** [5h 7h Kd] [Js]
53f66a39: checks
6bced8f0: checks
*** RIVER *** [5h 7h Kd Js] [Kh]
53f66a39: checks
6bced8f0: bets $24.9
53f66a39: folds
Uncalled bet ($24.9) returned to 6bced8f0
6bced8f0: shows [6d 2d]
*** SHOWDOWN ***
6bced8f0 collected $24.9 from pot
*** SUMMARY ***
Total pot $24.9
Board [5h 7h Kd Js Kh]
Seat 3: 53f66a39 folded on the River
Seat 2: d7357a23(big blind) folded before Flop
Seat 5: 860d005e folded before Flop (didn't bet)
Seat 7: 6bced8f0 showed [6d 2d] and won ($24.9) with Pair of Kings
Seat 1: cc82043(small blind) folded before Flop
Seat 4: Hero folded before Flop (didn't bet)
Seat 6: 6d4c77f7 folded before Flop (didn't bet)



Poker Hand #ring_903404910: NLH No Limit ($1/$2) - 2025/05/28 12:08:42
Table 'MR NLH 1/2' 7-max Seat #6 is the button
Seat 3: 53f66a39 ($277.49 in chips)
Seat 2: d7357a23 ($120.42 in chips)
Seat 5: 860d005e ($345.2 in chips)
Seat 7: 6bced8f0 ($254.25 in chips)
Seat 1: cc82043 ($621.55 in chips)
Seat 4: Hero ($333.93 in chips)
Seat 6: 6d4c77f7 ($421.28 in chips)
6bced8f0: posts small blind $1
cc82043: posts big blind $2
*** HOLE CARDS ***
Dealt to 53f66a39 
Dealt to d7357a23 
Dealt to 860d005e 
Dealt to 6bced8f0 
Dealt to cc82043 
Dealt to Hero [Td 3c]
Dealt to 6d4c77f7 
d7357a23: folds
53f66a39: folds
Hero: folds
860d005e: raises $3 to $5
6d4c77f7: folds
6bced8f0: raises $9 to $14
cc82043: folds
860d005e: folds
Uncalled bet ($9) returned to 6bced8f0
*** SHOWDOWN ***
6bced8f0 collected $12 from pot
*** SUMMARY ***
Total pot $12
Seat 3: 53f66a39 folded before Flop (didn't bet)
Seat 2: d7357a23 folded before Flop (didn't bet)
Seat 5: 860d005e folded before Flop
Seat 7: 6bced8f0(small blind)won ($12)
Seat 1: cc82043(big blind) folded before Flop
Seat 4: Hero folded before Flop (didn't bet)
Seat 6: 6d4c77f7 folded before Flop (didn't bet)



Poker Hand #ring_903403535: NLH No Limit ($1/$2) - 2025/05/28 12:07:20
Table 'MR NLH 1/2' 7-max Seat #5 is the button
Seat 3: 53f66a39 ($289.43 in chips)
Seat 2: d7357a23 ($120.42 in chips)
Seat 5: 860d005e ($345.2 in chips)
Seat 7: 6bced8f0 ($266.19 in chips)
Seat 1: cc82043 ($621.55 in chips)
Seat 4: Hero ($333.93 in chips)
Seat 6: 6d4c77f7 ($399.51 in chips)
6d4c77f7: posts small blind $1
6bced8f0: posts big blind $2
*** HOLE CARDS ***
Dealt to 53f66a39 
Dealt to d7357a23 
Dealt to 860d005e 
Dealt to 6bced8f0 
Dealt to cc82043 
Dealt to Hero [Ks 7h]
Dealt to 6d4c77f7 
cc82043: folds
d7357a23: folds
53f66a39: raises $4 to $6
Hero: folds
860d005e: folds
6d4c77f7: calls $5
6bced8f0: calls $4
*** FLOP *** [6h Ah Td]
6d4c77f7: checks
6bced8f0: checks
53f66a39: bets $5.94
6d4c77f7: calls $5.94
6bced8f0: calls $5.94
*** TURN *** [6h Ah Td] [4s]
6d4c77f7: checks
6bced8f0: checks
53f66a39: checks
*** RIVER *** [6h Ah Td 4s] [5d]
6d4c77f7: checks
6bced8f0: checks
53f66a39: checks
53f66a39: shows [Qc Qs]
6d4c77f7: shows [6s 6d]
6bced8f0: shows [Jh 7d]
*** SHOWDOWN ***
6d4c77f7 collected $35.82 from pot
*** SUMMARY ***
Total pot $35.82
Board [6h Ah Td 4s 5d]
Seat 3: 53f66a39 showed [Qc Qs] and lost with Pair of Queens
Seat 2: d7357a23 folded before Flop (didn't bet)
Seat 5: 860d005e folded before Flop (didn't bet)
Seat 7: 6bced8f0(big blind) showed [Jh 7d] and lost with Ace-High
Seat 1: cc82043 folded before Flop (didn't bet)
Seat 4: Hero folded before Flop (didn't bet)
Seat 6: 6d4c77f7(small blind) showed [6s 6d] and won ($35.82) with Three Sixes



Poker Hand #ring_903402016: NLH No Limit ($1/$2) - 2025/05/28 12:05:58
Table 'MR NLH 1/2' 7-max Seat #4 is the button
Seat 3: 53f66a39 ($289.43 in chips)
Seat 2: d7357a23 ($122.42 in chips)
Seat 5: 860d005e ($339.56 in chips)
Seat 7: 6bced8f0 ($266.19 in chips)
Seat 1: cc82043 ($621.55 in chips)
Seat 4: Hero ($335.93 in chips)
Seat 6: 6d4c77f7 ($401.51 in chips)
860d005e: posts small blind $1
6d4c77f7: posts big blind $2
*** HOLE CARDS ***
Dealt to 53f66a39 
Dealt to d7357a23 
Dealt to 860d005e 
Dealt to 6bced8f0 
Dealt to cc82043 
Dealt to Hero [7d Jd]
Dealt to 6d4c77f7 
6bced8f0: folds
cc82043: folds
d7357a23: calls $2
53f66a39: folds
Hero: calls $2
860d005e: calls $1
6d4c77f7: checks
*** FLOP *** [Kh 5s 5h]
860d005e: checks
6d4c77f7: checks
d7357a23: checks
Hero: checks
*** TURN *** [Kh 5s 5h] [Th]
860d005e: bets $6
6d4c77f7: folds
d7357a23: folds
Hero: folds
Uncalled bet ($6) returned to 860d005e
*** SHOWDOWN ***
860d005e collected $8 from pot
*** SUMMARY ***
Total pot $8
Board [Kh 5s 5h Th]
Seat 3: 53f66a39 folded before Flop (didn't bet)
Seat 2: d7357a23 folded on the Turn
Seat 5: 860d005e(small blind)won ($8) with Three Fives
Seat 7: 6bced8f0 folded before Flop (didn't bet)
Seat 1: cc82043 folded before Flop (didn't bet)
Seat 4: Hero folded on the Turn
Seat 6: 6d4c77f7(big blind) folded on the Turn



Poker Hand #ring_903401526: NLH No Limit ($1/$2) - 2025/05/28 12:05:28
Table 'MR NLH 1/2' 7-max Seat #3 is the button
Seat 3: 53f66a39 ($289.43 in chips)
Seat 2: d7357a23 ($122.42 in chips)
Seat 5: 860d005e ($341.56 in chips)
Seat 7: 6bced8f0 ($263.19 in chips)
Seat 1: cc82043 ($621.55 in chips)
Seat 4: Hero ($336.93 in chips)
Seat 6: 6d4c77f7 ($401.51 in chips)
Hero: posts small blind $1
860d005e: posts big blind $2
*** HOLE CARDS ***
Dealt to 53f66a39 
Dealt to d7357a23 
Dealt to 860d005e 
Dealt to 6bced8f0 
Dealt to cc82043 
Dealt to Hero [6s 7c]
Dealt to 6d4c77f7 
6d4c77f7: folds
6bced8f0: raises $6 to $8
cc82043: folds
d7357a23: folds
53f66a39: folds
Hero: folds
860d005e: folds
Uncalled bet ($6) returned to 6bced8f0
6bced8f0: shows [2s 4s]
*** SHOWDOWN ***
6bced8f0 collected $5 from pot
*** SUMMARY ***
Total pot $5
Seat 3: 53f66a39 folded before Flop (didn't bet)
Seat 2: d7357a23 folded before Flop (didn't bet)
Seat 5: 860d005e(big blind) folded before Flop
Seat 7: 6bced8f0 showed [2s 4s] and won ($5)
Seat 1: cc82043 folded before Flop (didn't bet)
Seat 4: Hero(small blind) folded before Flop
Seat 6: 6d4c77f7 folded before Flop (didn't bet)



Poker Hand #ring_903400493: NLH No Limit ($1/$2) - 2025/05/28 12:04:23
Table 'MR NLH 1/2' 7-max Seat #2 is the button
Seat 3: 53f66a39 ($290.43 in chips)
Seat 2: d7357a23 ($134.42 in chips)
Seat 5: 860d005e ($341.56 in chips)
Seat 7: 6bced8f0 ($263.19 in chips)
Seat 1: cc82043 ($621.55 in chips)
Seat 4: Hero ($325.55 in chips)
Seat 6: 6d4c77f7 ($401.51 in chips)
53f66a39: posts small blind $1
Hero: posts big blind $2
*** HOLE CARDS ***
Dealt to 53f66a39 
Dealt to d7357a23 
Dealt to 860d005e 
Dealt to 6bced8f0 
Dealt to cc82043 
Dealt to Hero [Td Kc]
Dealt to 6d4c77f7 
860d005e: folds
6d4c77f7: folds
6bced8f0: folds
cc82043: folds
d7357a23: calls $2
53f66a39: folds
Hero: checks
*** FLOP *** [3d Jc As]
Hero: checks
d7357a23: bets $3.75
Hero: calls $3.75
*** TURN *** [3d Jc As] [Jh]
Hero: checks
d7357a23: bets $6.25
Hero: raises $14 to $20.25
d7357a23: folds
Uncalled bet ($14) returned to Hero
*** SHOWDOWN ***
Hero collected $25 from pot
*** SUMMARY ***
Total pot $25
Board [3d Jc As Jh]
Seat 3: 53f66a39(small blind) folded before Flop
Seat 2: d7357a23 folded on the Turn
Seat 5: 860d005e folded before Flop (didn't bet)
Seat 7: 6bced8f0 folded before Flop (didn't bet)
Seat 1: cc82043 folded before Flop (didn't bet)
Seat 4: Hero(big blind)won ($25) with Pair of Jacks
Seat 6: 6d4c77f7 folded before Flop (didn't bet)



Poker Hand #ring_903399899: NLH No Limit ($1/$2) - 2025/05/28 12:03:46
Table 'MR NLH 1/2' 7-max Seat #1 is the button
Seat 3: 53f66a39 ($288.61 in chips)
Seat 2: d7357a23 ($136.42 in chips)
Seat 5: 860d005e ($341.56 in chips)
Seat 7: 6bced8f0 ($263.19 in chips)
Seat 1: cc82043 ($621.55 in chips)
Seat 4: Hero ($325.55 in chips)
Seat 6: 6d4c77f7 ($401.51 in chips)
d7357a23: posts small blind $1
53f66a39: posts big blind $2
*** HOLE CARDS ***
Dealt to 53f66a39 
Dealt to d7357a23 
Dealt to 860d005e 
Dealt to 6bced8f0 
Dealt to cc82043 
Dealt to Hero [4s Qh]
Dealt to 6d4c77f7 
Hero: folds
860d005e: folds
6d4c77f7: folds
6bced8f0: folds
cc82043: folds
d7357a23: calls $1
53f66a39: checks
*** FLOP *** [3s Ts 8d]
d7357a23: checks
53f66a39: checks
*** TURN *** [3s Ts 8d] [Td]
d7357a23: checks
53f66a39: checks
*** RIVER *** [3s Ts 8d Td] [7d]
d7357a23: checks
53f66a39: bets $2
d7357a23: folds
Uncalled bet ($2) returned to 53f66a39
*** SHOWDOWN ***
53f66a39 collected $4 from pot
*** SUMMARY ***
Total pot $4
Board [3s Ts 8d Td 7d]
Seat 3: 53f66a39(big blind)won ($4) with Pair of Tens
Seat 2: d7357a23(small blind) folded on the River
Seat 5: 860d005e folded before Flop (didn't bet)
Seat 7: 6bced8f0 folded before Flop (didn't bet)
Seat 1: cc82043 folded before Flop (didn't bet)
Seat 4: Hero folded before Flop (didn't bet)
Seat 6: 6d4c77f7 folded before Flop (didn't bet)



Poker Hand #ring_903399233: NLH No Limit ($1/$2) - 2025/05/28 12:03:02
Table 'MR NLH 1/2' 7-max Seat #7 is the button
Seat 3: 53f66a39 ($288.61 in chips)
Seat 2: d7357a23 ($138.42 in chips)
Seat 5: 860d005e ($341.56 in chips)
Seat 7: 6bced8f0 ($248.54 in chips)
Seat 1: cc82043 ($622.55 in chips)
Seat 4: Hero ($339.05 in chips)
Seat 6: 6d4c77f7 ($401.51 in chips)
cc82043: posts small blind $1
d7357a23: posts big blind $2
*** HOLE CARDS ***
Dealt to 53f66a39 
Dealt to d7357a23 
Dealt to 860d005e 
Dealt to 6bced8f0 
Dealt to cc82043 
Dealt to Hero [8c Tc]
Dealt to 6d4c77f7 
53f66a39: folds
Hero: raises $4 to $6
860d005e: folds
6d4c77f7: folds
6bced8f0: calls $6
cc82043: folds
d7357a23: folds
*** FLOP *** [3c 2s Qd]
Hero: bets $7.5
6bced8f0: calls $7.5
*** TURN *** [3c 2s Qd] [Kh]
Hero: checks
6bced8f0: bets $15
Hero: folds
Uncalled bet ($15) returned to 6bced8f0
*** SHOWDOWN ***
6bced8f0 collected $30 from pot
*** SUMMARY ***
Total pot $30
Board [3c 2s Qd Kh]
Seat 3: 53f66a39 folded before Flop (didn't bet)
Seat 2: d7357a23(big blind) folded before Flop
Seat 5: 860d005e folded before Flop (didn't bet)
Seat 7: 6bced8f0won ($30) with Pair of Kings
Seat 1: cc82043(small blind) folded before Flop
Seat 4: Hero folded on the Turn
Seat 6: 6d4c77f7 folded before Flop (didn't bet)



Poker Hand #ring_903398533: NLH No Limit ($1/$2) - 2025/05/28 12:02:17
Table 'MR NLH 1/2' 7-max Seat #6 is the button
Seat 3: 53f66a39 ($288.61 in chips)
Seat 2: d7357a23 ($164.42 in chips)
Seat 5: 860d005e ($341.56 in chips)
Seat 7: 6bced8f0 ($223.47 in chips)
Seat 1: cc82043 ($624.55 in chips)
Seat 4: Hero ($339.05 in chips)
Seat 6: 6d4c77f7 ($401.51 in chips)
6bced8f0: posts small blind $1
cc82043: posts big blind $2
*** HOLE CARDS ***
Dealt to 53f66a39 
Dealt to d7357a23 
Dealt to 860d005e 
Dealt to 6bced8f0 
Dealt to cc82043 
Dealt to Hero [Qh 2h]
Dealt to 6d4c77f7 
d7357a23: calls $2
53f66a39: folds
Hero: folds
860d005e: folds
6d4c77f7: folds
6bced8f0: raises $6 to $8
cc82043: folds
d7357a23: calls $6
*** FLOP *** [Qs Kh 7s]
6bced8f0: bets $18
d7357a23: calls $18
*** TURN *** [Qs Kh 7s] [8d]
6bced8f0: bets $54
d7357a23: folds
Uncalled bet ($54) returned to 6bced8f0
6bced8f0: shows [9s]
*** SHOWDOWN ***
6bced8f0 collected $54 from pot
*** SUMMARY ***
Total pot $54
Board [Qs Kh 7s 8d]
Seat 3: 53f66a39 folded before Flop (didn't bet)
Seat 2: d7357a23 folded on the Turn
Seat 5: 860d005e folded before Flop (didn't bet)
Seat 7: 6bced8f0(small blind) showed [9s] and won ($54) with King-High
Seat 1: cc82043(big blind) folded before Flop
Seat 4: Hero folded before Flop (didn't bet)
Seat 6: 6d4c77f7 folded before Flop (didn't bet)



Poker Hand #ring_903398068: NLH No Limit ($1/$2) - 2025/05/28 12:01:46
Table 'MR NLH 1/2' 7-max Seat #5 is the button
Seat 3: 53f66a39 ($288.61 in chips)
Seat 2: d7357a23 ($166.42 in chips)
Seat 5: 860d005e ($341.56 in chips)
Seat 7: 6bced8f0 ($220.47 in chips)
Seat 1: cc82043 ($624.55 in chips)
Seat 4: Hero ($339.05 in chips)
Seat 6: 6d4c77f7 ($402.51 in chips)
6d4c77f7: posts small blind $1
6bced8f0: posts big blind $2
*** HOLE CARDS ***
Dealt to 53f66a39 
Dealt to d7357a23 
Dealt to 860d005e 
Dealt to 6bced8f0 
Dealt to cc82043 
Dealt to Hero [5c 2h]
Dealt to 6d4c77f7 
cc82043: folds
d7357a23: calls $2
53f66a39: folds
Hero: folds
860d005e: folds
6d4c77f7: folds
6bced8f0: raises $6 to $8
d7357a23: folds
Uncalled bet ($6) returned to 6bced8f0
*** SHOWDOWN ***
6bced8f0 collected $5 from pot
*** SUMMARY ***
Total pot $5
Seat 3: 53f66a39 folded before Flop (didn't bet)
Seat 2: d7357a23 folded before Flop
Seat 5: 860d005e folded before Flop (didn't bet)
Seat 7: 6bced8f0(big blind)won ($5)
Seat 1: cc82043 folded before Flop (didn't bet)
Seat 4: Hero folded before Flop (didn't bet)
Seat 6: 6d4c77f7(small blind) folded before Flop



Poker Hand #ring_903397210: NLH No Limit ($1/$2) - 2025/05/28 12:01:04
Table 'MR NLH 1/2' 7-max Seat #4 is the button
Seat 3: 53f66a39 ($288.61 in chips)
Seat 2: d7357a23 ($166.42 in chips)
Seat 5: 860d005e ($342.56 in chips)
Seat 7: 6bced8f0 ($217.47 in chips)
Seat 1: cc82043 ($624.55 in chips)
Seat 4: Hero ($339.05 in chips)
Seat 6: 6d4c77f7 ($404.51 in chips)
860d005e: posts small blind $1
6d4c77f7: posts big blind $2
*** HOLE CARDS ***
Dealt to 53f66a39 
Dealt to d7357a23 
Dealt to 860d005e 
Dealt to 6bced8f0 
Dealt to cc82043 
Dealt to Hero [Kc 7s]
Dealt to 6d4c77f7 
6bced8f0: raises $6 to $8
cc82043: folds
d7357a23: folds
53f66a39: folds
Hero: folds
860d005e: folds
6d4c77f7: folds
Uncalled bet ($6) returned to 6bced8f0
*** SHOWDOWN ***
6bced8f0 collected $5 from pot
*** SUMMARY ***
Total pot $5
Seat 3: 53f66a39 folded before Flop (didn't bet)
Seat 2: d7357a23 folded before Flop (didn't bet)
Seat 5: 860d005e(small blind) folded before Flop
Seat 7: 6bced8f0won ($5)
Seat 1: cc82043 folded before Flop (didn't bet)
Seat 4: Hero folded before Flop (didn't bet)
Seat 6: 6d4c77f7(big blind) folded before Flop



Poker Hand #ring_903396205: NLH No Limit ($1/$2) - 2025/05/28 11:59:58
Table 'MR NLH 1/2' 7-max Seat #3 is the button
Seat 3: 53f66a39 ($288.61 in chips)
Seat 2: d7357a23 ($168.42 in chips)
Seat 5: 860d005e ($338.83 in chips)
Seat 7: 6bced8f0 ($217.47 in chips)
Seat 1: cc82043 ($624.55 in chips)
Seat 4: Hero ($341.05 in chips)
Seat 6: 6d4c77f7 ($404.51 in chips)
Hero: posts small blind $1
860d005e: posts big blind $2
*** HOLE CARDS ***
Dealt to 53f66a39 
Dealt to d7357a23 
Dealt to 860d005e 
Dealt to 6bced8f0 
Dealt to cc82043 
Dealt to Hero [6s Ts]
Dealt to 6d4c77f7 
6d4c77f7: folds
6bced8f0: folds
cc82043: folds
d7357a23: calls $2
53f66a39: folds
Hero: calls $1
860d005e: checks
*** FLOP *** [Jh Ad 3s]
Hero: checks
860d005e: checks
d7357a23: checks
*** TURN *** [Jh Ad 3s] [9d]
Hero: checks
860d005e: bets $4.5
d7357a23: folds
Hero: folds
Uncalled bet ($4.5) returned to 860d005e
*** SHOWDOWN ***
860d005e collected $6 from pot
*** SUMMARY ***
Total pot $6
Board [Jh Ad 3s 9d]
Seat 3: 53f66a39 folded before Flop (didn't bet)
Seat 2: d7357a23 folded on the Turn
Seat 5: 860d005e(big blind)won ($6) with Ace-High
Seat 7: 6bced8f0 folded before Flop (didn't bet)
Seat 1: cc82043 folded before Flop (didn't bet)
Seat 4: Hero(small blind) folded on the Turn
Seat 6: 6d4c77f7 folded before Flop (didn't bet)



Poker Hand #ring_903394860: NLH No Limit ($1/$2) - 2025/05/28 11:58:28
Table 'MR NLH 1/2' 7-max Seat #2 is the button
Seat 3: 53f66a39 ($289.61 in chips)
Seat 2: d7357a23 ($168.42 in chips)
Seat 5: 860d005e ($338.83 in chips)
Seat 7: 6bced8f0 ($217.47 in chips)
Seat 1: cc82043 ($624.55 in chips)
Seat 4: Hero ($346.05 in chips)
Seat 6: 6d4c77f7 ($399 in chips)
53f66a39: posts small blind $1
Hero: posts big blind $2
*** HOLE CARDS ***
Dealt to 53f66a39 
Dealt to d7357a23 
Dealt to 860d005e 
Dealt to 6bced8f0 
Dealt to cc82043 
Dealt to Hero [7s 4s]
Dealt to 6d4c77f7 
860d005e: folds
6d4c77f7: raises $3 to $5
6bced8f0: folds
cc82043: folds
d7357a23: folds
53f66a39: folds
Hero: calls $3
*** FLOP *** [2h Kc 8s]
Hero: checks
6d4c77f7: bets $3.63
Hero: folds
Uncalled bet ($3.63) returned to 6d4c77f7
*** SHOWDOWN ***
6d4c77f7 collected $11 from pot
*** SUMMARY ***
Total pot $11
Board [2h Kc 8s]
Seat 3: 53f66a39(small blind) folded before Flop
Seat 2: d7357a23 folded before Flop (didn't bet)
Seat 5: 860d005e folded before Flop (didn't bet)
Seat 7: 6bced8f0 folded before Flop (didn't bet)
Seat 1: cc82043 folded before Flop (didn't bet)
Seat 4: Hero(big blind) folded on the Flop
Seat 6: 6d4c77f7won ($11) with Ace-High



Poker Hand #ring_903394004: NLH No Limit ($1/$2) - 2025/05/28 11:57:32
Table 'MR NLH 1/2' 7-max Seat #1 is the button
Seat 3: 53f66a39 ($291.61 in chips)
Seat 2: d7357a23 ($176.42 in chips)
Seat 5: 860d005e ($338.83 in chips)
Seat 7: 6bced8f0 ($225.47 in chips)
Seat 1: cc82043 ($624.55 in chips)
Seat 4: Hero ($329.72 in chips)
Seat 6: 6d4c77f7 ($399 in chips)
d7357a23: posts small blind $1
53f66a39: posts big blind $2
*** HOLE CARDS ***
Dealt to 53f66a39 
Dealt to d7357a23 
Dealt to 860d005e 
Dealt to 6bced8f0 
Dealt to cc82043 
Dealt to Hero [6h Ah]
Dealt to 6d4c77f7 
Hero: calls $2
860d005e: folds
6d4c77f7: folds
6bced8f0: raises $6 to $8
cc82043: folds
d7357a23: calls $7
53f66a39: folds
Hero: calls $6
*** FLOP *** [Jh 6d Kd]
d7357a23: checks
Hero: checks
6bced8f0: checks
*** TURN *** [Jh 6d Kd] [6s]
d7357a23: checks
Hero: bets $13
6bced8f0: folds
d7357a23: folds
Uncalled bet ($13) returned to Hero
*** SHOWDOWN ***
Hero collected $26 from pot
*** SUMMARY ***
Total pot $26
Board [Jh 6d Kd 6s]
Seat 3: 53f66a39(big blind) folded before Flop
Seat 2: d7357a23(small blind) folded on the Turn
Seat 5: 860d005e folded before Flop (didn't bet)
Seat 7: 6bced8f0 folded on the Turn
Seat 1: cc82043 folded before Flop (didn't bet)
Seat 4: Herowon ($26) with Three Sixes
Seat 6: 6d4c77f7 folded before Flop (didn't bet)



Poker Hand #ring_903392950: NLH No Limit ($1/$2) - 2025/05/28 11:56:25
Table 'MR NLH 1/2' 7-max Seat #7 is the button
Seat 3: 53f66a39 ($311.61 in chips)
Seat 2: d7357a23 ($178.42 in chips)
Seat 5: 860d005e ($338.83 in chips)
Seat 7: 6bced8f0 ($225.47 in chips)
Seat 1: cc82043 ($625.55 in chips)
Seat 4: Hero ($309.15 in chips)
Seat 6: 6d4c77f7 ($399 in chips)
cc82043: posts small blind $1
d7357a23: posts big blind $2
*** HOLE CARDS ***
Dealt to 53f66a39 
Dealt to d7357a23 
Dealt to 860d005e 
Dealt to 6bced8f0 
Dealt to cc82043 
Dealt to Hero [Js Jd]
Dealt to 6d4c77f7 
53f66a39: raises $4 to $6
Hero: raises $14 to $20
860d005e: folds
6d4c77f7: folds
6bced8f0: folds
cc82043: folds
d7357a23: folds
53f66a39: calls $14
*** FLOP *** [5h 4s 9h]
53f66a39: checks
Hero: bets $21.5
53f66a39: folds
Uncalled bet ($21.5) returned to Hero
*** SHOWDOWN ***
Hero collected $43 from pot
*** SUMMARY ***
Total pot $43
Board [5h 4s 9h]
Seat 3: 53f66a39 folded on the Flop
Seat 2: d7357a23(big blind) folded before Flop
Seat 5: 860d005e folded before Flop (didn't bet)
Seat 7: 6bced8f0 folded before Flop (didn't bet)
Seat 1: cc82043(small blind) folded before Flop
Seat 4: Herowon ($43) with Pair of Jacks
Seat 6: 6d4c77f7 folded before Flop (didn't bet)



Poker Hand #ring_903392258: NLH No Limit ($1/$2) - 2025/05/28 11:55:40
Table 'MR NLH 1/2' 7-max Seat #6 is the button
Seat 3: 53f66a39 ($311.61 in chips)
Seat 2: d7357a23 ($199.92 in chips)
Seat 5: 860d005e ($338.83 in chips)
Seat 7: 6bced8f0 ($204.49 in chips)
Seat 1: cc82043 ($627.55 in chips)
Seat 4: Hero ($309.15 in chips)
Seat 6: 6d4c77f7 ($399 in chips)
6bced8f0: posts small blind $1
cc82043: posts big blind $2
*** HOLE CARDS ***
Dealt to 53f66a39 
Dealt to d7357a23 
Dealt to 860d005e 
Dealt to 6bced8f0 
Dealt to cc82043 
Dealt to Hero [7h 6s]
Dealt to 6d4c77f7 
d7357a23: calls $2
53f66a39: folds
Hero: folds
860d005e: folds
6d4c77f7: folds
6bced8f0: raises $6 to $8
cc82043: folds
d7357a23: calls $6
*** FLOP *** [2d Ks 4h]
6bced8f0: bets $13.5
d7357a23: calls $13.5
*** TURN *** [2d Ks 4h] [9d]
6bced8f0: bets $33.75
d7357a23: folds
Uncalled bet ($33.75) returned to 6bced8f0
*** SHOWDOWN ***
6bced8f0 collected $45 from pot
*** SUMMARY ***
Total pot $45
Board [2d Ks 4h 9d]
Seat 3: 53f66a39 folded before Flop (didn't bet)
Seat 2: d7357a23 folded on the Turn
Seat 5: 860d005e folded before Flop (didn't bet)
Seat 7: 6bced8f0(small blind)won ($45) with Pair of Kings
Seat 1: cc82043(big blind) folded before Flop
Seat 4: Hero folded before Flop (didn't bet)
Seat 6: 6d4c77f7 folded before Flop (didn't bet)



Poker Hand #ring_903391186: NLH No Limit ($1/$2) - 2025/05/28 11:54:31
Table 'MR NLH 1/2' 7-max Seat #5 is the button
Seat 3: 53f66a39 ($319.61 in chips)
Seat 2: d7357a23 ($189.77 in chips)
Seat 5: 860d005e ($338.83 in chips)
Seat 7: 6bced8f0 ($206.49 in chips)
Seat 1: cc82043 ($627.55 in chips)
Seat 4: Hero ($309.15 in chips)
Seat 6: 6d4c77f7 ($400 in chips)
6d4c77f7: posts small blind $1
6bced8f0: posts big blind $2
*** HOLE CARDS ***
Dealt to 53f66a39 
Dealt to d7357a23 
Dealt to 860d005e 
Dealt to 6bced8f0 
Dealt to cc82043 
Dealt to Hero [9d 2h]
Dealt to 6d4c77f7 
cc82043: folds
d7357a23: calls $2
53f66a39: raises $6 to $8
Hero: folds
860d005e: folds
6d4c77f7: folds
6bced8f0: folds
d7357a23: calls $6
*** FLOP *** [7s Tc Jc]
d7357a23: bets $9.5
53f66a39: folds
Uncalled bet ($9.5) returned to d7357a23
*** SHOWDOWN ***
d7357a23 collected $19 from pot
*** SUMMARY ***
Total pot $19
Board [7s Tc Jc]
Seat 3: 53f66a39 folded on the Flop
Seat 2: d7357a23won ($19) with Pair of Tens
Seat 5: 860d005e folded before Flop (didn't bet)
Seat 7: 6bced8f0(big blind) folded before Flop
Seat 1: cc82043 folded before Flop (didn't bet)
Seat 4: Hero folded before Flop (didn't bet)
Seat 6: 6d4c77f7(small blind) folded before Flop



Poker Hand #ring_903389771: NLH No Limit ($1/$2) - 2025/05/28 11:52:58
Table 'MR NLH 1/2' 7-max Seat #4 is the button
Seat 3: 53f66a39 ($319.61 in chips)
Seat 2: d7357a23 ($152.19 in chips)
Seat 5: 860d005e ($362.83 in chips)
Seat 7: 6bced8f0 ($221.49 in chips)
Seat 1: cc82043 ($627.55 in chips)
Seat 4: Hero ($309.15 in chips)
Seat 6: 6d4c77f7 ($399 in chips)
860d005e: posts small blind $1
6d4c77f7: posts big blind $2
*** HOLE CARDS ***
Dealt to 53f66a39 
Dealt to d7357a23 
Dealt to 860d005e 
Dealt to 6bced8f0 
Dealt to cc82043 
Dealt to Hero [Ts 5d]
Dealt to 6d4c77f7 
6bced8f0: calls $2
cc82043: folds
d7357a23: calls $2
53f66a39: folds
Hero: folds
860d005e: raises $13 to $15
6d4c77f7: folds
6bced8f0: calls $13
d7357a23: calls $13
*** FLOP *** [5c Qh 4h]
860d005e: bets $9
6bced8f0: folds
d7357a23: raises $21.45 to $30.45
860d005e: folds
Uncalled bet ($21.45) returned to d7357a23
*** SHOWDOWN ***
d7357a23 collected $65 from pot
*** SUMMARY ***
Total pot $65
Board [5c Qh 4h]
Seat 3: 53f66a39 folded before Flop (didn't bet)
Seat 2: d7357a23won ($65) with Pair of Queens
Seat 5: 860d005e(small blind) folded on the Flop
Seat 7: 6bced8f0 folded on the Flop
Seat 1: cc82043 folded before Flop (didn't bet)
Seat 4: Hero folded before Flop (didn't bet)
Seat 6: 6d4c77f7(big blind) folded before Flop



Poker Hand #ring_903388804: NLH No Limit ($1/$2) - 2025/05/28 11:51:56
Table 'MR NLH 1/2' 7-max Seat #3 is the button
Seat 3: 53f66a39 ($335.61 in chips)
Seat 2: d7357a23 ($152.19 in chips)
Seat 5: 860d005e ($364.83 in chips)
Seat 7: 6bced8f0 ($204.56 in chips)
Seat 1: cc82043 ($627.55 in chips)
Seat 4: Hero ($310.15 in chips)
Seat 6: 6d4c77f7 ($399 in chips)
Hero: posts small blind $1
860d005e: posts big blind $2
*** HOLE CARDS ***
Dealt to 53f66a39 
Dealt to d7357a23 
Dealt to 860d005e 
Dealt to 6bced8f0 
Dealt to cc82043 
Dealt to Hero [Ac Ts]
Dealt to 6d4c77f7 
6d4c77f7: folds
6bced8f0: raises $6 to $8
cc82043: folds
d7357a23: folds
53f66a39: raises $8 to $16
Hero: folds
860d005e: folds
6bced8f0: calls $8
*** FLOP *** [4c 5d 4h]
6bced8f0: checks
53f66a39: checks
*** TURN *** [4c 5d 4h] [As]
6bced8f0: checks
53f66a39: checks
*** RIVER *** [4c 5d 4h As] [4d]
6bced8f0: bets $26.25
53f66a39: folds
Uncalled bet ($26.25) returned to 6bced8f0
*** SHOWDOWN ***
6bced8f0 collected $35 from pot
*** SUMMARY ***
Total pot $35
Board [4c 5d 4h As 4d]
Seat 3: 53f66a39 folded on the River
Seat 2: d7357a23 folded before Flop (didn't bet)
Seat 5: 860d005e(big blind) folded before Flop
Seat 7: 6bced8f0won ($35) with Three Fours
Seat 1: cc82043 folded before Flop (didn't bet)
Seat 4: Hero(small blind) folded before Flop
Seat 6: 6d4c77f7 folded before Flop (didn't bet)



Poker Hand #ring_903388148: NLH No Limit ($1/$2) - 2025/05/28 11:51:14
Table 'MR NLH 1/2' 7-max Seat #2 is the button
Seat 3: 53f66a39 ($336.61 in chips)
Seat 2: d7357a23 ($149.41 in chips)
Seat 5: 860d005e ($364.83 in chips)
Seat 7: 6bced8f0 ($204.56 in chips)
Seat 1: cc82043 ($627.55 in chips)
Seat 4: Hero ($312.15 in chips)
Seat 6: 6d4c77f7 ($399 in chips)
53f66a39: posts small blind $1
Hero: posts big blind $2
*** HOLE CARDS ***
Dealt to 53f66a39 
Dealt to d7357a23 
Dealt to 860d005e 
Dealt to 6bced8f0 
Dealt to cc82043 
Dealt to Hero [Js 2c]
Dealt to 6d4c77f7 
860d005e: folds
6d4c77f7: folds
6bced8f0: folds
cc82043: folds
d7357a23: calls $2
53f66a39: folds
Hero: checks
*** FLOP *** [7s 3d 4h]
Hero: checks
d7357a23: checks
*** TURN *** [7s 3d 4h] [8h]
Hero: checks
d7357a23: checks
*** RIVER *** [7s 3d 4h 8h] [7c]
Hero: checks
d7357a23: checks
d7357a23: shows [9s Ah]
Hero: shows [Js 2c]
*** SHOWDOWN ***
d7357a23 collected $5 from pot
*** SUMMARY ***
Total pot $5
Board [7s 3d 4h 8h 7c]
Seat 3: 53f66a39(small blind) folded before Flop
Seat 2: d7357a23 showed [9s Ah] and won ($5) with Pair of Sevens
Seat 5: 860d005e folded before Flop (didn't bet)
Seat 7: 6bced8f0 folded before Flop (didn't bet)
Seat 1: cc82043 folded before Flop (didn't bet)
Seat 4: Hero(big blind) showed [Js 2c] and lost with Pair of Sevens
Seat 6: 6d4c77f7 folded before Flop (didn't bet)



Poker Hand #ring_903387624: NLH No Limit ($1/$2) - 2025/05/28 11:50:39
Table 'MR NLH 1/2' 7-max Seat #1 is the button
Seat 3: 53f66a39 ($342.61 in chips)
Seat 2: d7357a23 ($143.95 in chips)
Seat 5: 860d005e ($364.83 in chips)
Seat 7: 6bced8f0 ($204.56 in chips)
Seat 1: cc82043 ($627.55 in chips)
Seat 4: Hero ($312.15 in chips)
Seat 6: 6d4c77f7 ($399 in chips)
d7357a23: posts small blind $1
53f66a39: posts big blind $2
*** HOLE CARDS ***
Dealt to 53f66a39 
Dealt to d7357a23 
Dealt to 860d005e 
Dealt to 6bced8f0 
Dealt to cc82043 
Dealt to Hero [9h 4d]
Dealt to 6d4c77f7 
Hero: folds
860d005e: folds
6d4c77f7: folds
6bced8f0: folds
cc82043: folds
d7357a23: calls $1
53f66a39: checks
*** FLOP *** [2h Jd 4s]
d7357a23: bets $4
53f66a39: calls $4
*** TURN *** [2h Jd 4s] [8c]
d7357a23: bets $6
53f66a39: folds
Uncalled bet ($6) returned to d7357a23
*** SHOWDOWN ***
d7357a23 collected $12 from pot
*** SUMMARY ***
Total pot $12
Board [2h Jd 4s 8c]
Seat 3: 53f66a39(big blind) folded on the Turn
Seat 2: d7357a23(small blind)won ($12) with Pair of Jacks
Seat 5: 860d005e folded before Flop (didn't bet)
Seat 7: 6bced8f0 folded before Flop (didn't bet)
Seat 1: cc82043 folded before Flop (didn't bet)
Seat 4: Hero folded before Flop (didn't bet)
Seat 6: 6d4c77f7 folded before Flop (didn't bet)



Poker Hand #ring_903387072: NLH No Limit ($1/$2) - 2025/05/28 11:50:02
Table 'MR NLH 1/2' 7-max Seat #7 is the button
Seat 3: 53f66a39 ($342.61 in chips)
Seat 2: d7357a23 ($149.95 in chips)
Seat 5: 860d005e ($364.83 in chips)
Seat 7: 6bced8f0 ($210.56 in chips)
Seat 1: cc82043 ($628.55 in chips)
Seat 4: Hero ($300 in chips)
Seat 6: 6d4c77f7 ($399 in chips)
cc82043: posts small blind $1
d7357a23: posts big blind $2
*** HOLE CARDS ***
Dealt to 53f66a39 
Dealt to d7357a23 
Dealt to 860d005e 
Dealt to 6bced8f0 
Dealt to cc82043 
Dealt to Hero [Qs Qc]
Dealt to 6d4c77f7 
53f66a39: folds
Hero: raises $4 to $6
860d005e: folds
6d4c77f7: folds
6bced8f0: calls $6
cc82043: folds
d7357a23: calls $4
*** FLOP *** [3c As 6h]
d7357a23: checks
Hero: bets $9.5
6bced8f0: folds
d7357a23: folds
Uncalled bet ($9.5) returned to Hero
*** SHOWDOWN ***
Hero collected $19 from pot
*** SUMMARY ***
Total pot $19
Board [3c As 6h]
Seat 3: 53f66a39 folded before Flop (didn't bet)
Seat 2: d7357a23(big blind) folded on the Flop
Seat 5: 860d005e folded before Flop (didn't bet)
Seat 7: 6bced8f0 folded on the Flop
Seat 1: cc82043(small blind) folded before Flop
Seat 4: Herowon ($19) with Pair of Queens
Seat 6: 6d4c77f7 folded before Flop (didn't bet)



Poker Hand #ring_903385659: NLH No Limit ($1/$2) - 2025/05/28 11:48:31
Table 'MR NLH 1/2' 7-max Seat #6 is the button
Seat 3: 53f66a39 ($342.61 in chips)
Seat 2: d7357a23 ($160.35 in chips)
Seat 5: 860d005e ($344.02 in chips)
Seat 7: 6bced8f0 ($220.96 in chips)
Seat 1: cc82043 ($630.55 in chips)
Seat 4: Hero ($300 in chips)
Seat 6: 6d4c77f7 ($399 in chips)
6bced8f0: posts small blind $1
cc82043: posts big blind $2
*** HOLE CARDS ***
Dealt to 53f66a39 
Dealt to d7357a23 
Dealt to 860d005e 
Dealt to 6bced8f0 
Dealt to cc82043 
Dealt to Hero [5d 6s]
Dealt to 6d4c77f7 
d7357a23: calls $2
53f66a39: folds
Hero: folds
860d005e: raises $8.4 to $10.4
6d4c77f7: folds
6bced8f0: calls $9.4
cc82043: folds
d7357a23: calls $8.4
*** FLOP *** [5s 6c 7s]
6bced8f0: checks
d7357a23: checks
860d005e: checks
*** TURN *** [5s 6c 7s] [7h]
6bced8f0: checks
d7357a23: checks
860d005e: checks
*** RIVER *** [5s 6c 7s 7h] [2d]
6bced8f0: checks
d7357a23: checks
860d005e: checks
d7357a23: shows [Ah 4h]
860d005e: shows [Kd Ac]
6bced8f0: shows [Kh Td]
*** SHOWDOWN ***
860d005e collected $33.2 from pot
*** SUMMARY ***
Total pot $33.2
Board [5s 6c 7s 7h 2d]
Seat 3: 53f66a39 folded before Flop (didn't bet)
Seat 2: d7357a23 showed [Ah 4h] and lost with Pair of Sevens
Seat 5: 860d005e showed [Kd Ac] and won ($33.2) with Pair of Sevens
Seat 7: 6bced8f0(small blind) showed [Kh Td] and lost with Pair of Sevens
Seat 1: cc82043(big blind) folded before Flop
Seat 4: Hero folded before Flop (didn't bet)
Seat 6: 6d4c77f7 folded before Flop (didn't bet)



Poker Hand #ring_903384634: NLH No Limit ($1/$2) - 2025/05/28 11:47:27
Table 'MR NLH 1/2' 7-max Seat #5 is the button
Seat 3: 53f66a39 ($312.62 in chips)
Seat 2: d7357a23 ($162.35 in chips)
Seat 5: 860d005e ($344.02 in chips)
Seat 7: 6bced8f0 ($249.21 in chips)
Seat 1: cc82043 ($630.55 in chips)
Seat 4: Hero ($302 in chips)
Seat 6: 6d4c77f7 ($400 in chips)
6d4c77f7: posts small blind $1
6bced8f0: posts big blind $2
Hero: posts big blind $2
*** HOLE CARDS ***
Dealt to 53f66a39 
Dealt to d7357a23 
Dealt to 860d005e 
Dealt to 6bced8f0 
Dealt to cc82043 
Dealt to Hero [3d 9d]
Dealt to 6d4c77f7 
cc82043: folds
d7357a23: calls $2
53f66a39: raises $8 to $10
Hero: folds
860d005e: folds
6d4c77f7: folds
6bced8f0: calls $8
d7357a23: folds
*** FLOP *** [8d As 2c]
6bced8f0: checks
53f66a39: bets $8.25
6bced8f0: calls $8.25
*** TURN *** [8d As 2c] [Th]
6bced8f0: checks
53f66a39: bets $10
6bced8f0: calls $10
*** RIVER *** [8d As 2c Th] [Kd]
6bced8f0: checks
53f66a39: checks
53f66a39: shows [Td Qc]
6bced8f0: shows [8c Jc]
*** SHOWDOWN ***
53f66a39 collected $61.5 from pot
*** SUMMARY ***
Total pot $61.5
Board [8d As 2c Th Kd]
Seat 3: 53f66a39 showed [Td Qc] and won ($61.5) with Pair of Tens
Seat 2: d7357a23 folded before Flop
Seat 5: 860d005e folded before Flop (didn't bet)
Seat 7: 6bced8f0(big blind) showed [8c Jc] and lost with Pair of Eights
Seat 1: cc82043 folded before Flop (didn't bet)
Seat 4: Hero folded before Flop
Seat 6: 6d4c77f7(small blind) folded before Flop



Poker Hand #ring_903382662: NLH No Limit ($1/$2) - 2025/05/28 11:45:19
Table 'MR NLH 1/2' 7-max Seat #3 is the button
Seat 3: 53f66a39 ($307.62 in chips)
Seat 2: d7357a23 ($164.35 in chips)
Seat 5: 860d005e ($347.02 in chips)
Seat 7: 6bced8f0 ($251.21 in chips)
Seat 1: cc82043 ($445.23 in chips)
Seat 4: Hero ($200 in chips)
Seat 6: 6d4c77f7 ($398.25 in chips)
Hero: posts small blind $1
860d005e: posts big blind $2
*** HOLE CARDS ***
Dealt to 53f66a39 
Dealt to d7357a23 
Dealt to 860d005e 
Dealt to 6bced8f0 
Dealt to cc82043 
Dealt to Hero [As Qc]
Dealt to 6d4c77f7 
6d4c77f7: folds
6bced8f0: calls $2
cc82043: raises $8 to $10
d7357a23: folds
53f66a39: folds
Hero: raises $19.2 to $29.2
860d005e: folds
6bced8f0: folds
cc82043: calls $19.2
*** FIRST FLOP *** [Jh Td 6h]
Hero: checks
cc82043: bets $41.19
Hero: calls $41.19
*** FIRST TURN *** [Jh Td 6h] [Qs]
Hero: checks
cc82043: bets $374.84 and is all-in
Hero: calls $129.61 and is all-in
Uncalled bet ($245.23) returned to cc82043
cc82043: shows [Ad Kd]
Hero: shows [As Qc]
*** FIRST RIVER *** [Jh Td 6h Qs] [5c]
*** SECOND RIVER *** [Jh Td 6h Qs] [8d]
*** FIRST SHOWDOWN ***
cc82043 collected $202.25 from pot
*** SECOND SHOWDOWN ***
cc82043 collected $201.75 from pot
*** SUMMARY ***
Total pot $404
Hand was run two timesFIRST Board [Jh Td 6h Qs 5c]
SECOND Board [8d]
Seat 3: 53f66a39 folded before Flop (didn't bet)
Seat 2: d7357a23 folded before Flop (didn't bet)
Seat 5: 860d005e(big blind) folded before Flop
Seat 7: 6bced8f0 folded before Flop
Seat 1: cc82043 showed [Ad Kd] and won ($404) with Aces-High Straight / Aces-High Straight
Seat 4: Hero(small blind) showed [As Qc] and lost with Pair of Queens / Pair of Queens
Seat 6: 6d4c77f7 folded before Flop (didn't bet)



Poker Hand #ring_903381518: NLH No Limit ($1/$2) - 2025/05/28 11:44:06
Table 'MR NLH 1/2' 7-max Seat #2 is the button
Seat 3: 53f66a39 ($251.62 in chips)
Seat 2: d7357a23 ($170.35 in chips)
Seat 5: 860d005e ($301.02 in chips)
Seat 7: 6bced8f0 ($257.21 in chips)
Seat 1: cc82043 ($445.23 in chips)
Seat 4: Hero ($202 in chips)
Seat 6: 6d4c77f7 ($398.25 in chips)
53f66a39: posts small blind $1
Hero: posts big blind $2
*** HOLE CARDS ***
Dealt to 53f66a39 
Dealt to d7357a23 
Dealt to 860d005e 
Dealt to 6bced8f0 
Dealt to cc82043 
Dealt to Hero [As 2s]
Dealt to 6d4c77f7 
860d005e: raises $4 to $6
6d4c77f7: folds
6bced8f0: calls $6
cc82043: folds
d7357a23: calls $6
53f66a39: raises $26 to $32
Hero: folds
860d005e: raises $32 to $64
6bced8f0: folds
d7357a23: folds
53f66a39: folds
Uncalled bet ($32) returned to 860d005e
*** SHOWDOWN ***
860d005e collected $78 from pot
*** SUMMARY ***
Total pot $78
Seat 3: 53f66a39(small blind) folded before Flop
Seat 2: d7357a23 folded before Flop
Seat 5: 860d005ewon ($78)
Seat 7: 6bced8f0 folded before Flop
Seat 1: cc82043 folded before Flop (didn't bet)
Seat 4: Hero(big blind) folded before Flop
Seat 6: 6d4c77f7 folded before Flop (didn't bet)



