Poker Hand #ring_857226001: NLH No Limit ($1/$2) - 2025/05/04 03:53:19
Table 'MR NLH 1/2' 7-max Seat #5 is the button
Seat 5: bd056fae ($185.94 in chips)
Seat 1: b5600095 ($746.26 in chips)
Seat 3: 3baf2c87 ($503.46 in chips)
Seat 2: Hero ($223.31 in chips)
Seat 4: eb0cdd99 ($350.71 in chips)
Seat 6: 16175dbf ($407.46 in chips)
16175dbf: posts small blind $1
b5600095: posts big blind $2
*** HOLE CARDS ***
Dealt to bd056fae 
Dealt to b5600095 
Dealt to 3baf2c87 
Dealt to Hero [Jc Qc]
Dealt to eb0cdd99 
Dealt to 16175dbf 
Hero: raises $4 to $6
3baf2c87: folds
eb0cdd99: calls $6
bd056fae: folds
16175dbf: folds
b5600095: calls $4
*** FLOP *** [5d Qd Ac]
b5600095: checks
Hero: bets $9.5
eb0cdd99: calls $9.5
b5600095: folds
*** TURN *** [5d Qd Ac] [Kh]
Hero: checks
eb0cdd99: checks
*** RIVER *** [5d Qd Ac Kh] [Td]
Hero: bets $19
eb0cdd99: folds
Uncalled bet ($19) returned to Hero
*** SHOWDOWN ***
Hero collected $38 from pot
*** SUMMARY ***
Total pot $38
Board [5d Qd Ac Kh Td]
Seat 5: bd056fae folded before Flop (didn't bet)
Seat 1: b5600095(big blind) folded on the Flop
Seat 3: 3baf2c87 folded before Flop (didn't bet)
Seat 2: Herowon ($38) with Aces-High Straight
Seat 4: eb0cdd99 folded on the River
Seat 6: 16175dbf(small blind) folded before Flop



Poker Hand #ring_857225500: NLH No Limit ($1/$2) - 2025/05/04 03:52:55
Table 'MR NLH 1/2' 7-max Seat #4 is the button
Seat 5: bd056fae ($186.94 in chips)
Seat 1: b5600095 ($746.26 in chips)
Seat 3: 3baf2c87 ($500.46 in chips)
Seat 2: Hero ($223.31 in chips)
Seat 4: eb0cdd99 ($350.71 in chips)
Seat 6: 16175dbf ($409.46 in chips)
bd056fae: posts small blind $1
16175dbf: posts big blind $2
*** HOLE CARDS ***
Dealt to bd056fae 
Dealt to b5600095 
Dealt to 3baf2c87 
Dealt to Hero [Js Qd]
Dealt to eb0cdd99 
Dealt to 16175dbf 
b5600095: folds
Hero: folds
3baf2c87: raises $4 to $6
eb0cdd99: folds
bd056fae: folds
16175dbf: folds
Uncalled bet ($4) returned to 3baf2c87
*** SHOWDOWN ***
3baf2c87 collected $5 from pot
*** SUMMARY ***
Total pot $5
Seat 5: bd056fae(small blind) folded before Flop
Seat 1: b5600095 folded before Flop (didn't bet)
Seat 3: 3baf2c87won ($5)
Seat 2: Hero folded before Flop (didn't bet)
Seat 4: eb0cdd99 folded before Flop (didn't bet)
Seat 6: 16175dbf(big blind) folded before Flop



Poker Hand #ring_857224077: NLH No Limit ($1/$2) - 2025/05/04 03:51:46
Table 'MR NLH 1/2' 7-max Seat #3 is the button
Seat 5: bd056fae ($188.94 in chips)
Seat 1: b5600095 ($746.26 in chips)
Seat 3: 3baf2c87 ($451.19 in chips)
Seat 2: Hero ($228.31 in chips)
Seat 4: eb0cdd99 ($398.05 in chips)
Seat 6: 16175dbf ($409.46 in chips)
eb0cdd99: posts small blind $1
bd056fae: posts big blind $2
*** HOLE CARDS ***
Dealt to bd056fae 
Dealt to b5600095 
Dealt to 3baf2c87 
Dealt to Hero [Qs Jd]
Dealt to eb0cdd99 
Dealt to 16175dbf 
16175dbf: folds
b5600095: folds
Hero: raises $3 to $5
3baf2c87: raises $12 to $17
eb0cdd99: calls $16
bd056fae: folds
Hero: folds
*** FLOP *** [2h Tc 5h]
eb0cdd99: checks
3baf2c87: bets $30.34
eb0cdd99: calls $30.34
*** TURN *** [2h Tc 5h] [Qd]
eb0cdd99: checks
3baf2c87: checks
*** RIVER *** [2h Tc 5h Qd] [2d]
eb0cdd99: checks
3baf2c87: bets $54.91
eb0cdd99: folds
Uncalled bet ($54.91) returned to 3baf2c87
*** SHOWDOWN ***
3baf2c87 collected $101.68 from pot
*** SUMMARY ***
Total pot $101.68
Board [2h Tc 5h Qd 2d]
Seat 5: bd056fae(big blind) folded before Flop
Seat 1: b5600095 folded before Flop (didn't bet)
Seat 3: 3baf2c87won ($101.68) with Pair of Tens and Pair of Twos
Seat 2: Hero folded before Flop
Seat 4: eb0cdd99(small blind) folded on the River
Seat 6: 16175dbf folded before Flop (didn't bet)



Poker Hand #ring_857223539: NLH No Limit ($1/$2) - 2025/05/04 03:51:19
Table 'MR NLH 1/2' 7-max Seat #2 is the button
Seat 5: bd056fae ($188.94 in chips)
Seat 1: b5600095 ($746.26 in chips)
Seat 3: 3baf2c87 ($452.19 in chips)
Seat 2: Hero ($228.31 in chips)
Seat 4: eb0cdd99 ($400.05 in chips)
Seat 6: 16175dbf ($406.46 in chips)
3baf2c87: posts small blind $1
eb0cdd99: posts big blind $2
*** HOLE CARDS ***
Dealt to bd056fae 
Dealt to b5600095 
Dealt to 3baf2c87 
Dealt to Hero [8c 4c]
Dealt to eb0cdd99 
Dealt to 16175dbf 
bd056fae: folds
16175dbf: raises $3 to $5
b5600095: folds
Hero: folds
3baf2c87: folds
eb0cdd99: folds
Uncalled bet ($3) returned to 16175dbf
*** SHOWDOWN ***
16175dbf collected $5 from pot
*** SUMMARY ***
Total pot $5
Seat 5: bd056fae folded before Flop (didn't bet)
Seat 1: b5600095 folded before Flop (didn't bet)
Seat 3: 3baf2c87(small blind) folded before Flop
Seat 2: Hero folded before Flop (didn't bet)
Seat 4: eb0cdd99(big blind) folded before Flop
Seat 6: 16175dbfwon ($5)



Poker Hand #ring_857222921: NLH No Limit ($1/$2) - 2025/05/04 03:50:50
Table 'MR NLH 1/2' 7-max Seat #1 is the button
Seat 5: bd056fae ($188.94 in chips)
Seat 1: b5600095 ($728.06 in chips)
Seat 3: 3baf2c87 ($454.19 in chips)
Seat 2: Hero ($237.31 in chips)
Seat 4: eb0cdd99 ($409.05 in chips)
Seat 6: 16175dbf ($406.46 in chips)
Hero: posts small blind $1
3baf2c87: posts big blind $2
*** HOLE CARDS ***
Dealt to bd056fae 
Dealt to b5600095 
Dealt to 3baf2c87 
Dealt to Hero [Ah Th]
Dealt to eb0cdd99 
Dealt to 16175dbf 
eb0cdd99: calls $2
bd056fae: folds
16175dbf: folds
b5600095: raises $7 to $9
Hero: calls $8
3baf2c87: folds
eb0cdd99: calls $7
*** FLOP *** [7s 9s Ks]
Hero: checks
eb0cdd99: checks
b5600095: bets $21.75
Hero: folds
eb0cdd99: folds
Uncalled bet ($21.75) returned to b5600095
*** SHOWDOWN ***
b5600095 collected $29 from pot
*** SUMMARY ***
Total pot $29
Board [7s 9s Ks]
Seat 5: bd056fae folded before Flop (didn't bet)
Seat 1: b5600095won ($29) with Pair of Kings
Seat 3: 3baf2c87(big blind) folded before Flop
Seat 2: Hero(small blind) folded on the Flop
Seat 4: eb0cdd99 folded on the Flop
Seat 6: 16175dbf folded before Flop (didn't bet)



Poker Hand #ring_857221542: NLH No Limit ($1/$2) - 2025/05/04 03:49:43
Table 'MR NLH 1/2' 7-max Seat #6 is the button
Seat 5: bd056fae ($188.94 in chips)
Seat 1: b5600095 ($694.43 in chips)
Seat 3: 3baf2c87 ($454.19 in chips)
Seat 2: Hero ($274.81 in chips)
Seat 4: eb0cdd99 ($409.05 in chips)
Seat 6: 16175dbf ($406.46 in chips)
b5600095: posts small blind $1
Hero: posts big blind $2
*** HOLE CARDS ***
Dealt to bd056fae 
Dealt to b5600095 
Dealt to 3baf2c87 
Dealt to Hero [Kh 5h]
Dealt to eb0cdd99 
Dealt to 16175dbf 
3baf2c87: folds
eb0cdd99: folds
bd056fae: folds
16175dbf: folds
b5600095: raises $4 to $6
Hero: calls $4
*** FLOP *** [2d Qc 5s]
b5600095: checks
Hero: checks
*** TURN *** [2d Qc 5s] [Qh]
b5600095: bets $9
Hero: calls $9
*** RIVER *** [2d Qc 5s Qh] [Tc]
b5600095: bets $22.5
Hero: calls $22.5
b5600095: shows [Ts Qs]
Hero: shows [Kh 5h]
*** SHOWDOWN ***
b5600095 collected $75 from pot
*** SUMMARY ***
Total pot $75
Board [2d Qc 5s Qh Tc]
Seat 5: bd056fae folded before Flop (didn't bet)
Seat 1: b5600095(small blind) showed [Ts Qs] and won ($75) with Queens Full over Tens
Seat 3: 3baf2c87 folded before Flop (didn't bet)
Seat 2: Hero(big blind) showed [Kh 5h] and lost with Pair of Queens and Pair of Fives
Seat 4: eb0cdd99 folded before Flop (didn't bet)
Seat 6: 16175dbf folded before Flop (didn't bet)



Poker Hand #ring_857220523: NLH No Limit ($1/$2) - 2025/05/04 03:48:55
Table 'MR NLH 1/2' 7-max Seat #5 is the button
Seat 5: bd056fae ($188.94 in chips)
Seat 1: b5600095 ($732.93 in chips)
Seat 3: 3baf2c87 ($454.19 in chips)
Seat 2: Hero ($274.81 in chips)
Seat 4: eb0cdd99 ($373.56 in chips)
Seat 6: 16175dbf ($407.46 in chips)
16175dbf: posts small blind $1
b5600095: posts big blind $2
*** HOLE CARDS ***
Dealt to bd056fae 
Dealt to b5600095 
Dealt to 3baf2c87 
Dealt to Hero [8c 3h]
Dealt to eb0cdd99 
Dealt to 16175dbf 
Hero: folds
3baf2c87: folds
eb0cdd99: raises $4 to $6
bd056fae: folds
16175dbf: folds
b5600095: raises $13 to $19
eb0cdd99: calls $13
*** FLOP *** [Kh Ad 2s]
b5600095: bets $19.5
eb0cdd99: calls $19.5
*** TURN *** [Kh Ad 2s] [5h]
b5600095: checks
eb0cdd99: bets $58.5
b5600095: folds
Uncalled bet ($58.5) returned to eb0cdd99
*** SHOWDOWN ***
eb0cdd99 collected $78 from pot
*** SUMMARY ***
Total pot $78
Board [Kh Ad 2s 5h]
Seat 5: bd056fae folded before Flop (didn't bet)
Seat 1: b5600095(big blind) folded on the Turn
Seat 3: 3baf2c87 folded before Flop (didn't bet)
Seat 2: Hero folded before Flop (didn't bet)
Seat 4: eb0cdd99won ($78) with Pair of Aces
Seat 6: 16175dbf(small blind) folded before Flop



Poker Hand #ring_857219383: NLH No Limit ($1/$2) - 2025/05/04 03:48:01
Table 'MR NLH 1/2' 7-max Seat #4 is the button
Seat 5: bd056fae ($189.94 in chips)
Seat 1: b5600095 ($732.93 in chips)
Seat 3: 3baf2c87 ($484.19 in chips)
Seat 2: Hero ($274.81 in chips)
Seat 4: eb0cdd99 ($379.56 in chips)
Seat 6: 16175dbf ($373.97 in chips)
bd056fae: posts small blind $1
16175dbf: posts big blind $2
*** HOLE CARDS ***
Dealt to bd056fae 
Dealt to b5600095 
Dealt to 3baf2c87 
Dealt to Hero [8c Ad]
Dealt to eb0cdd99 
Dealt to 16175dbf 
b5600095: folds
Hero: folds
3baf2c87: raises $4 to $6
eb0cdd99: calls $6
bd056fae: folds
16175dbf: raises $24 to $30
3baf2c87: calls $24
eb0cdd99: folds
*** FLOP *** [9c 4d 8s]
16175dbf: bets $43
3baf2c87: folds
Uncalled bet ($43) returned to 16175dbf
*** SHOWDOWN ***
16175dbf collected $67 from pot
*** SUMMARY ***
Total pot $67
Board [9c 4d 8s]
Seat 5: bd056fae(small blind) folded before Flop
Seat 1: b5600095 folded before Flop (didn't bet)
Seat 3: 3baf2c87 folded on the Flop
Seat 2: Hero folded before Flop (didn't bet)
Seat 4: eb0cdd99 folded before Flop
Seat 6: 16175dbf(big blind)won ($67) with Ace-High



Poker Hand #ring_857217739: NLH No Limit ($1/$2) - 2025/05/04 03:46:44
Table 'MR NLH 1/2' 7-max Seat #3 is the button
Seat 5: bd056fae ($191.94 in chips)
Seat 1: b5600095 ($815.93 in chips)
Seat 3: 3baf2c87 ($484.19 in chips)
Seat 2: Hero ($274.81 in chips)
Seat 4: eb0cdd99 ($302.62 in chips)
Seat 6: 16175dbf ($373.97 in chips)
eb0cdd99: posts small blind $1
bd056fae: posts big blind $2
*** HOLE CARDS ***
Dealt to bd056fae 
Dealt to b5600095 
Dealt to 3baf2c87 
Dealt to Hero [7h 2c]
Dealt to eb0cdd99 
Dealt to 16175dbf 
16175dbf: folds
b5600095: raises $5 to $7
Hero: folds
3baf2c87: folds
eb0cdd99: calls $6
bd056fae: folds
*** FLOP *** [9c Kd 7d]
eb0cdd99: checks
b5600095: bets $8
eb0cdd99: calls $8
*** TURN *** [9c Kd 7d] [Qh]
eb0cdd99: checks
b5600095: bets $24
eb0cdd99: calls $24
*** RIVER *** [9c Kd 7d Qh] [As]
eb0cdd99: checks
b5600095: bets $44
eb0cdd99: calls $44
b5600095: shows [5s Js]
eb0cdd99: shows [Qs Ts]
*** SHOWDOWN ***
eb0cdd99 collected $168 from pot
*** SUMMARY ***
Total pot $168
Board [9c Kd 7d Qh As]
Seat 5: bd056fae(big blind) folded before Flop
Seat 1: b5600095 showed [5s Js] and lost with Ace-High
Seat 3: 3baf2c87 folded before Flop (didn't bet)
Seat 2: Hero folded before Flop (didn't bet)
Seat 4: eb0cdd99(small blind) showed [Qs Ts] and won ($168) with Pair of Queens
Seat 6: 16175dbf folded before Flop (didn't bet)



Poker Hand #ring_857216309: NLH No Limit ($1/$2) - 2025/05/04 03:45:37
Table 'MR NLH 1/2' 7-max Seat #2 is the button
Seat 5: bd056fae ($191.94 in chips)
Seat 1: b5600095 ($779.44 in chips)
Seat 3: 3baf2c87 ($485.19 in chips)
Seat 2: Hero ($274.81 in chips)
Seat 4: eb0cdd99 ($304.62 in chips)
Seat 6: 16175dbf ($411.47 in chips)
3baf2c87: posts small blind $1
eb0cdd99: posts big blind $2
*** HOLE CARDS ***
Dealt to bd056fae 
Dealt to b5600095 
Dealt to 3baf2c87 
Dealt to Hero [Ks 7d]
Dealt to eb0cdd99 
Dealt to 16175dbf 
bd056fae: folds
16175dbf: raises $3 to $5
b5600095: raises $13 to $18
Hero: folds
3baf2c87: folds
eb0cdd99: folds
16175dbf: calls $13
*** FLOP *** [Kh 2h 5h]
16175dbf: checks
b5600095: bets $19.5
16175dbf: calls $19.5
*** TURN *** [Kh 2h 5h] [2c]
16175dbf: checks
b5600095: checks
*** RIVER *** [Kh 2h 5h 2c] [5d]
16175dbf: checks
b5600095: checks
b5600095: shows [Qs Qh]
16175dbf: shows [7h 7c]
*** SHOWDOWN ***
b5600095 collected $78 from pot
*** SUMMARY ***
Total pot $78
Board [Kh 2h 5h 2c 5d]
Seat 5: bd056fae folded before Flop (didn't bet)
Seat 1: b5600095 showed [Qs Qh] and won ($78) with Pair of Queens and Pair of Fives
Seat 3: 3baf2c87(small blind) folded before Flop
Seat 2: Hero folded before Flop (didn't bet)
Seat 4: eb0cdd99(big blind) folded before Flop
Seat 6: 16175dbf showed [7h 7c] and lost with Pair of Sevens and Pair of Fives



Poker Hand #ring_857215818: NLH No Limit ($1/$2) - 2025/05/04 03:45:13
Table 'MR NLH 1/2' 7-max Seat #1 is the button
Seat 5: bd056fae ($191.94 in chips)
Seat 1: b5600095 ($779.44 in chips)
Seat 3: 3baf2c87 ($487.19 in chips)
Seat 2: Hero ($275.81 in chips)
Seat 4: eb0cdd99 ($304.62 in chips)
Seat 6: 16175dbf ($408.47 in chips)
Hero: posts small blind $1
3baf2c87: posts big blind $2
*** HOLE CARDS ***
Dealt to bd056fae 
Dealt to b5600095 
Dealt to 3baf2c87 
Dealt to Hero [5c 4s]
Dealt to eb0cdd99 
Dealt to 16175dbf 
eb0cdd99: folds
bd056fae: folds
16175dbf: raises $3 to $5
b5600095: folds
Hero: folds
3baf2c87: folds
Uncalled bet ($3) returned to 16175dbf
*** SHOWDOWN ***
16175dbf collected $5 from pot
*** SUMMARY ***
Total pot $5
Seat 5: bd056fae folded before Flop (didn't bet)
Seat 1: b5600095 folded before Flop (didn't bet)
Seat 3: 3baf2c87(big blind) folded before Flop
Seat 2: Hero(small blind) folded before Flop
Seat 4: eb0cdd99 folded before Flop (didn't bet)
Seat 6: 16175dbfwon ($5)



Poker Hand #ring_857215095: NLH No Limit ($1/$2) - 2025/05/04 03:44:39
Table 'MR NLH 1/2' 7-max Seat #6 is the button
Seat 5: bd056fae ($191.94 in chips)
Seat 1: b5600095 ($780.44 in chips)
Seat 3: 3baf2c87 ($480.77 in chips)
Seat 2: Hero ($281.81 in chips)
Seat 4: eb0cdd99 ($304.62 in chips)
Seat 6: 16175dbf ($408.47 in chips)
b5600095: posts small blind $1
Hero: posts big blind $2
*** HOLE CARDS ***
Dealt to bd056fae 
Dealt to b5600095 
Dealt to 3baf2c87 
Dealt to Hero [Th 9s]
Dealt to eb0cdd99 
Dealt to 16175dbf 
3baf2c87: raises $4 to $6
eb0cdd99: folds
bd056fae: folds
16175dbf: folds
b5600095: folds
Hero: calls $4
*** FLOP *** [2h 4d As]
Hero: checks
3baf2c87: bets $4.42
Hero: folds
Uncalled bet ($4.42) returned to 3baf2c87
*** SHOWDOWN ***
3baf2c87 collected $13 from pot
*** SUMMARY ***
Total pot $13
Board [2h 4d As]
Seat 5: bd056fae folded before Flop (didn't bet)
Seat 1: b5600095(small blind) folded before Flop
Seat 3: 3baf2c87won ($13) with Ace-High
Seat 2: Hero(big blind) folded on the Flop
Seat 4: eb0cdd99 folded before Flop (didn't bet)
Seat 6: 16175dbf folded before Flop (didn't bet)



Poker Hand #ring_857214247: NLH No Limit ($1/$2) - 2025/05/04 03:43:59
Table 'MR NLH 1/2' 7-max Seat #5 is the button
Seat 5: bd056fae ($191.94 in chips)
Seat 1: b5600095 ($761.1 in chips)
Seat 3: 3baf2c87 ($480.77 in chips)
Seat 2: Hero ($281.81 in chips)
Seat 4: eb0cdd99 ($325.37 in chips)
Seat 6: 16175dbf ($409.47 in chips)
16175dbf: posts small blind $1
b5600095: posts big blind $2
*** HOLE CARDS ***
Dealt to bd056fae 
Dealt to b5600095 
Dealt to 3baf2c87 
Dealt to Hero [Kc 8s]
Dealt to eb0cdd99 
Dealt to 16175dbf 
Hero: folds
3baf2c87: folds
eb0cdd99: raises $6 to $8
bd056fae: folds
16175dbf: folds
b5600095: calls $6
*** FLOP *** [3s 6d Jc]
b5600095: checks
eb0cdd99: checks
*** TURN *** [3s 6d Jc] [8d]
b5600095: bets $12.75
eb0cdd99: calls $12.75
*** RIVER *** [3s 6d Jc 8d] [Js]
b5600095: bets $31.88
eb0cdd99: folds
Uncalled bet ($31.88) returned to b5600095
*** SHOWDOWN ***
b5600095 collected $42.5 from pot
*** SUMMARY ***
Total pot $42.5
Board [3s 6d Jc 8d Js]
Seat 5: bd056fae folded before Flop (didn't bet)
Seat 1: b5600095(big blind)won ($42.5) with Three Jacks
Seat 3: 3baf2c87 folded before Flop (didn't bet)
Seat 2: Hero folded before Flop (didn't bet)
Seat 4: eb0cdd99 folded on the River
Seat 6: 16175dbf(small blind) folded before Flop



Poker Hand #ring_857213024: NLH No Limit ($1/$2) - 2025/05/04 03:43:03
Table 'MR NLH 1/2' 7-max Seat #4 is the button
Seat 5: bd056fae ($192.94 in chips)
Seat 1: b5600095 ($778.1 in chips)
Seat 3: 3baf2c87 ($462.93 in chips)
Seat 2: Hero ($281.81 in chips)
Seat 4: eb0cdd99 ($325.37 in chips)
Seat 6: 16175dbf ($411.47 in chips)
bd056fae: posts small blind $1
16175dbf: posts big blind $2
*** HOLE CARDS ***
Dealt to bd056fae 
Dealt to b5600095 
Dealt to 3baf2c87 
Dealt to Hero [4d 7s]
Dealt to eb0cdd99 
Dealt to 16175dbf 
b5600095: raises $3 to $5
Hero: folds
3baf2c87: raises $12 to $17
eb0cdd99: folds
bd056fae: folds
16175dbf: folds
b5600095: calls $12
*** FLOP *** [6s Td 9d]
b5600095: checks
3baf2c87: checks
*** TURN *** [6s Td 9d] [5c]
b5600095: checks
3baf2c87: checks
*** RIVER *** [6s Td 9d 5c] [8d]
b5600095: checks
3baf2c87: checks
b5600095: shows [Kd Qs]
3baf2c87: shows [9c Kc]
*** SHOWDOWN ***
3baf2c87 collected $37 from pot
*** SUMMARY ***
Total pot $37
Board [6s Td 9d 5c 8d]
Seat 5: bd056fae(small blind) folded before Flop
Seat 1: b5600095 showed [Kd Qs] and lost with King-High
Seat 3: 3baf2c87 showed [9c Kc] and won ($37) with Pair of Nines
Seat 2: Hero folded before Flop (didn't bet)
Seat 4: eb0cdd99 folded before Flop (didn't bet)
Seat 6: 16175dbf(big blind) folded before Flop



Poker Hand #ring_857212183: NLH No Limit ($1/$2) - 2025/05/04 03:42:23
Table 'MR NLH 1/2' 7-max Seat #3 is the button
Seat 5: bd056fae ($194.94 in chips)
Seat 1: b5600095 ($778.1 in chips)
Seat 3: 3baf2c87 ($456.47 in chips)
Seat 2: Hero ($281.81 in chips)
Seat 4: eb0cdd99 ($330.37 in chips)
Seat 6: 16175dbf ($411.47 in chips)
eb0cdd99: posts small blind $1
bd056fae: posts big blind $2
*** HOLE CARDS ***
Dealt to bd056fae 
Dealt to b5600095 
Dealt to 3baf2c87 
Dealt to Hero [5s 2s]
Dealt to eb0cdd99 
Dealt to 16175dbf 
16175dbf: folds
b5600095: folds
Hero: folds
3baf2c87: raises $3 to $5
eb0cdd99: calls $4
bd056fae: folds
*** FLOP *** [As 5d 8h]
eb0cdd99: checks
3baf2c87: bets $4.08
eb0cdd99: folds
Uncalled bet ($4.08) returned to 3baf2c87
*** SHOWDOWN ***
3baf2c87 collected $12 from pot
*** SUMMARY ***
Total pot $12
Board [As 5d 8h]
Seat 5: bd056fae(big blind) folded before Flop
Seat 1: b5600095 folded before Flop (didn't bet)
Seat 3: 3baf2c87won ($12) with Ace-High
Seat 2: Hero folded before Flop (didn't bet)
Seat 4: eb0cdd99(small blind) folded on the Flop
Seat 6: 16175dbf folded before Flop (didn't bet)



Poker Hand #ring_857210058: NLH No Limit ($1/$2) - 2025/05/04 03:40:41
Table 'MR NLH 1/2' 7-max Seat #2 is the button
Seat 5: bd056fae ($333.12 in chips)
Seat 1: b5600095 ($632.08 in chips)
Seat 3: 3baf2c87 ($457.47 in chips)
Seat 2: Hero ($298.56 in chips)
Seat 4: eb0cdd99 ($334.37 in chips)
Seat 6: 16175dbf ($411.47 in chips)
3baf2c87: posts small blind $1
eb0cdd99: posts big blind $2
*** HOLE CARDS ***
Dealt to bd056fae 
Dealt to b5600095 
Dealt to 3baf2c87 
Dealt to Hero [Ah 3s]
Dealt to eb0cdd99 
Dealt to 16175dbf 
bd056fae: raises $2 to $4
16175dbf: folds
b5600095: calls $4
Hero: calls $4
3baf2c87: folds
eb0cdd99: calls $2
*** FLOP *** [Qh Tc As]
eb0cdd99: checks
bd056fae: checks
b5600095: bets $12.75
Hero: calls $12.75
eb0cdd99: folds
bd056fae: raises $41.43 to $54.18
b5600095: calls $41.43
Hero: folds
*** TURN *** [Qh Tc As] [Td]
bd056fae: bets $80
b5600095: calls $80
*** RIVER *** [Qh Tc As Td] [3c]
bd056fae: checks
b5600095: bets $223.59
bd056fae: folds
Uncalled bet ($223.59) returned to b5600095
*** SHOWDOWN ***
b5600095 collected $298.11 from pot
*** SUMMARY ***
Total pot $298.11
Board [Qh Tc As Td 3c]
Seat 5: bd056fae folded on the River
Seat 1: b5600095won ($298.11) with Queens Full over Tens
Seat 3: 3baf2c87(small blind) folded before Flop
Seat 2: Hero folded on the Flop
Seat 4: eb0cdd99(big blind) folded on the Flop
Seat 6: 16175dbf folded before Flop (didn't bet)



Poker Hand #ring_857209218: NLH No Limit ($1/$2) - 2025/05/04 03:40:01
Table 'MR NLH 1/2' 7-max Seat #1 is the button
Seat 5: bd056fae ($333.12 in chips)
Seat 1: b5600095 ($632.08 in chips)
Seat 3: 3baf2c87 ($461.47 in chips)
Seat 2: Hero ($294.92 in chips)
Seat 4: eb0cdd99 ($334.37 in chips)
Seat 6: 16175dbf ($411.47 in chips)
Hero: posts small blind $1
3baf2c87: posts big blind $2
*** HOLE CARDS ***
Dealt to bd056fae 
Dealt to b5600095 
Dealt to 3baf2c87 
Dealt to Hero [3c Ks]
Dealt to eb0cdd99 
Dealt to 16175dbf 
eb0cdd99: folds
bd056fae: folds
16175dbf: folds
b5600095: folds
Hero: calls $1
3baf2c87: checks
*** FLOP *** [6s Js Td]
Hero: bets $2
3baf2c87: calls $2
*** TURN *** [6s Js Td] [Kd]
Hero: checks
3baf2c87: checks
*** RIVER *** [6s Js Td Kd] [3h]
Hero: checks
3baf2c87: checks
Hero: shows [3c Ks]
3baf2c87: shows [6d 5s]
*** SHOWDOWN ***
Hero collected $8 from pot
*** SUMMARY ***
Total pot $8
Board [6s Js Td Kd 3h]
Seat 5: bd056fae folded before Flop (didn't bet)
Seat 1: b5600095 folded before Flop (didn't bet)
Seat 3: 3baf2c87(big blind) showed [6d 5s] and lost with Pair of Sixes
Seat 2: Hero(small blind) showed [3c Ks] and won ($8) with Pair of Kings and Pair of Treys
Seat 4: eb0cdd99 folded before Flop (didn't bet)
Seat 6: 16175dbf folded before Flop (didn't bet)



Poker Hand #ring_857208309: NLH No Limit ($1/$2) - 2025/05/04 03:39:18
Table 'MR NLH 1/2' 7-max Seat #6 is the button
Seat 5: bd056fae ($333.12 in chips)
Seat 1: b5600095 ($633.08 in chips)
Seat 3: 3baf2c87 ($461.47 in chips)
Seat 2: Hero ($296.92 in chips)
Seat 4: eb0cdd99 ($344.37 in chips)
Seat 6: 16175dbf ($400 in chips)
b5600095: posts small blind $1
Hero: posts big blind $2
*** HOLE CARDS ***
Dealt to bd056fae 
Dealt to b5600095 
Dealt to 3baf2c87 
Dealt to Hero [Qs 7h]
Dealt to eb0cdd99 
Dealt to 16175dbf 
3baf2c87: folds
eb0cdd99: calls $2
bd056fae: folds
16175dbf: raises $8 to $10
b5600095: folds
Hero: folds
eb0cdd99: calls $8
*** FLOP *** [Jh Ah 8d]
eb0cdd99: checks
16175dbf: bets $17.25
eb0cdd99: folds
Uncalled bet ($17.25) returned to 16175dbf
*** SHOWDOWN ***
16175dbf collected $23 from pot
*** SUMMARY ***
Total pot $23
Board [Jh Ah 8d]
Seat 5: bd056fae folded before Flop (didn't bet)
Seat 1: b5600095(small blind) folded before Flop
Seat 3: 3baf2c87 folded before Flop (didn't bet)
Seat 2: Hero(big blind) folded before Flop
Seat 4: eb0cdd99 folded on the Flop
Seat 6: 16175dbfwon ($23) with Pair of Aces



Poker Hand #ring_857207235: NLH No Limit ($1/$2) - 2025/05/04 03:38:27
Table 'MR NLH 1/2' 7-max Seat #5 is the button
Seat 5: bd056fae ($333.12 in chips)
Seat 1: b5600095 ($597.59 in chips)
Seat 3: 3baf2c87 ($461.47 in chips)
Seat 2: Hero ($296.92 in chips)
Seat 4: eb0cdd99 ($382.87 in chips)
Seat 6: 16175dbf ($369 in chips)
16175dbf: posts small blind $1
b5600095: posts big blind $2
*** HOLE CARDS ***
Dealt to bd056fae 
Dealt to b5600095 
Dealt to 3baf2c87 
Dealt to Hero [6h 9c]
Dealt to eb0cdd99 
Dealt to 16175dbf 
Hero: folds
3baf2c87: folds
eb0cdd99: raises $4 to $6
bd056fae: folds
16175dbf: folds
b5600095: raises $13 to $19
eb0cdd99: calls $13
*** FLOP *** [Qs 2c 5c]
b5600095: checks
eb0cdd99: checks
*** TURN *** [Qs 2c 5c] [5s]
b5600095: checks
eb0cdd99: bets $19.5
b5600095: calls $19.5
*** RIVER *** [Qs 2c 5c 5s] [8h]
b5600095: checks
eb0cdd99: checks
b5600095: shows [Qh Qc]
eb0cdd99: shows [Tc Ad]
*** SHOWDOWN ***
b5600095 collected $78 from pot
*** SUMMARY ***
Total pot $78
Board [Qs 2c 5c 5s 8h]
Seat 5: bd056fae folded before Flop (didn't bet)
Seat 1: b5600095(big blind) showed [Qh Qc] and won ($78) with Queens Full over Fives
Seat 3: 3baf2c87 folded before Flop (didn't bet)
Seat 2: Hero folded before Flop (didn't bet)
Seat 4: eb0cdd99 showed [Tc Ad] and lost with Pair of Fives
Seat 6: 16175dbf(small blind) folded before Flop



Poker Hand #ring_857206636: NLH No Limit ($1/$2) - 2025/05/04 03:37:59
Table 'MR NLH 1/2' 7-max Seat #4 is the button
Seat 5: bd056fae ($334.12 in chips)
Seat 1: b5600095 ($597.59 in chips)
Seat 3: 3baf2c87 ($458.47 in chips)
Seat 2: Hero ($296.92 in chips)
Seat 4: eb0cdd99 ($382.87 in chips)
Seat 6: 16175dbf ($371 in chips)
bd056fae: posts small blind $1
16175dbf: posts big blind $2
*** HOLE CARDS ***
Dealt to bd056fae 
Dealt to b5600095 
Dealt to 3baf2c87 
Dealt to Hero [2c 5s]
Dealt to eb0cdd99 
Dealt to 16175dbf 
b5600095: folds
Hero: folds
3baf2c87: raises $4 to $6
eb0cdd99: folds
bd056fae: folds
16175dbf: folds
Uncalled bet ($4) returned to 3baf2c87
*** SHOWDOWN ***
3baf2c87 collected $5 from pot
*** SUMMARY ***
Total pot $5
Seat 5: bd056fae(small blind) folded before Flop
Seat 1: b5600095 folded before Flop (didn't bet)
Seat 3: 3baf2c87won ($5)
Seat 2: Hero folded before Flop (didn't bet)
Seat 4: eb0cdd99 folded before Flop (didn't bet)
Seat 6: 16175dbf(big blind) folded before Flop



Poker Hand #ring_857205620: NLH No Limit ($1/$2) - 2025/05/04 03:37:11
Table 'MR NLH 1/2' 7-max Seat #3 is the button
Seat 5: bd056fae ($336.12 in chips)
Seat 1: b5600095 ($597.59 in chips)
Seat 3: 3baf2c87 ($443.27 in chips)
Seat 2: Hero ($311.02 in chips)
Seat 4: eb0cdd99 ($383.87 in chips)
Seat 6: 16175dbf ($371 in chips)
eb0cdd99: posts small blind $1
bd056fae: posts big blind $2
*** HOLE CARDS ***
Dealt to bd056fae 
Dealt to b5600095 
Dealt to 3baf2c87 
Dealt to Hero [Jd Ad]
Dealt to eb0cdd99 
Dealt to 16175dbf 
16175dbf: folds
b5600095: folds
Hero: raises $4 to $6
3baf2c87: calls $6
eb0cdd99: folds
bd056fae: folds
*** FLOP *** [4d 8c 2h]
Hero: checks
3baf2c87: bets $8.1
Hero: calls $8.1
*** TURN *** [4d 8c 2h] [5c]
Hero: checks
3baf2c87: bets $31.2
Hero: folds
Uncalled bet ($31.2) returned to 3baf2c87
*** SHOWDOWN ***
3baf2c87 collected $31.2 from pot
*** SUMMARY ***
Total pot $31.2
Board [4d 8c 2h 5c]
Seat 5: bd056fae(big blind) folded before Flop
Seat 1: b5600095 folded before Flop (didn't bet)
Seat 3: 3baf2c87won ($31.2) with Eights-High Straight
Seat 2: Hero folded on the Turn
Seat 4: eb0cdd99(small blind) folded before Flop
Seat 6: 16175dbf folded before Flop (didn't bet)



Poker Hand #ring_857204515: NLH No Limit ($1/$2) - 2025/05/04 03:36:16
Table 'MR NLH 1/2' 7-max Seat #2 is the button
Seat 5: bd056fae ($336.12 in chips)
Seat 1: b5600095 ($597.59 in chips)
Seat 3: 3baf2c87 ($470.15 in chips)
Seat 2: Hero ($311.02 in chips)
Seat 4: eb0cdd99 ($359.9 in chips)
Seat 6: 16175dbf ($371 in chips)
3baf2c87: posts small blind $1
eb0cdd99: posts big blind $2
*** HOLE CARDS ***
Dealt to bd056fae 
Dealt to b5600095 
Dealt to 3baf2c87 
Dealt to Hero [3c 2d]
Dealt to eb0cdd99 
Dealt to 16175dbf 
bd056fae: folds
16175dbf: folds
b5600095: folds
Hero: folds
3baf2c87: raises $6 to $8
eb0cdd99: raises $8 to $16
3baf2c87: calls $8
*** FLOP *** [7d 5h Ts]
3baf2c87: checks
eb0cdd99: checks
*** TURN *** [7d 5h Ts] [Tc]
3baf2c87: bets $10.88
eb0cdd99: calls $10.88
*** RIVER *** [7d 5h Ts Tc] [Jh]
3baf2c87: checks
eb0cdd99: bets $40.32
3baf2c87: folds
Uncalled bet ($40.32) returned to eb0cdd99
*** SHOWDOWN ***
eb0cdd99 collected $53.76 from pot
*** SUMMARY ***
Total pot $53.76
Board [7d 5h Ts Tc Jh]
Seat 5: bd056fae folded before Flop (didn't bet)
Seat 1: b5600095 folded before Flop (didn't bet)
Seat 3: 3baf2c87(small blind) folded on the River
Seat 2: Hero folded before Flop (didn't bet)
Seat 4: eb0cdd99(big blind)won ($53.76) with Pair of Tens
Seat 6: 16175dbf folded before Flop (didn't bet)



Poker Hand #ring_857203881: NLH No Limit ($1/$2) - 2025/05/04 03:35:45
Table 'MR NLH 1/2' 7-max Seat #1 is the button
Seat 5: bd056fae ($336.12 in chips)
Seat 1: b5600095 ($590.26 in chips)
Seat 3: 3baf2c87 ($477.15 in chips)
Seat 2: Hero ($312.02 in chips)
Seat 4: eb0cdd99 ($359.9 in chips)
Seat 6: 16175dbf ($371 in chips)
Hero: posts small blind $1
3baf2c87: posts big blind $2
*** HOLE CARDS ***
Dealt to bd056fae 
Dealt to b5600095 
Dealt to 3baf2c87 
Dealt to Hero [Qs 5d]
Dealt to eb0cdd99 
Dealt to 16175dbf 
eb0cdd99: folds
bd056fae: folds
16175dbf: folds
b5600095: raises $5 to $7
Hero: folds
3baf2c87: calls $5
*** FLOP *** [7s 2d 7h]
3baf2c87: checks
b5600095: bets $7.5
3baf2c87: folds
Uncalled bet ($7.5) returned to b5600095
*** SHOWDOWN ***
b5600095 collected $15 from pot
*** SUMMARY ***
Total pot $15
Board [7s 2d 7h]
Seat 5: bd056fae folded before Flop (didn't bet)
Seat 1: b5600095won ($15) with Pair of Sevens
Seat 3: 3baf2c87(big blind) folded on the Flop
Seat 2: Hero(small blind) folded before Flop
Seat 4: eb0cdd99 folded before Flop (didn't bet)
Seat 6: 16175dbf folded before Flop (didn't bet)



Poker Hand #ring_857202962: NLH No Limit ($1/$2) - 2025/05/04 03:35:01
Table 'MR NLH 1/2' 7-max Seat #0 is the button
Seat 5: bd056fae ($336.12 in chips)
Seat 1: b5600095 ($611.76 in chips)
Seat 3: 3baf2c87 ($477.15 in chips)
Seat 2: Hero ($314.02 in chips)
Seat 4: eb0cdd99 ($338.92 in chips)
Seat 6: 16175dbf ($371 in chips)
b5600095: posts small blind $1
Hero: posts big blind $2
*** HOLE CARDS ***
Dealt to bd056fae 
Dealt to b5600095 
Dealt to 3baf2c87 
Dealt to Hero [As 6h]
Dealt to eb0cdd99 
Dealt to 16175dbf 
3baf2c87: folds
eb0cdd99: calls $2
bd056fae: folds
16175dbf: folds
b5600095: raises $6 to $8
Hero: folds
eb0cdd99: calls $6
*** FLOP *** [9d 3c Td]
b5600095: checks
eb0cdd99: bets $13.5
b5600095: calls $13.5
*** TURN *** [9d 3c Td] [2h]
b5600095: checks
eb0cdd99: bets $33.75
b5600095: folds
Uncalled bet ($33.75) returned to eb0cdd99
*** SHOWDOWN ***
eb0cdd99 collected $45 from pot
*** SUMMARY ***
Total pot $45
Board [9d 3c Td 2h]
Seat 5: bd056fae folded before Flop (didn't bet)
Seat 1: b5600095(small blind) folded on the Turn
Seat 3: 3baf2c87 folded before Flop (didn't bet)
Seat 2: Hero(big blind) folded before Flop
Seat 4: eb0cdd99won ($45) with Pair of Nines
Seat 6: 16175dbf folded before Flop (didn't bet)



Poker Hand #ring_857202530: NLH No Limit ($1/$2) - 2025/05/04 03:34:41
Table 'MR NLH 1/2' 7-max Seat #6 is the button
Seat 5: bd056fae ($334.12 in chips)
Seat 1: b5600095 ($613.76 in chips)
Seat 3: 3baf2c87 ($477.15 in chips)
Seat 2: Hero ($314.02 in chips)
Seat 4: eb0cdd99 ($338.92 in chips)
Seat 6: 16175dbf ($371 in chips)
b5600095: posts big blind $2
*** HOLE CARDS ***
Dealt to bd056fae 
Dealt to b5600095 
Dealt to 3baf2c87 
Dealt to Hero [Jd 2c]
Dealt to eb0cdd99 
Dealt to 16175dbf 
Hero: folds
3baf2c87: folds
eb0cdd99: folds
bd056fae: raises $2 to $4
16175dbf: folds
b5600095: folds
Uncalled bet ($2) returned to bd056fae
*** SHOWDOWN ***
bd056fae collected $4 from pot
*** SUMMARY ***
Total pot $4
Seat 5: bd056faewon ($4)
Seat 1: b5600095(big blind) folded before Flop
Seat 3: 3baf2c87 folded before Flop (didn't bet)
Seat 2: Hero folded before Flop (didn't bet)
Seat 4: eb0cdd99 folded before Flop (didn't bet)
Seat 6: 16175dbf folded before Flop (didn't bet)



Poker Hand #ring_857201810: NLH No Limit ($1/$2) - 2025/05/04 03:34:06
Table 'MR NLH 1/2' 7-max Seat #5 is the button
Seat 7: 744283c2 ($453.07 in chips)
Seat 5: bd056fae ($316.05 in chips)
Seat 1: b5600095 ($613.76 in chips)
Seat 3: 3baf2c87 ($494.4 in chips)
Seat 2: Hero ($314.02 in chips)
Seat 4: eb0cdd99 ($338.92 in chips)
Seat 6: 16175dbf ($372 in chips)
16175dbf: posts small blind $1
744283c2: posts big blind $2
*** HOLE CARDS ***
Dealt to 744283c2 
Dealt to bd056fae 
Dealt to b5600095 
Dealt to 3baf2c87 
Dealt to Hero [3d 2s]
Dealt to eb0cdd99 
Dealt to 16175dbf 
b5600095: folds
Hero: folds
3baf2c87: raises $4 to $6
eb0cdd99: folds
bd056fae: raises $11.25 to $17.25
16175dbf: folds
744283c2: folds
3baf2c87: calls $11.25
*** FLOP *** [Td 7c Ad]
3baf2c87: checks
bd056fae: bets $12.37
3baf2c87: folds
Uncalled bet ($12.37) returned to bd056fae
*** SHOWDOWN ***
bd056fae collected $37.5 from pot
*** SUMMARY ***
Total pot $37.5
Board [Td 7c Ad]
Seat 7: 744283c2(big blind) folded before Flop
Seat 5: bd056faewon ($37.5) with Ace-High
Seat 1: b5600095 folded before Flop (didn't bet)
Seat 3: 3baf2c87 folded on the Flop
Seat 2: Hero folded before Flop (didn't bet)
Seat 4: eb0cdd99 folded before Flop (didn't bet)
Seat 6: 16175dbf(small blind) folded before Flop



Poker Hand #ring_857200848: NLH No Limit ($1/$2) - 2025/05/04 03:33:19
Table 'MR NLH 1/2' 7-max Seat #4 is the button
Seat 7: 744283c2 ($453.07 in chips)
Seat 5: bd056fae ($322.05 in chips)
Seat 1: b5600095 ($613.76 in chips)
Seat 3: 3baf2c87 ($500.4 in chips)
Seat 2: Hero ($301.42 in chips)
Seat 4: eb0cdd99 ($338.92 in chips)
Seat 6: 16175dbf ($374 in chips)
bd056fae: posts small blind $1
16175dbf: posts big blind $2
*** HOLE CARDS ***
Dealt to 744283c2 
Dealt to bd056fae 
Dealt to b5600095 
Dealt to 3baf2c87 
Dealt to Hero [9h 7h]
Dealt to eb0cdd99 
Dealt to 16175dbf 
744283c2: folds
b5600095: folds
Hero: raises $4 to $6
3baf2c87: calls $6
eb0cdd99: folds
bd056fae: calls $5
16175dbf: folds
*** FLOP *** [Kc 2s 7c]
bd056fae: checks
Hero: bets $10
3baf2c87: folds
bd056fae: folds
Uncalled bet ($10) returned to Hero
*** SHOWDOWN ***
Hero collected $20 from pot
*** SUMMARY ***
Total pot $20
Board [Kc 2s 7c]
Seat 7: 744283c2 folded before Flop (didn't bet)
Seat 5: bd056fae(small blind) folded on the Flop
Seat 1: b5600095 folded before Flop (didn't bet)
Seat 3: 3baf2c87 folded on the Flop
Seat 2: Herowon ($20) with Pair of Sevens
Seat 4: eb0cdd99 folded before Flop (didn't bet)
Seat 6: 16175dbf(big blind) folded before Flop



Poker Hand #ring_857200370: NLH No Limit ($1/$2) - 2025/05/04 03:32:57
Table 'MR NLH 1/2' 7-max Seat #3 is the button
Seat 7: 744283c2 ($453.07 in chips)
Seat 5: bd056fae ($324.05 in chips)
Seat 1: b5600095 ($613.76 in chips)
Seat 3: 3baf2c87 ($497.4 in chips)
Seat 2: Hero ($301.42 in chips)
Seat 4: eb0cdd99 ($339.92 in chips)
Seat 6: 16175dbf ($374 in chips)
eb0cdd99: posts small blind $1
bd056fae: posts big blind $2
*** HOLE CARDS ***
Dealt to 744283c2 
Dealt to bd056fae 
Dealt to b5600095 
Dealt to 3baf2c87 
Dealt to Hero [Ks 7c]
Dealt to eb0cdd99 
Dealt to 16175dbf 
16175dbf: folds
744283c2: folds
b5600095: folds
Hero: folds
3baf2c87: raises $3 to $5
eb0cdd99: folds
bd056fae: folds
Uncalled bet ($3) returned to 3baf2c87
*** SHOWDOWN ***
3baf2c87 collected $5 from pot
*** SUMMARY ***
Total pot $5
Seat 7: 744283c2 folded before Flop (didn't bet)
Seat 5: bd056fae(big blind) folded before Flop
Seat 1: b5600095 folded before Flop (didn't bet)
Seat 3: 3baf2c87won ($5)
Seat 2: Hero folded before Flop (didn't bet)
Seat 4: eb0cdd99(small blind) folded before Flop
Seat 6: 16175dbf folded before Flop (didn't bet)



Poker Hand #ring_857198593: NLH No Limit ($1/$2) - 2025/05/04 03:31:34
Table 'MR NLH 1/2' 7-max Seat #2 is the button
Seat 7: 744283c2 ($487.07 in chips)
Seat 5: bd056fae ($324.05 in chips)
Seat 1: b5600095 ($568.99 in chips)
Seat 3: 3baf2c87 ($502.4 in chips)
Seat 2: Hero ($306.42 in chips)
Seat 4: eb0cdd99 ($344.92 in chips)
Seat 6: 16175dbf ($374 in chips)
3baf2c87: posts small blind $1
eb0cdd99: posts big blind $2
*** HOLE CARDS ***
Dealt to 744283c2 
Dealt to bd056fae 
Dealt to b5600095 
Dealt to 3baf2c87 
Dealt to Hero [9h 8s]
Dealt to eb0cdd99 
Dealt to 16175dbf 
bd056fae: folds
16175dbf: folds
744283c2: raises $3 to $5
b5600095: calls $5
Hero: calls $5
3baf2c87: calls $4
eb0cdd99: calls $3
*** FLOP *** [Jd 2d Td]
3baf2c87: checks
eb0cdd99: checks
744283c2: bets $12.5
b5600095: calls $12.5
Hero: folds
3baf2c87: folds
eb0cdd99: folds
*** TURN *** [Jd 2d Td] [Jc]
744283c2: bets $16.5
b5600095: raises $27.39 to $43.89
744283c2: folds
Uncalled bet ($27.39) returned to b5600095
*** SHOWDOWN ***
b5600095 collected $83 from pot
*** SUMMARY ***
Total pot $83
Board [Jd 2d Td Jc]
Seat 7: 744283c2 folded on the Turn
Seat 5: bd056fae folded before Flop (didn't bet)
Seat 1: b5600095won ($83) with Three Jacks
Seat 3: 3baf2c87(small blind) folded on the Flop
Seat 2: Hero folded on the Flop
Seat 4: eb0cdd99(big blind) folded on the Flop
Seat 6: 16175dbf folded before Flop (didn't bet)



Poker Hand #ring_857197171: NLH No Limit ($1/$2) - 2025/05/04 03:30:23
Table 'MR NLH 1/2' 7-max Seat #1 is the button
Seat 7: 744283c2 ($453.08 in chips)
Seat 5: bd056fae ($324.05 in chips)
Seat 1: b5600095 ($568.99 in chips)
Seat 3: 3baf2c87 ($504.4 in chips)
Seat 2: Hero ($342.22 in chips)
Seat 4: eb0cdd99 ($344.92 in chips)
Seat 6: 16175dbf ($374 in chips)
Hero: posts small blind $1
3baf2c87: posts big blind $2
*** HOLE CARDS ***
Dealt to 744283c2 
Dealt to bd056fae 
Dealt to b5600095 
Dealt to 3baf2c87 
Dealt to Hero [Th Js]
Dealt to eb0cdd99 
Dealt to 16175dbf 
eb0cdd99: folds
bd056fae: folds
16175dbf: folds
744283c2: raises $3 to $5
b5600095: folds
Hero: calls $4
3baf2c87: folds
*** FLOP *** [5d 5h Jh]
Hero: checks
744283c2: bets $5
Hero: calls $5
*** TURN *** [5d 5h Jh] [Qc]
Hero: checks
744283c2: bets $12
Hero: calls $12
*** RIVER *** [5d 5h Jh Qc] [9h]
Hero: bets $13.8
744283c2: calls $13.8
Hero: shows [Th Js]
744283c2: shows [Qs Kc]
*** SHOWDOWN ***
744283c2 collected $73.6 from pot
*** SUMMARY ***
Total pot $73.6
Board [5d 5h Jh Qc 9h]
Seat 7: 744283c2 showed [Qs Kc] and won ($73.6) with Pair of Queens and Pair of Fives
Seat 5: bd056fae folded before Flop (didn't bet)
Seat 1: b5600095 folded before Flop (didn't bet)
Seat 3: 3baf2c87(big blind) folded before Flop
Seat 2: Hero(small blind) showed [Th Js] and lost with Pair of Jacks and Pair of Fives
Seat 4: eb0cdd99 folded before Flop (didn't bet)
Seat 6: 16175dbf folded before Flop (didn't bet)



Poker Hand #ring_857196167: NLH No Limit ($1/$2) - 2025/05/04 03:29:39
Table 'MR NLH 1/2' 7-max Seat #7 is the button
Seat 7: 744283c2 ($453.08 in chips)
Seat 5: bd056fae ($324.05 in chips)
Seat 1: b5600095 ($569.99 in chips)
Seat 3: 3baf2c87 ($510.4 in chips)
Seat 2: Hero ($335.8 in chips)
Seat 4: eb0cdd99 ($344.92 in chips)
Seat 6: 16175dbf ($374 in chips)
b5600095: posts small blind $1
Hero: posts big blind $2
*** HOLE CARDS ***
Dealt to 744283c2 
Dealt to bd056fae 
Dealt to b5600095 
Dealt to 3baf2c87 
Dealt to Hero [9c 9d]
Dealt to eb0cdd99 
Dealt to 16175dbf 
3baf2c87: raises $4 to $6
eb0cdd99: folds
bd056fae: folds
16175dbf: folds
744283c2: folds
b5600095: folds
Hero: calls $4
*** FLOP *** [8d 3h 7c]
Hero: bets $6.5
3baf2c87: folds
Uncalled bet ($6.5) returned to Hero
*** SHOWDOWN ***
Hero collected $13 from pot
*** SUMMARY ***
Total pot $13
Board [8d 3h 7c]
Seat 7: 744283c2 folded before Flop (didn't bet)
Seat 5: bd056fae folded before Flop (didn't bet)
Seat 1: b5600095(small blind) folded before Flop
Seat 3: 3baf2c87 folded on the Flop
Seat 2: Hero(big blind)won ($13) with Pair of Nines
Seat 4: eb0cdd99 folded before Flop (didn't bet)
Seat 6: 16175dbf folded before Flop (didn't bet)



Poker Hand #ring_857195555: NLH No Limit ($1/$2) - 2025/05/04 03:29:10
Table 'MR NLH 1/2' 7-max Seat #6 is the button
Seat 7: 744283c2 ($454.08 in chips)
Seat 5: bd056fae ($324.05 in chips)
Seat 1: b5600095 ($571.99 in chips)
Seat 3: 3baf2c87 ($510.4 in chips)
Seat 2: Hero ($335.8 in chips)
Seat 4: eb0cdd99 ($341.92 in chips)
Seat 6: 16175dbf ($374 in chips)
744283c2: posts small blind $1
b5600095: posts big blind $2
*** HOLE CARDS ***
Dealt to 744283c2 
Dealt to bd056fae 
Dealt to b5600095 
Dealt to 3baf2c87 
Dealt to Hero [Tc 3c]
Dealt to eb0cdd99 
Dealt to 16175dbf 
Hero: folds
3baf2c87: folds
eb0cdd99: raises $6 to $8
bd056fae: folds
16175dbf: folds
744283c2: folds
b5600095: folds
Uncalled bet ($6) returned to eb0cdd99
*** SHOWDOWN ***
eb0cdd99 collected $5 from pot
*** SUMMARY ***
Total pot $5
Seat 7: 744283c2(small blind) folded before Flop
Seat 5: bd056fae folded before Flop (didn't bet)
Seat 1: b5600095(big blind) folded before Flop
Seat 3: 3baf2c87 folded before Flop (didn't bet)
Seat 2: Hero folded before Flop (didn't bet)
Seat 4: eb0cdd99won ($5)
Seat 6: 16175dbf folded before Flop (didn't bet)



Poker Hand #ring_857193553: NLH No Limit ($1/$2) - 2025/05/04 03:27:34
Table 'MR NLH 1/2' 7-max Seat #5 is the button
Seat 7: 744283c2 ($456.08 in chips)
Seat 5: bd056fae ($376.05 in chips)
Seat 1: b5600095 ($576.99 in chips)
Seat 3: 3baf2c87 ($510.4 in chips)
Seat 2: Hero ($335.8 in chips)
Seat 4: eb0cdd99 ($287.46 in chips)
Seat 6: 16175dbf ($375 in chips)
16175dbf: posts small blind $1
744283c2: posts big blind $2
*** HOLE CARDS ***
Dealt to 744283c2 
Dealt to bd056fae 
Dealt to b5600095 
Dealt to 3baf2c87 
Dealt to Hero [Jh 6s]
Dealt to eb0cdd99 
Dealt to 16175dbf 
b5600095: raises $3 to $5
Hero: folds
3baf2c87: folds
eb0cdd99: calls $5
bd056fae: raises $17 to $22
16175dbf: folds
744283c2: folds
b5600095: folds
eb0cdd99: calls $17
*** FLOP *** [3h Kh 9s]
eb0cdd99: checks
bd056fae: bets $30
eb0cdd99: raises $112 to $142
bd056fae: folds
Uncalled bet ($112) returned to eb0cdd99
*** SHOWDOWN ***
eb0cdd99 collected $112 from pot
*** SUMMARY ***
Total pot $112
Board [3h Kh 9s]
Seat 7: 744283c2(big blind) folded before Flop
Seat 5: bd056fae folded on the Flop
Seat 1: b5600095 folded before Flop
Seat 3: 3baf2c87 folded before Flop (didn't bet)
Seat 2: Hero folded before Flop (didn't bet)
Seat 4: eb0cdd99won ($112) with Pair of Kings
Seat 6: 16175dbf(small blind) folded before Flop



Poker Hand #ring_857193149: NLH No Limit ($1/$2) - 2025/05/04 03:27:14
Table 'MR NLH 1/2' 7-max Seat #4 is the button
Seat 7: 744283c2 ($453.08 in chips)
Seat 5: bd056fae ($377.05 in chips)
Seat 1: b5600095 ($576.99 in chips)
Seat 3: 3baf2c87 ($510.4 in chips)
Seat 2: Hero ($335.8 in chips)
Seat 4: eb0cdd99 ($287.46 in chips)
Seat 6: 16175dbf ($377 in chips)
bd056fae: posts small blind $1
16175dbf: posts big blind $2
*** HOLE CARDS ***
Dealt to 744283c2 
Dealt to bd056fae 
Dealt to b5600095 
Dealt to 3baf2c87 
Dealt to Hero [6h Qh]
Dealt to eb0cdd99 
Dealt to 16175dbf 
744283c2: raises $3 to $5
b5600095: folds
Hero: folds
3baf2c87: folds
eb0cdd99: folds
bd056fae: folds
16175dbf: folds
Uncalled bet ($3) returned to 744283c2
*** SHOWDOWN ***
744283c2 collected $5 from pot
*** SUMMARY ***
Total pot $5
Seat 7: 744283c2won ($5)
Seat 5: bd056fae(small blind) folded before Flop
Seat 1: b5600095 folded before Flop (didn't bet)
Seat 3: 3baf2c87 folded before Flop (didn't bet)
Seat 2: Hero folded before Flop (didn't bet)
Seat 4: eb0cdd99 folded before Flop (didn't bet)
Seat 6: 16175dbf(big blind) folded before Flop



Poker Hand #ring_857192201: NLH No Limit ($1/$2) - 2025/05/04 03:26:29
Table 'MR NLH 1/2' 7-max Seat #3 is the button
Seat 7: 744283c2 ($450.3 in chips)
Seat 5: bd056fae ($379.05 in chips)
Seat 1: b5600095 ($576.99 in chips)
Seat 3: 3baf2c87 ($510.4 in chips)
Seat 2: Hero ($335.8 in chips)
Seat 4: eb0cdd99 ($288.46 in chips)
Seat 6: 16175dbf ($377 in chips)
eb0cdd99: posts small blind $1
bd056fae: posts big blind $2
*** HOLE CARDS ***
Dealt to 744283c2 
Dealt to bd056fae 
Dealt to b5600095 
Dealt to 3baf2c87 
Dealt to Hero [Qh 5h]
Dealt to eb0cdd99 
Dealt to 16175dbf 
16175dbf: folds
744283c2: calls $2
b5600095: folds
Hero: folds
3baf2c87: folds
eb0cdd99: folds
bd056fae: checks
*** FLOP *** [Th 3c Ks]
bd056fae: checks
744283c2: bets $2.5
bd056fae: folds
Uncalled bet ($2.5) returned to 744283c2
*** SHOWDOWN ***
744283c2 collected $5 from pot
*** SUMMARY ***
Total pot $5
Board [Th 3c Ks]
Seat 7: 744283c2won ($5) with King-High
Seat 5: bd056fae(big blind) folded on the Flop
Seat 1: b5600095 folded before Flop (didn't bet)
Seat 3: 3baf2c87 folded before Flop (didn't bet)
Seat 2: Hero folded before Flop (didn't bet)
Seat 4: eb0cdd99(small blind) folded before Flop
Seat 6: 16175dbf folded before Flop (didn't bet)



Poker Hand #ring_857191113: NLH No Limit ($1/$2) - 2025/05/04 03:25:37
Table 'MR NLH 1/2' 7-max Seat #2 is the button
Seat 7: 744283c2 ($450.3 in chips)
Seat 5: bd056fae ($379.05 in chips)
Seat 1: b5600095 ($576.99 in chips)
Seat 3: 3baf2c87 ($543.68 in chips)
Seat 2: Hero ($335.8 in chips)
Seat 4: eb0cdd99 ($258.67 in chips)
Seat 6: 16175dbf ($377 in chips)
3baf2c87: posts small blind $1
eb0cdd99: posts big blind $2
*** HOLE CARDS ***
Dealt to 744283c2 
Dealt to bd056fae 
Dealt to b5600095 
Dealt to 3baf2c87 
Dealt to Hero [2h Qc]
Dealt to eb0cdd99 
Dealt to 16175dbf 
bd056fae: folds
16175dbf: folds
744283c2: folds
b5600095: folds
Hero: folds
3baf2c87: raises $6 to $8
eb0cdd99: calls $6
*** FLOP *** [5s 8h 7s]
3baf2c87: bets $8.64
eb0cdd99: calls $8.64
*** TURN *** [5s 8h 7s] [2s]
3baf2c87: checks
eb0cdd99: bets $16.64
3baf2c87: calls $16.64
*** RIVER *** [5s 8h 7s 2s] [2d]
3baf2c87: checks
eb0cdd99: checks
3baf2c87: shows [7d Ad]
eb0cdd99: shows [Ac 8c]
*** SHOWDOWN ***
eb0cdd99 collected $66.56 from pot
*** SUMMARY ***
Total pot $66.56
Board [5s 8h 7s 2s 2d]
Seat 7: 744283c2 folded before Flop (didn't bet)
Seat 5: bd056fae folded before Flop (didn't bet)
Seat 1: b5600095 folded before Flop (didn't bet)
Seat 3: 3baf2c87(small blind) showed [7d Ad] and lost with Pair of Sevens and Pair of Twos
Seat 2: Hero folded before Flop (didn't bet)
Seat 4: eb0cdd99(big blind) showed [Ac 8c] and won ($66.56) with Pair of Eights and Pair of Twos
Seat 6: 16175dbf folded before Flop (didn't bet)



Poker Hand #ring_857190383: NLH No Limit ($1/$2) - 2025/05/04 03:25:03
Table 'MR NLH 1/2' 7-max Seat #1 is the button
Seat 7: 744283c2 ($450.3 in chips)
Seat 5: bd056fae ($379.05 in chips)
Seat 1: b5600095 ($576.99 in chips)
Seat 3: 3baf2c87 ($535.44 in chips)
Seat 2: Hero ($336.8 in chips)
Seat 4: eb0cdd99 ($266.67 in chips)
Seat 6: 16175dbf ($377 in chips)
Hero: posts small blind $1
3baf2c87: posts big blind $2
*** HOLE CARDS ***
Dealt to 744283c2 
Dealt to bd056fae 
Dealt to b5600095 
Dealt to 3baf2c87 
Dealt to Hero [7d 2c]
Dealt to eb0cdd99 
Dealt to 16175dbf 
eb0cdd99: calls $2
bd056fae: folds
16175dbf: folds
744283c2: folds
b5600095: folds
Hero: folds
3baf2c87: raises $6 to $8
eb0cdd99: calls $6
*** FLOP *** [2d Kd Qh]
3baf2c87: bets $12.58
eb0cdd99: folds
Uncalled bet ($12.58) returned to 3baf2c87
*** SHOWDOWN ***
3baf2c87 collected $17 from pot
*** SUMMARY ***
Total pot $17
Board [2d Kd Qh]
Seat 7: 744283c2 folded before Flop (didn't bet)
Seat 5: bd056fae folded before Flop (didn't bet)
Seat 1: b5600095 folded before Flop (didn't bet)
Seat 3: 3baf2c87(big blind)won ($17) with Pair of Kings and Pair of Queens
Seat 2: Hero(small blind) folded before Flop
Seat 4: eb0cdd99 folded on the Flop
Seat 6: 16175dbf folded before Flop (didn't bet)



Poker Hand #ring_857189218: NLH No Limit ($1/$2) - 2025/05/04 03:24:08
Table 'MR NLH 1/2' 7-max Seat #7 is the button
Seat 7: 744283c2 ($450.3 in chips)
Seat 5: bd056fae ($379.05 in chips)
Seat 1: b5600095 ($577.99 in chips)
Seat 3: 3baf2c87 ($535.44 in chips)
Seat 2: Hero ($338.8 in chips)
Seat 4: eb0cdd99 ($244.28 in chips)
Seat 6: 16175dbf ($399 in chips)
b5600095: posts small blind $1
Hero: posts big blind $2
*** HOLE CARDS ***
Dealt to 744283c2 
Dealt to bd056fae 
Dealt to b5600095 
Dealt to 3baf2c87 
Dealt to Hero [2h 8s]
Dealt to eb0cdd99 
Dealt to 16175dbf 
3baf2c87: folds
eb0cdd99: calls $2
bd056fae: folds
16175dbf: raises $10 to $12
744283c2: folds
b5600095: folds
Hero: folds
eb0cdd99: calls $10
*** FLOP *** [7c Qs 9d]
eb0cdd99: checks
16175dbf: bets $10
eb0cdd99: raises $23.5 to $33.5
16175dbf: folds
Uncalled bet ($23.5) returned to eb0cdd99
*** SHOWDOWN ***
eb0cdd99 collected $47 from pot
*** SUMMARY ***
Total pot $47
Board [7c Qs 9d]
Seat 7: 744283c2 folded before Flop (didn't bet)
Seat 5: bd056fae folded before Flop (didn't bet)
Seat 1: b5600095(small blind) folded before Flop
Seat 3: 3baf2c87 folded before Flop (didn't bet)
Seat 2: Hero(big blind) folded before Flop
Seat 4: eb0cdd99won ($47) with Pair of Queens
Seat 6: 16175dbf folded on the Flop



Poker Hand #ring_857188479: NLH No Limit ($1/$2) - 2025/05/04 03:23:33
Table 'MR NLH 1/2' 7-max Seat #6 is the button
Seat 7: 744283c2 ($451.3 in chips)
Seat 5: bd056fae ($379.05 in chips)
Seat 1: b5600095 ($576.99 in chips)
Seat 3: 3baf2c87 ($535.44 in chips)
Seat 2: Hero ($338.8 in chips)
Seat 4: eb0cdd99 ($244.28 in chips)
Seat 6: 16175dbf ($399 in chips)
744283c2: posts small blind $1
b5600095: posts big blind $2
*** HOLE CARDS ***
Dealt to 744283c2 
Dealt to bd056fae 
Dealt to b5600095 
Dealt to 3baf2c87 
Dealt to Hero [9c 7s]
Dealt to eb0cdd99 
Dealt to 16175dbf 
Hero: folds
3baf2c87: folds
eb0cdd99: folds
bd056fae: folds
16175dbf: folds
744283c2: folds
*** SHOWDOWN ***
b5600095 collected $3 from pot
*** SUMMARY ***
Total pot $3
Seat 7: 744283c2(small blind) folded before Flop
Seat 5: bd056fae folded before Flop (didn't bet)
Seat 1: b5600095(big blind)won ($3)
Seat 3: 3baf2c87 folded before Flop (didn't bet)
Seat 2: Hero folded before Flop (didn't bet)
Seat 4: eb0cdd99 folded before Flop (didn't bet)
Seat 6: 16175dbf folded before Flop (didn't bet)



Poker Hand #ring_857187186: NLH No Limit ($1/$2) - 2025/05/04 03:22:34
Table 'MR NLH 1/2' 7-max Seat #5 is the button
Seat 7: 744283c2 ($453.3 in chips)
Seat 5: bd056fae ($379.05 in chips)
Seat 1: b5600095 ($593.99 in chips)
Seat 3: 3baf2c87 ($517.6 in chips)
Seat 2: Hero ($338.8 in chips)
Seat 4: eb0cdd99 ($244.28 in chips)
Seat 6: 16175dbf ($174.79 in chips)
16175dbf: posts small blind $1
744283c2: posts big blind $2
*** HOLE CARDS ***
Dealt to 744283c2 
Dealt to bd056fae 
Dealt to b5600095 
Dealt to 3baf2c87 
Dealt to Hero [5s Jc]
Dealt to eb0cdd99 
Dealt to 16175dbf 
b5600095: raises $3 to $5
Hero: folds
3baf2c87: raises $12 to $17
eb0cdd99: folds
bd056fae: folds
16175dbf: folds
744283c2: folds
b5600095: calls $12
*** FLOP *** [Jh 2h Jd]
b5600095: checks
3baf2c87: bets $19.98
b5600095: folds
Uncalled bet ($19.98) returned to 3baf2c87
*** SHOWDOWN ***
3baf2c87 collected $37 from pot
*** SUMMARY ***
Total pot $37
Board [Jh 2h Jd]
Seat 7: 744283c2(big blind) folded before Flop
Seat 5: bd056fae folded before Flop (didn't bet)
Seat 1: b5600095 folded on the Flop
Seat 3: 3baf2c87won ($37) with Pair of Jacks
Seat 2: Hero folded before Flop (didn't bet)
Seat 4: eb0cdd99 folded before Flop (didn't bet)
Seat 6: 16175dbf(small blind) folded before Flop



Poker Hand #ring_857185021: NLH No Limit ($1/$2) - 2025/05/04 03:20:51
Table 'MR NLH 1/2' 7-max Seat #4 is the button
Seat 7: 744283c2 ($453.3 in chips)
Seat 5: bd056fae ($380.05 in chips)
Seat 1: b5600095 ($593.99 in chips)
Seat 3: 3baf2c87 ($517.6 in chips)
Seat 2: Hero ($174.14 in chips)
Seat 4: eb0cdd99 ($250.28 in chips)
Seat 6: 16175dbf ($348.93 in chips)
bd056fae: posts small blind $1
16175dbf: posts big blind $2
*** HOLE CARDS ***
Dealt to 744283c2 
Dealt to bd056fae 
Dealt to b5600095 
Dealt to 3baf2c87 
Dealt to Hero [Kh Ks]
Dealt to eb0cdd99 
Dealt to 16175dbf 
744283c2: folds
b5600095: folds
Hero: raises $4 to $6
3baf2c87: folds
eb0cdd99: calls $6
bd056fae: folds
16175dbf: raises $24 to $30
Hero: raises $50 to $80
eb0cdd99: folds
16175dbf: raises $268.93 to $348.93 and is all-in
Hero: calls $94.14 and is all-in
Uncalled bet ($174.79) returned to 16175dbf
Hero: shows [Kh Ks]
16175dbf: shows [Jh Js]
*** FLOP *** [5d 9s Ts]
*** TURN *** [5d 9s Ts] [6d]
*** RIVER *** [5d 9s Ts 6d] [7d]
*** SHOWDOWN ***
Hero collected $355.28 from pot
*** SUMMARY ***
Total pot $355.28
Board [5d 9s Ts 6d 7d]
Seat 7: 744283c2 folded before Flop (didn't bet)
Seat 5: bd056fae(small blind) folded before Flop
Seat 1: b5600095 folded before Flop (didn't bet)
Seat 3: 3baf2c87 folded before Flop (didn't bet)
Seat 2: Hero showed [Kh Ks] and won ($355.28) with Pair of Kings
Seat 4: eb0cdd99 folded before Flop
Seat 6: 16175dbf(big blind) showed [Jh Js] and lost with Pair of Jacks



Poker Hand #ring_857184091: NLH No Limit ($1/$2) - 2025/05/04 03:20:08
Table 'MR NLH 1/2' 7-max Seat #3 is the button
Seat 7: 744283c2 ($453.3 in chips)
Seat 5: bd056fae ($382.05 in chips)
Seat 1: b5600095 ($593.99 in chips)
Seat 3: 3baf2c87 ($523.6 in chips)
Seat 2: Hero ($165.81 in chips)
Seat 4: eb0cdd99 ($251.28 in chips)
Seat 6: 16175dbf ($348.93 in chips)
eb0cdd99: posts small blind $1
bd056fae: posts big blind $2
*** HOLE CARDS ***
Dealt to 744283c2 
Dealt to bd056fae 
Dealt to b5600095 
Dealt to 3baf2c87 
Dealt to Hero [2c 2s]
Dealt to eb0cdd99 
Dealt to 16175dbf 
16175dbf: folds
744283c2: folds
b5600095: folds
Hero: raises $4 to $6
3baf2c87: calls $6
eb0cdd99: folds
bd056fae: folds
*** FLOP *** [2d Ac 9d]
Hero: bets $7.5
3baf2c87: folds
Uncalled bet ($7.5) returned to Hero
*** SHOWDOWN ***
Hero collected $15 from pot
*** SUMMARY ***
Total pot $15
Board [2d Ac 9d]
Seat 7: 744283c2 folded before Flop (didn't bet)
Seat 5: bd056fae(big blind) folded before Flop
Seat 1: b5600095 folded before Flop (didn't bet)
Seat 3: 3baf2c87 folded on the Flop
Seat 2: Herowon ($15) with Three Twos
Seat 4: eb0cdd99(small blind) folded before Flop
Seat 6: 16175dbf folded before Flop (didn't bet)



Poker Hand #ring_857183443: NLH No Limit ($1/$2) - 2025/05/04 03:19:38
Table 'MR NLH 1/2' 7-max Seat #2 is the button
Seat 7: 744283c2 ($453.3 in chips)
Seat 5: bd056fae ($382.05 in chips)
Seat 1: b5600095 ($593.99 in chips)
Seat 3: 3baf2c87 ($521.6 in chips)
Seat 2: Hero ($165.81 in chips)
Seat 4: eb0cdd99 ($253.28 in chips)
Seat 6: 16175dbf ($348.93 in chips)
3baf2c87: posts small blind $1
eb0cdd99: posts big blind $2
*** HOLE CARDS ***
Dealt to 744283c2 
Dealt to bd056fae 
Dealt to b5600095 
Dealt to 3baf2c87 
Dealt to Hero [2c Jc]
Dealt to eb0cdd99 
Dealt to 16175dbf 
bd056fae: folds
16175dbf: folds
744283c2: folds
b5600095: folds
Hero: folds
3baf2c87: raises $4 to $6
eb0cdd99: folds
Uncalled bet ($4) returned to 3baf2c87
*** SHOWDOWN ***
3baf2c87 collected $4 from pot
*** SUMMARY ***
Total pot $4
Seat 7: 744283c2 folded before Flop (didn't bet)
Seat 5: bd056fae folded before Flop (didn't bet)
Seat 1: b5600095 folded before Flop (didn't bet)
Seat 3: 3baf2c87(small blind)won ($4)
Seat 2: Hero folded before Flop (didn't bet)
Seat 4: eb0cdd99(big blind) folded before Flop
Seat 6: 16175dbf folded before Flop (didn't bet)



Poker Hand #ring_857182276: NLH No Limit ($1/$2) - 2025/05/04 03:18:44
Table 'MR NLH 1/2' 7-max Seat #1 is the button
Seat 7: 744283c2 ($453.3 in chips)
Seat 5: bd056fae ($388.05 in chips)
Seat 1: b5600095 ($616.99 in chips)
Seat 3: 3baf2c87 ($523.6 in chips)
Seat 2: Hero ($166.81 in chips)
Seat 4: eb0cdd99 ($221.28 in chips)
Seat 6: 16175dbf ($348.93 in chips)
Hero: posts small blind $1
3baf2c87: posts big blind $2
*** HOLE CARDS ***
Dealt to 744283c2 
Dealt to bd056fae 
Dealt to b5600095 
Dealt to 3baf2c87 
Dealt to Hero [Jh 7c]
Dealt to eb0cdd99 
Dealt to 16175dbf 
eb0cdd99: calls $2
bd056fae: raises $4 to $6
16175dbf: folds
744283c2: folds
b5600095: raises $17 to $23
Hero: folds
3baf2c87: folds
eb0cdd99: raises $198.28 to $221.28 and is all-in
bd056fae: folds
b5600095: folds
Uncalled bet ($198.28) returned to eb0cdd99
*** SHOWDOWN ***
eb0cdd99 collected $55 from pot
*** SUMMARY ***
Total pot $55
Seat 7: 744283c2 folded before Flop (didn't bet)
Seat 5: bd056fae folded before Flop
Seat 1: b5600095 folded before Flop
Seat 3: 3baf2c87(big blind) folded before Flop
Seat 2: Hero(small blind) folded before Flop
Seat 4: eb0cdd99won ($55)
Seat 6: 16175dbf folded before Flop (didn't bet)



Poker Hand #ring_857181600: NLH No Limit ($1/$2) - 2025/05/04 03:18:12
Table 'MR NLH 1/2' 7-max Seat #7 is the button
Seat 7: 744283c2 ($453.3 in chips)
Seat 5: bd056fae ($388.05 in chips)
Seat 1: b5600095 ($617.99 in chips)
Seat 3: 3baf2c87 ($523.6 in chips)
Seat 2: Hero ($168.81 in chips)
Seat 4: eb0cdd99 ($221.28 in chips)
Seat 6: 16175dbf ($345.93 in chips)
b5600095: posts small blind $1
Hero: posts big blind $2
*** HOLE CARDS ***
Dealt to 744283c2 
Dealt to bd056fae 
Dealt to b5600095 
Dealt to 3baf2c87 
Dealt to Hero [Qh 3s]
Dealt to eb0cdd99 
Dealt to 16175dbf 
3baf2c87: folds
eb0cdd99: folds
bd056fae: folds
16175dbf: raises $3 to $5
744283c2: folds
b5600095: folds
Hero: folds
Uncalled bet ($3) returned to 16175dbf
*** SHOWDOWN ***
16175dbf collected $5 from pot
*** SUMMARY ***
Total pot $5
Seat 7: 744283c2 folded before Flop (didn't bet)
Seat 5: bd056fae folded before Flop (didn't bet)
Seat 1: b5600095(small blind) folded before Flop
Seat 3: 3baf2c87 folded before Flop (didn't bet)
Seat 2: Hero(big blind) folded before Flop
Seat 4: eb0cdd99 folded before Flop (didn't bet)
Seat 6: 16175dbfwon ($5)



Poker Hand #ring_857180789: NLH No Limit ($1/$2) - 2025/05/04 03:17:35
Table 'MR NLH 1/2' 7-max Seat #6 is the button
Seat 7: 744283c2 ($454.3 in chips)
Seat 5: bd056fae ($388.05 in chips)
Seat 1: b5600095 ($623.99 in chips)
Seat 3: 3baf2c87 ($517.18 in chips)
Seat 2: Hero ($168.81 in chips)
Seat 4: eb0cdd99 ($221.28 in chips)
Seat 6: 16175dbf ($345.93 in chips)
744283c2: posts small blind $1
b5600095: posts big blind $2
*** HOLE CARDS ***
Dealt to 744283c2 
Dealt to bd056fae 
Dealt to b5600095 
Dealt to 3baf2c87 
Dealt to Hero [8c 2s]
Dealt to eb0cdd99 
Dealt to 16175dbf 
Hero: folds
3baf2c87: raises $4 to $6
eb0cdd99: folds
bd056fae: folds
16175dbf: folds
744283c2: folds
b5600095: calls $4
*** FLOP *** [8s Jh 9s]
b5600095: checks
3baf2c87: bets $7.02
b5600095: folds
Uncalled bet ($7.02) returned to 3baf2c87
*** SHOWDOWN ***
3baf2c87 collected $13 from pot
*** SUMMARY ***
Total pot $13
Board [8s Jh 9s]
Seat 7: 744283c2(small blind) folded before Flop
Seat 5: bd056fae folded before Flop (didn't bet)
Seat 1: b5600095(big blind) folded on the Flop
Seat 3: 3baf2c87won ($13) with Pair of Kings
Seat 2: Hero folded before Flop (didn't bet)
Seat 4: eb0cdd99 folded before Flop (didn't bet)
Seat 6: 16175dbf folded before Flop (didn't bet)



Poker Hand #ring_857179742: NLH No Limit ($1/$2) - 2025/05/04 03:16:46
Table 'MR NLH 1/2' 7-max Seat #5 is the button
Seat 7: 744283c2 ($456.3 in chips)
Seat 5: bd056fae ($388.05 in chips)
Seat 1: b5600095 ($645.99 in chips)
Seat 3: 3baf2c87 ($517.18 in chips)
Seat 2: Hero ($168.81 in chips)
Seat 4: eb0cdd99 ($221.28 in chips)
Seat 6: 16175dbf ($324.5 in chips)
16175dbf: posts small blind $1
744283c2: posts big blind $2
*** HOLE CARDS ***
Dealt to 744283c2 
Dealt to bd056fae 
Dealt to b5600095 
Dealt to 3baf2c87 
Dealt to Hero [6c 8h]
Dealt to eb0cdd99 
Dealt to 16175dbf 
b5600095: raises $3 to $5
Hero: folds
3baf2c87: folds
eb0cdd99: folds
bd056fae: folds
16175dbf: raises $17 to $22
744283c2: folds
b5600095: calls $17
*** FLOP *** [8c Qc 5s]
16175dbf: bets $25.3
b5600095: folds
Uncalled bet ($25.3) returned to 16175dbf
*** SHOWDOWN ***
16175dbf collected $46 from pot
*** SUMMARY ***
Total pot $46
Board [8c Qc 5s]
Seat 7: 744283c2(big blind) folded before Flop
Seat 5: bd056fae folded before Flop (didn't bet)
Seat 1: b5600095 folded on the Flop
Seat 3: 3baf2c87 folded before Flop (didn't bet)
Seat 2: Hero folded before Flop (didn't bet)
Seat 4: eb0cdd99 folded before Flop (didn't bet)
Seat 6: 16175dbf(small blind)won ($46) with King-High



Poker Hand #ring_857178679: NLH No Limit ($1/$2) - 2025/05/04 03:15:57
Table 'MR NLH 1/2' 7-max Seat #4 is the button
Seat 7: 744283c2 ($456.3 in chips)
Seat 5: bd056fae ($389.05 in chips)
Seat 1: b5600095 ($645.99 in chips)
Seat 3: 3baf2c87 ($517.18 in chips)
Seat 2: Hero ($168.81 in chips)
Seat 4: eb0cdd99 ($213.95 in chips)
Seat 6: 16175dbf ($331.5 in chips)
bd056fae: posts small blind $1
16175dbf: posts big blind $2
*** HOLE CARDS ***
Dealt to 744283c2 
Dealt to bd056fae 
Dealt to b5600095 
Dealt to 3baf2c87 
Dealt to Hero [6c 2h]
Dealt to eb0cdd99 
Dealt to 16175dbf 
744283c2: folds
b5600095: folds
Hero: folds
3baf2c87: folds
eb0cdd99: calls $2
bd056fae: folds
16175dbf: checks
*** FLOP *** [3h 9c Jh]
16175dbf: checks
eb0cdd99: bets $5
16175dbf: calls $5
*** TURN *** [3h 9c Jh] [Ad]
16175dbf: checks
eb0cdd99: bets $15
16175dbf: folds
Uncalled bet ($15) returned to eb0cdd99
*** SHOWDOWN ***
eb0cdd99 collected $15 from pot
*** SUMMARY ***
Total pot $15
Board [3h 9c Jh Ad]
Seat 7: 744283c2 folded before Flop (didn't bet)
Seat 5: bd056fae(small blind) folded before Flop
Seat 1: b5600095 folded before Flop (didn't bet)
Seat 3: 3baf2c87 folded before Flop (didn't bet)
Seat 2: Hero folded before Flop (didn't bet)
Seat 4: eb0cdd99won ($15) with Pair of Jacks
Seat 6: 16175dbf(big blind) folded on the Turn



Poker Hand #ring_857177950: NLH No Limit ($1/$2) - 2025/05/04 03:15:24
Table 'MR NLH 1/2' 7-max Seat #3 is the button
Seat 7: 744283c2 ($461.3 in chips)
Seat 5: bd056fae ($391.05 in chips)
Seat 1: b5600095 ($645.99 in chips)
Seat 3: 3baf2c87 ($509.18 in chips)
Seat 2: Hero ($168.81 in chips)
Seat 4: eb0cdd99 ($214.95 in chips)
Seat 6: 16175dbf ($331.5 in chips)
eb0cdd99: posts small blind $1
bd056fae: posts big blind $2
*** HOLE CARDS ***
Dealt to 744283c2 
Dealt to bd056fae 
Dealt to b5600095 
Dealt to 3baf2c87 
Dealt to Hero [2d 9c]
Dealt to eb0cdd99 
Dealt to 16175dbf 
16175dbf: folds
744283c2: raises $3 to $5
b5600095: folds
Hero: folds
3baf2c87: raises $12 to $17
eb0cdd99: folds
bd056fae: folds
744283c2: folds
Uncalled bet ($12) returned to 3baf2c87
*** SHOWDOWN ***
3baf2c87 collected $13 from pot
*** SUMMARY ***
Total pot $13
Seat 7: 744283c2 folded before Flop
Seat 5: bd056fae(big blind) folded before Flop
Seat 1: b5600095 folded before Flop (didn't bet)
Seat 3: 3baf2c87won ($13)
Seat 2: Hero folded before Flop (didn't bet)
Seat 4: eb0cdd99(small blind) folded before Flop
Seat 6: 16175dbf folded before Flop (didn't bet)



Poker Hand #ring_857177309: NLH No Limit ($1/$2) - 2025/05/04 03:14:55
Table 'MR NLH 1/2' 7-max Seat #2 is the button
Seat 7: 744283c2 ($461.3 in chips)
Seat 5: bd056fae ($391.05 in chips)
Seat 1: b5600095 ($645.99 in chips)
Seat 3: 3baf2c87 ($510.18 in chips)
Seat 2: Hero ($165.81 in chips)
Seat 4: eb0cdd99 ($216.95 in chips)
Seat 6: 16175dbf ($331.5 in chips)
3baf2c87: posts small blind $1
eb0cdd99: posts big blind $2
*** HOLE CARDS ***
Dealt to 744283c2 
Dealt to bd056fae 
Dealt to b5600095 
Dealt to 3baf2c87 
Dealt to Hero [Jc Ac]
Dealt to eb0cdd99 
Dealt to 16175dbf 
bd056fae: folds
16175dbf: folds
744283c2: folds
b5600095: folds
Hero: raises $4 to $6
3baf2c87: folds
eb0cdd99: folds
Uncalled bet ($4) returned to Hero
*** SHOWDOWN ***
Hero collected $5 from pot
*** SUMMARY ***
Total pot $5
Seat 7: 744283c2 folded before Flop (didn't bet)
Seat 5: bd056fae folded before Flop (didn't bet)
Seat 1: b5600095 folded before Flop (didn't bet)
Seat 3: 3baf2c87(small blind) folded before Flop
Seat 2: Herowon ($5)
Seat 4: eb0cdd99(big blind) folded before Flop
Seat 6: 16175dbf folded before Flop (didn't bet)



Poker Hand #ring_857176505: NLH No Limit ($1/$2) - 2025/05/04 03:14:17
Table 'MR NLH 1/2' 7-max Seat #1 is the button
Seat 7: 744283c2 ($461.3 in chips)
Seat 5: bd056fae ($391.05 in chips)
Seat 1: b5600095 ($645.99 in chips)
Seat 3: 3baf2c87 ($503.72 in chips)
Seat 2: Hero ($170.81 in chips)
Seat 4: eb0cdd99 ($218.95 in chips)
Seat 6: 16175dbf ($331.5 in chips)
Hero: posts small blind $1
3baf2c87: posts big blind $2
*** HOLE CARDS ***
Dealt to 744283c2 
Dealt to bd056fae 
Dealt to b5600095 
Dealt to 3baf2c87 
Dealt to Hero [Kh 6c]
Dealt to eb0cdd99 
Dealt to 16175dbf 
eb0cdd99: calls $2
bd056fae: folds
16175dbf: folds
744283c2: folds
b5600095: folds
Hero: calls $1
3baf2c87: checks
*** FLOP *** [3s 5d Jc]
Hero: bets $3
3baf2c87: raises $6.48 to $9.48
eb0cdd99: folds
Hero: folds
Uncalled bet ($6.48) returned to 3baf2c87
*** SHOWDOWN ***
3baf2c87 collected $12 from pot
*** SUMMARY ***
Total pot $12
Board [3s 5d Jc]
Seat 7: 744283c2 folded before Flop (didn't bet)
Seat 5: bd056fae folded before Flop (didn't bet)
Seat 1: b5600095 folded before Flop (didn't bet)
Seat 3: 3baf2c87(big blind)won ($12) with Pair of Fives
Seat 2: Hero(small blind) folded on the Flop
Seat 4: eb0cdd99 folded on the Flop
Seat 6: 16175dbf folded before Flop (didn't bet)



Poker Hand #ring_857175309: NLH No Limit ($1/$2) - 2025/05/04 03:13:21
Table 'MR NLH 1/2' 7-max Seat #7 is the button
Seat 7: 744283c2 ($461.3 in chips)
Seat 5: bd056fae ($428.97 in chips)
Seat 1: b5600095 ($646.99 in chips)
Seat 3: 3baf2c87 ($503.72 in chips)
Seat 2: Hero ($172.81 in chips)
Seat 4: eb0cdd99 ($182.07 in chips)
Seat 6: 16175dbf ($331.5 in chips)
b5600095: posts small blind $1
Hero: posts big blind $2
bd056fae: posts big blind $2
*** HOLE CARDS ***
Dealt to 744283c2 
Dealt to bd056fae 
Dealt to b5600095 
Dealt to 3baf2c87 
Dealt to Hero [7c As]
Dealt to eb0cdd99 
Dealt to 16175dbf 
3baf2c87: folds
eb0cdd99: calls $2
bd056fae: raises $6 to $8
16175dbf: folds
744283c2: folds
b5600095: folds
Hero: folds
eb0cdd99: calls $6
*** FLOP *** [Qh 4s 4d]
eb0cdd99: checks
bd056fae: bets $6.27
eb0cdd99: raises $23.65 to $29.92
bd056fae: calls $23.65
*** TURN *** [Qh 4s 4d] [6d]
eb0cdd99: bets $78.84
bd056fae: folds
Uncalled bet ($78.84) returned to eb0cdd99
*** SHOWDOWN ***
eb0cdd99 collected $78.84 from pot
*** SUMMARY ***
Total pot $78.84
Board [Qh 4s 4d 6d]
Seat 7: 744283c2 folded before Flop (didn't bet)
Seat 5: bd056fae folded on the Turn
Seat 1: b5600095(small blind) folded before Flop
Seat 3: 3baf2c87 folded before Flop (didn't bet)
Seat 2: Hero(big blind) folded before Flop
Seat 4: eb0cdd99won ($78.84) with Pair of Queens and Pair of Fours
Seat 6: 16175dbf folded before Flop (didn't bet)



Poker Hand #ring_857174143: NLH No Limit ($1/$2) - 2025/05/04 03:12:27
Table 'MR NLH 1/2' 7-max Seat #6 is the button
Seat 7: 744283c2 ($463.3 in chips)
Seat 1: b5600095 ($648.99 in chips)
Seat 3: 3baf2c87 ($503.72 in chips)
Seat 2: Hero ($174.81 in chips)
Seat 4: eb0cdd99 ($176.43 in chips)
Seat 6: 16175dbf ($331.5 in chips)
744283c2: posts small blind $1
b5600095: posts big blind $2
*** HOLE CARDS ***
Dealt to 744283c2 
Dealt to b5600095 
Dealt to 3baf2c87 
Dealt to Hero [4c 7c]
Dealt to eb0cdd99 
Dealt to 16175dbf 
Hero: calls $2
3baf2c87: folds
eb0cdd99: calls $2
16175dbf: folds
744283c2: calls $1
b5600095: checks
*** FLOP *** [2s Kh 9s]
744283c2: checks
b5600095: checks
Hero: checks
eb0cdd99: checks
*** TURN *** [2s Kh 9s] [3s]
744283c2: checks
b5600095: checks
Hero: checks
eb0cdd99: checks
*** RIVER *** [2s Kh 9s 3s] [5s]
744283c2: checks
b5600095: checks
Hero: checks
eb0cdd99: checks
b5600095: shows [8d 5d]
Hero: shows [4c 7c]
eb0cdd99: shows [8s Ad]
744283c2: shows [8h 9c]
*** SHOWDOWN ***
eb0cdd99 collected $8 from pot
*** SUMMARY ***
Total pot $8
Board [2s Kh 9s 3s 5s]
Seat 7: 744283c2(small blind) showed [8h 9c] and lost with Pair of Nines
Seat 1: b5600095(big blind) showed [8d 5d] and lost with Pair of Fives
Seat 3: 3baf2c87 folded before Flop (didn't bet)
Seat 2: Hero showed [4c 7c] and lost with King-High
Seat 4: eb0cdd99 showed [8s Ad] and won ($8) with Nine High Flush
Seat 6: 16175dbf folded before Flop (didn't bet)



Poker Hand #ring_857172878: NLH No Limit ($1/$2) - 2025/05/04 03:11:29
Table 'MR NLH 1/2' 7-max Seat #4 is the button
Seat 7: 744283c2 ($465.3 in chips)
Seat 1: b5600095 ($664.49 in chips)
Seat 3: 3baf2c87 ($503.72 in chips)
Seat 2: Hero ($158.34 in chips)
Seat 4: eb0cdd99 ($176.43 in chips)
Seat 6: 16175dbf ($332.5 in chips)
16175dbf: posts small blind $1
744283c2: posts big blind $2
*** HOLE CARDS ***
Dealt to 744283c2 
Dealt to b5600095 
Dealt to 3baf2c87 
Dealt to Hero [Kd Kc]
Dealt to eb0cdd99 
Dealt to 16175dbf 
b5600095: raises $5 to $7
Hero: calls $7
3baf2c87: folds
eb0cdd99: folds
16175dbf: folds
744283c2: folds
*** FLOP *** [2c Qs 4s]
b5600095: checks
Hero: bets $8.5
b5600095: calls $8.5
*** TURN *** [2c Qs 4s] [7d]
b5600095: checks
Hero: bets $27.2
b5600095: folds
Uncalled bet ($27.2) returned to Hero
*** SHOWDOWN ***
Hero collected $34 from pot
*** SUMMARY ***
Total pot $34
Board [2c Qs 4s 7d]
Seat 7: 744283c2(big blind) folded before Flop
Seat 1: b5600095 folded on the Turn
Seat 3: 3baf2c87 folded before Flop (didn't bet)
Seat 2: Herowon ($34) with Pair of Kings
Seat 4: eb0cdd99 folded before Flop (didn't bet)
Seat 6: 16175dbf(small blind) folded before Flop



Poker Hand #ring_857171284: NLH No Limit ($1/$2) - 2025/05/04 03:10:16
Table 'MR NLH 1/2' 7-max Seat #3 is the button
Seat 7: 744283c2 ($470.3 in chips)
Seat 1: b5600095 ($669.56 in chips)
Seat 3: 3baf2c87 ($503.72 in chips)
Seat 2: Hero ($158.34 in chips)
Seat 4: eb0cdd99 ($181.51 in chips)
Seat 6: 16175dbf ($334.5 in chips)
eb0cdd99: posts small blind $1
16175dbf: posts big blind $2
*** HOLE CARDS ***
Dealt to 744283c2 
Dealt to b5600095 
Dealt to 3baf2c87 
Dealt to Hero [Jd As]
Dealt to eb0cdd99 
Dealt to 16175dbf 
744283c2: raises $3 to $5
b5600095: raises $9.75 to $14.75
Hero: folds
3baf2c87: folds
eb0cdd99: calls $13.75
16175dbf: folds
744283c2: folds
*** FIRST FLOP *** [8c Kd 7d]
eb0cdd99: checks
b5600095: bets $18.25
eb0cdd99: raises $148.51 to $166.76 and is all-in
b5600095: calls $148.51
b5600095: shows [Ks 8s] (Pair of Kings and Pair of Eights)
eb0cdd99: shows [5d Qd] (King-High)
*** FIRST TURN *** [8c Kd 7d] [Js]
*** SECOND TURN *** [8c Kd 7d] [Jc]
*** FIRST RIVER *** [8c Kd 7d Js] [Ts]
*** SECOND RIVER *** [8c Kd 7d Jc] [Ad]
*** FIRST SHOWDOWN ***
b5600095 collected $185.27 from pot
*** SECOND SHOWDOWN ***
eb0cdd99 collected $184.75 from pot
*** SUMMARY ***
Total pot $370.02
Hand was run two timesFIRST Board [8c Kd 7d Js Ts]
SECOND Board [Jc Ad]
Seat 7: 744283c2 folded before Flop
Seat 1: b5600095 showed [Ks 8s] and won ($185.27) with Pair of Kings and Pair of Eights / Pair of Kings and Pair of Eights
Seat 3: 3baf2c87 folded before Flop (didn't bet)
Seat 2: Hero folded before Flop (didn't bet)
Seat 4: eb0cdd99(small blind) showed [5d Qd] and won ($184.75) with King-High / Ace High Flush
Seat 6: 16175dbf(big blind) folded before Flop



Poker Hand #ring_857170602: NLH No Limit ($1/$2) - 2025/05/04 03:09:46
Table 'MR NLH 1/2' 7-max Seat #2 is the button
Seat 7: 744283c2 ($470.3 in chips)
Seat 1: b5600095 ($669.56 in chips)
Seat 3: 3baf2c87 ($504.72 in chips)
Seat 2: Hero ($155.34 in chips)
Seat 4: eb0cdd99 ($183.51 in chips)
Seat 6: 16175dbf ($334.5 in chips)
3baf2c87: posts small blind $1
eb0cdd99: posts big blind $2
*** HOLE CARDS ***
Dealt to 744283c2 
Dealt to b5600095 
Dealt to 3baf2c87 
Dealt to Hero [Qs 9s]
Dealt to eb0cdd99 
Dealt to 16175dbf 
16175dbf: folds
744283c2: folds
b5600095: folds
Hero: raises $4 to $6
3baf2c87: folds
eb0cdd99: folds
Uncalled bet ($4) returned to Hero
*** SHOWDOWN ***
Hero collected $5 from pot
*** SUMMARY ***
Total pot $5
Seat 7: 744283c2 folded before Flop (didn't bet)
Seat 1: b5600095 folded before Flop (didn't bet)
Seat 3: 3baf2c87(small blind) folded before Flop
Seat 2: Herowon ($5)
Seat 4: eb0cdd99(big blind) folded before Flop
Seat 6: 16175dbf folded before Flop (didn't bet)



Poker Hand #ring_857169915: NLH No Limit ($1/$2) - 2025/05/04 03:09:14
Table 'MR NLH 1/2' 7-max Seat #1 is the button
Seat 7: 744283c2 ($470.3 in chips)
Seat 1: b5600095 ($669.56 in chips)
Seat 3: 3baf2c87 ($503.72 in chips)
Seat 2: Hero ($156.34 in chips)
Seat 4: eb0cdd99 ($183.51 in chips)
Seat 6: 16175dbf ($334.5 in chips)
Hero: posts small blind $1
3baf2c87: posts big blind $2
*** HOLE CARDS ***
Dealt to 744283c2 
Dealt to b5600095 
Dealt to 3baf2c87 
Dealt to Hero [6c Th]
Dealt to eb0cdd99 
Dealt to 16175dbf 
eb0cdd99: folds
16175dbf: folds
744283c2: folds
b5600095: folds
Hero: folds
*** SHOWDOWN ***
3baf2c87 collected $3 from pot
*** SUMMARY ***
Total pot $3
Seat 7: 744283c2 folded before Flop (didn't bet)
Seat 1: b5600095 folded before Flop (didn't bet)
Seat 3: 3baf2c87(big blind)won ($3)
Seat 2: Hero(small blind) folded before Flop
Seat 4: eb0cdd99 folded before Flop (didn't bet)
Seat 6: 16175dbf folded before Flop (didn't bet)



Poker Hand #ring_857169268: NLH No Limit ($1/$2) - 2025/05/04 03:08:44
Table 'MR NLH 1/2' 7-max Seat #7 is the button
Seat 7: 744283c2 ($470.3 in chips)
Seat 1: b5600095 ($670.56 in chips)
Seat 3: 3baf2c87 ($503.72 in chips)
Seat 2: Hero ($158.34 in chips)
Seat 4: eb0cdd99 ($180.51 in chips)
Seat 6: 16175dbf ($334.5 in chips)
b5600095: posts small blind $1
Hero: posts big blind $2
*** HOLE CARDS ***
Dealt to 744283c2 
Dealt to b5600095 
Dealt to 3baf2c87 
Dealt to Hero [7s 4c]
Dealt to eb0cdd99 
Dealt to 16175dbf 
3baf2c87: folds
eb0cdd99: raises $4 to $6
16175dbf: folds
744283c2: folds
b5600095: folds
Hero: folds
Uncalled bet ($4) returned to eb0cdd99
*** SHOWDOWN ***
eb0cdd99 collected $5 from pot
*** SUMMARY ***
Total pot $5
Seat 7: 744283c2 folded before Flop (didn't bet)
Seat 1: b5600095(small blind) folded before Flop
Seat 3: 3baf2c87 folded before Flop (didn't bet)
Seat 2: Hero(big blind) folded before Flop
Seat 4: eb0cdd99won ($5)
Seat 6: 16175dbf folded before Flop (didn't bet)



Poker Hand #ring_857168300: NLH No Limit ($1/$2) - 2025/05/04 03:08:01
Table 'MR NLH 1/2' 7-max Seat #6 is the button
Seat 7: 744283c2 ($471.3 in chips)
Seat 1: b5600095 ($676.56 in chips)
Seat 3: 3baf2c87 ($497.3 in chips)
Seat 2: Hero ($158.34 in chips)
Seat 4: eb0cdd99 ($180.51 in chips)
Seat 6: 16175dbf ($334.5 in chips)
744283c2: posts small blind $1
b5600095: posts big blind $2
*** HOLE CARDS ***
Dealt to 744283c2 
Dealt to b5600095 
Dealt to 3baf2c87 
Dealt to Hero [3c Jh]
Dealt to eb0cdd99 
Dealt to 16175dbf 
Hero: folds
3baf2c87: raises $4 to $6
eb0cdd99: folds
16175dbf: folds
744283c2: folds
b5600095: calls $4
*** FLOP *** [9h 2s 2h]
b5600095: checks
3baf2c87: checks
*** TURN *** [9h 2s 2h] [3h]
b5600095: checks
3baf2c87: bets $4.42
b5600095: folds
Uncalled bet ($4.42) returned to 3baf2c87
*** SHOWDOWN ***
3baf2c87 collected $13 from pot
*** SUMMARY ***
Total pot $13
Board [9h 2s 2h 3h]
Seat 7: 744283c2(small blind) folded before Flop
Seat 1: b5600095(big blind) folded on the Turn
Seat 3: 3baf2c87won ($13) with Nine High Flush
Seat 2: Hero folded before Flop (didn't bet)
Seat 4: eb0cdd99 folded before Flop (didn't bet)
Seat 6: 16175dbf folded before Flop (didn't bet)



Poker Hand #ring_857167872: NLH No Limit ($1/$2) - 2025/05/04 03:07:41
Table 'MR NLH 1/2' 7-max Seat #4 is the button
Seat 7: 744283c2 ($470.3 in chips)
Seat 1: b5600095 ($676.56 in chips)
Seat 3: 3baf2c87 ($497.3 in chips)
Seat 2: Hero ($158.34 in chips)
Seat 4: eb0cdd99 ($180.51 in chips)
Seat 6: 16175dbf ($335.5 in chips)
16175dbf: posts small blind $1
744283c2: posts big blind $2
*** HOLE CARDS ***
Dealt to 744283c2 
Dealt to b5600095 
Dealt to 3baf2c87 
Dealt to Hero [Ah 4d]
Dealt to eb0cdd99 
Dealt to 16175dbf 
b5600095: folds
Hero: folds
3baf2c87: folds
eb0cdd99: folds
16175dbf: folds
*** SHOWDOWN ***
744283c2 collected $3 from pot
*** SUMMARY ***
Total pot $3
Seat 7: 744283c2(big blind)won ($3)
Seat 1: b5600095 folded before Flop (didn't bet)
Seat 3: 3baf2c87 folded before Flop (didn't bet)
Seat 2: Hero folded before Flop (didn't bet)
Seat 4: eb0cdd99 folded before Flop (didn't bet)
Seat 6: 16175dbf(small blind) folded before Flop



Poker Hand #ring_857166640: NLH No Limit ($1/$2) - 2025/05/04 03:06:44
Table 'MR NLH 1/2' 7-max Seat #3 is the button
Seat 7: 744283c2 ($470.3 in chips)
Seat 1: b5600095 ($676.56 in chips)
Seat 3: 3baf2c87 ($507.25 in chips)
Seat 2: Hero ($158.34 in chips)
Seat 4: eb0cdd99 ($167.18 in chips)
Seat 6: 16175dbf ($340.5 in chips)
eb0cdd99: posts small blind $1
16175dbf: posts big blind $2
*** HOLE CARDS ***
Dealt to 744283c2 
Dealt to b5600095 
Dealt to 3baf2c87 
Dealt to Hero [Kh 5s]
Dealt to eb0cdd99 
Dealt to 16175dbf 
744283c2: folds
b5600095: folds
Hero: folds
3baf2c87: raises $3 to $5
eb0cdd99: calls $4
16175dbf: calls $3
*** FLOP *** [9h Jd 8s]
eb0cdd99: checks
16175dbf: checks
3baf2c87: checks
*** TURN *** [9h Jd 8s] [8c]
eb0cdd99: bets $4.95
16175dbf: folds
3baf2c87: calls $4.95
*** RIVER *** [9h Jd 8s 8c] [3c]
eb0cdd99: checks
3baf2c87: checks
3baf2c87: shows [5d Td]
eb0cdd99: shows [Qh 9d]
*** SHOWDOWN ***
eb0cdd99 collected $24.9 from pot
*** SUMMARY ***
Total pot $24.9
Board [9h Jd 8s 8c 3c]
Seat 7: 744283c2 folded before Flop (didn't bet)
Seat 1: b5600095 folded before Flop (didn't bet)
Seat 3: 3baf2c87 showed [5d Td] and lost with Pair of Eights
Seat 2: Hero folded before Flop (didn't bet)
Seat 4: eb0cdd99(small blind) showed [Qh 9d] and won ($24.9) with Pair of Nines and Pair of Eights
Seat 6: 16175dbf(big blind) folded on the Turn



Poker Hand #ring_857165746: NLH No Limit ($1/$2) - 2025/05/04 03:06:03
Table 'MR NLH 1/2' 7-max Seat #2 is the button
Seat 7: 744283c2 ($470.3 in chips)
Seat 1: b5600095 ($676.56 in chips)
Seat 3: 3baf2c87 ($495.25 in chips)
Seat 2: Hero ($163.34 in chips)
Seat 4: eb0cdd99 ($169.18 in chips)
Seat 6: 16175dbf ($345.5 in chips)
3baf2c87: posts small blind $1
eb0cdd99: posts big blind $2
*** HOLE CARDS ***
Dealt to 744283c2 
Dealt to b5600095 
Dealt to 3baf2c87 
Dealt to Hero [Kd Qc]
Dealt to eb0cdd99 
Dealt to 16175dbf 
16175dbf: raises $3 to $5
744283c2: folds
b5600095: folds
Hero: calls $5
3baf2c87: raises $23 to $28
eb0cdd99: folds
16175dbf: folds
Hero: folds
Uncalled bet ($23) returned to 3baf2c87
*** SHOWDOWN ***
3baf2c87 collected $17 from pot
*** SUMMARY ***
Total pot $17
Seat 7: 744283c2 folded before Flop (didn't bet)
Seat 1: b5600095 folded before Flop (didn't bet)
Seat 3: 3baf2c87(small blind)won ($17)
Seat 2: Hero folded before Flop
Seat 4: eb0cdd99(big blind) folded before Flop
Seat 6: 16175dbf folded before Flop



Poker Hand #ring_857164781: NLH No Limit ($1/$2) - 2025/05/04 03:05:18
Table 'MR NLH 1/2' 7-max Seat #1 is the button
Seat 7: 744283c2 ($470.3 in chips)
Seat 1: b5600095 ($688.56 in chips)
Seat 3: 3baf2c87 ($497.25 in chips)
Seat 2: Hero ($164.34 in chips)
Seat 4: eb0cdd99 ($200.68 in chips)
Seat 6: 16175dbf ($299 in chips)
Hero: posts small blind $1
3baf2c87: posts big blind $2
eb0cdd99: posts big blind $2
*** HOLE CARDS ***
Dealt to 744283c2 
Dealt to b5600095 
Dealt to 3baf2c87 
Dealt to Hero [Jh 2s]
Dealt to eb0cdd99 
Dealt to 16175dbf 
eb0cdd99: checks
16175dbf: raises $10 to $12
744283c2: folds
b5600095: calls $12
Hero: folds
3baf2c87: folds
eb0cdd99: raises $19.5 to $31.5
16175dbf: raises $52.5 to $84
b5600095: folds
eb0cdd99: folds
Uncalled bet ($52.5) returned to 16175dbf
*** SHOWDOWN ***
16175dbf collected $78 from pot
*** SUMMARY ***
Total pot $78
Seat 7: 744283c2 folded before Flop (didn't bet)
Seat 1: b5600095 folded before Flop
Seat 3: 3baf2c87(big blind) folded before Flop
Seat 2: Hero(small blind) folded before Flop
Seat 4: eb0cdd99 folded before Flop
Seat 6: 16175dbfwon ($78)



Poker Hand #ring_857163460: NLH No Limit ($1/$2) - 2025/05/04 03:04:17
Table 'MR NLH 1/2' 7-max Seat #7 is the button
Seat 7: 744283c2 ($484.3 in chips)
Seat 1: b5600095 ($620.06 in chips)
Seat 3: 3baf2c87 ($497.25 in chips)
Seat 5: 6a4c2a14 ($54.83 in chips)
Seat 2: Hero ($166.34 in chips)
Seat 6: 16175dbf ($303 in chips)
b5600095: posts small blind $1
Hero: posts big blind $2
*** HOLE CARDS ***
Dealt to 744283c2 
Dealt to b5600095 
Dealt to 3baf2c87 
Dealt to 6a4c2a14 
Dealt to Hero [6s Kc]
Dealt to 16175dbf 
3baf2c87: folds
6a4c2a14: calls $2
16175dbf: raises $2 to $4
744283c2: raises $10 to $14
b5600095: raises $36 to $50
Hero: folds
6a4c2a14: calls $48
16175dbf: folds
744283c2: folds
*** FIRST FLOP *** [Kd 2s 5d]
b5600095: bets $14
6a4c2a14: calls $4.83 and is all-in
Uncalled bet ($9.17) returned to b5600095
b5600095: shows [Jd Jc] (Pair of Jacks)
6a4c2a14: shows [6d 5h] (Pair of Fives)
*** FIRST TURN *** [Kd 2s 5d] [2h]
*** SECOND TURN *** [Kd 2s 5d] [7d]
*** FIRST RIVER *** [Kd 2s 5d 2h] [8h]
*** SECOND RIVER *** [Kd 2s 5d 7d] [9s]
*** FIRST SHOWDOWN ***
b5600095 collected $65.09 from pot
*** SECOND SHOWDOWN ***
b5600095 collected $64.57 from pot
*** SUMMARY ***
Total pot $129.66
Hand was run two timesFIRST Board [Kd 2s 5d 2h 8h]
SECOND Board [7d 9s]
Seat 7: 744283c2 folded before Flop
Seat 1: b5600095(small blind) showed [Jd Jc] and won ($129.66) with Pair of Jacks and Pair of Twos / Pair of Jacks
Seat 3: 3baf2c87 folded before Flop (didn't bet)
Seat 5: 6a4c2a14 showed [6d 5h] and lost with Pair of Fives and Pair of Twos / Pair of Fives
Seat 2: Hero(big blind) folded before Flop
Seat 6: 16175dbf folded before Flop



Poker Hand #ring_857162078: NLH No Limit ($1/$2) - 2025/05/04 03:03:14
Table 'MR NLH 1/2' 7-max Seat #6 is the button
Seat 7: 744283c2 ($494.3 in chips)
Seat 1: b5600095 ($400 in chips)
Seat 3: 3baf2c87 ($497.25 in chips)
Seat 5: 6a4c2a14 ($56.83 in chips)
Seat 2: Hero ($166.34 in chips)
Seat 4: 8c93899f ($229.78 in chips)
Seat 6: 16175dbf ($303 in chips)
744283c2: posts small blind $1
b5600095: posts big blind $2
*** HOLE CARDS ***
Dealt to 744283c2 
Dealt to b5600095 
Dealt to 3baf2c87 
Dealt to 6a4c2a14 
Dealt to Hero [3d 4c]
Dealt to 8c93899f 
Dealt to 16175dbf 
Hero: folds
3baf2c87: folds
8c93899f: calls $2
6a4c2a14: calls $2
16175dbf: folds
744283c2: calls $1
b5600095: checks
*** FLOP *** [Th Js 9c]
744283c2: checks
b5600095: checks
8c93899f: checks
6a4c2a14: checks
*** TURN *** [Th Js 9c] [4h]
744283c2: checks
b5600095: checks
8c93899f: bets $8
6a4c2a14: folds
744283c2: calls $8
b5600095: calls $8
*** RIVER *** [Th Js 9c 4h] [2h]
744283c2: checks
b5600095: bets $24
8c93899f: raises $40 to $64
744283c2: folds
b5600095: raises $326 to $390 and is all-in
8c93899f: calls $155.78 and is all-in
Uncalled bet ($170.22) returned to b5600095
b5600095: shows [6h Ah]
8c93899f: shows [3h Qh]
*** SHOWDOWN ***
b5600095 collected $471.56 from pot
*** SUMMARY ***
Total pot $471.56
Board [Th Js 9c 4h 2h]
Seat 7: 744283c2(small blind) folded on the River
Seat 1: b5600095(big blind) showed [6h Ah] and won ($471.56) with Ace High Flush
Seat 3: 3baf2c87 folded before Flop (didn't bet)
Seat 5: 6a4c2a14 folded on the Turn
Seat 2: Hero folded before Flop (didn't bet)
Seat 4: 8c93899f showed [3h Qh] and lost with Queen High Flush
Seat 6: 16175dbf folded before Flop (didn't bet)



Poker Hand #ring_857159977: NLH No Limit ($1/$2) - 2025/05/04 03:01:39
Table 'MR NLH 1/2' 7-max Seat #5 is the button
Seat 7: 744283c2 ($392 in chips)
Seat 3: 3baf2c87 ($497.25 in chips)
Seat 5: 6a4c2a14 ($106.83 in chips)
Seat 2: Hero ($166.34 in chips)
Seat 4: 8c93899f ($279.78 in chips)
Seat 6: 16175dbf ($313 in chips)
16175dbf: posts small blind $1
744283c2: posts big blind $2
*** HOLE CARDS ***
Dealt to 744283c2 
Dealt to 3baf2c87 
Dealt to 6a4c2a14 
Dealt to Hero [Js 6s]
Dealt to 8c93899f 
Dealt to 16175dbf 
Hero: folds
3baf2c87: folds
8c93899f: calls $2
6a4c2a14: calls $2
16175dbf: calls $1
744283c2: checks
*** FLOP *** [Kh 5d As]
16175dbf: checks
744283c2: checks
8c93899f: bets $8
6a4c2a14: calls $8
16175dbf: calls $8
744283c2: calls $8
*** TURN *** [Kh 5d As] [7d]
16175dbf: checks
744283c2: checks
8c93899f: bets $40
6a4c2a14: calls $40
16175dbf: folds
744283c2: raises $70 to $110
8c93899f: folds
6a4c2a14: folds
Uncalled bet ($70) returned to 744283c2
*** SHOWDOWN ***
744283c2 collected $160 from pot
*** SUMMARY ***
Total pot $160
Board [Kh 5d As 7d]
Seat 7: 744283c2(big blind)won ($160) with Three Fives
Seat 3: 3baf2c87 folded before Flop (didn't bet)
Seat 5: 6a4c2a14 folded on the Turn
Seat 2: Hero folded before Flop (didn't bet)
Seat 4: 8c93899f folded on the Turn
Seat 6: 16175dbf(small blind) folded on the Turn



Poker Hand #ring_857159319: NLH No Limit ($1/$2) - 2025/05/04 03:01:09
Table 'MR NLH 1/2' 7-max Seat #4 is the button
Seat 7: 744283c2 ($392 in chips)
Seat 3: 3baf2c87 ($497.25 in chips)
Seat 5: 6a4c2a14 ($101.37 in chips)
Seat 2: Hero ($166.34 in chips)
Seat 4: 8c93899f ($279.78 in chips)
Seat 6: 16175dbf ($319 in chips)
6a4c2a14: posts small blind $1
16175dbf: posts big blind $2
*** HOLE CARDS ***
Dealt to 744283c2 
Dealt to 3baf2c87 
Dealt to 6a4c2a14 
Dealt to Hero [3c Td]
Dealt to 8c93899f 
Dealt to 16175dbf 
744283c2: folds
Hero: folds
3baf2c87: folds
8c93899f: folds
6a4c2a14: raises $4 to $6
16175dbf: calls $4
*** FLOP *** [Kd 3s Jh]
6a4c2a14: bets $12
16175dbf: folds
Uncalled bet ($12) returned to 6a4c2a14
*** SHOWDOWN ***
6a4c2a14 collected $12 from pot
*** SUMMARY ***
Total pot $12
Board [Kd 3s Jh]
Seat 7: 744283c2 folded before Flop (didn't bet)
Seat 3: 3baf2c87 folded before Flop (didn't bet)
Seat 5: 6a4c2a14(small blind)won ($12) with Pair of Kings
Seat 2: Hero folded before Flop (didn't bet)
Seat 4: 8c93899f folded before Flop (didn't bet)
Seat 6: 16175dbf(big blind) folded on the Flop



Poker Hand #ring_857158397: NLH No Limit ($1/$2) - 2025/05/04 03:00:28
Table 'MR NLH 1/2' 7-max Seat #3 is the button
Seat 7: 744283c2 ($403 in chips)
Seat 3: 3baf2c87 ($497.25 in chips)
Seat 5: 6a4c2a14 ($103.37 in chips)
Seat 2: Hero ($166.34 in chips)
Seat 4: 8c93899f ($268.36 in chips)
Seat 6: 16175dbf ($319 in chips)
8c93899f: posts small blind $1
6a4c2a14: posts big blind $2
*** HOLE CARDS ***
Dealt to 744283c2 
Dealt to 3baf2c87 
Dealt to 6a4c2a14 
Dealt to Hero [Kc 4d]
Dealt to 8c93899f 
Dealt to 16175dbf 
16175dbf: folds
744283c2: raises $3 to $5
Hero: folds
3baf2c87: folds
8c93899f: raises $6 to $11
6a4c2a14: folds
744283c2: calls $6
*** FLOP *** [4s 2c Tc]
8c93899f: checks
744283c2: checks
*** TURN *** [4s 2c Tc] [Ac]
8c93899f: bets $18
744283c2: folds
Uncalled bet ($18) returned to 8c93899f
*** SHOWDOWN ***
8c93899f collected $24 from pot
*** SUMMARY ***
Total pot $24
Board [4s 2c Tc Ac]
Seat 7: 744283c2 folded on the Turn
Seat 3: 3baf2c87 folded before Flop (didn't bet)
Seat 5: 6a4c2a14(big blind) folded before Flop
Seat 2: Hero folded before Flop (didn't bet)
Seat 4: 8c93899f(small blind)won ($24) with Pair of Aces
Seat 6: 16175dbf folded before Flop (didn't bet)



Poker Hand #ring_857157947: NLH No Limit ($1/$2) - 2025/05/04 03:00:09
Table 'MR NLH 1/2' 7-max Seat #2 is the button
Seat 7: 744283c2 ($400 in chips)
Seat 3: 3baf2c87 ($498.25 in chips)
Seat 5: 6a4c2a14 ($103.37 in chips)
Seat 2: Hero ($166.34 in chips)
Seat 4: 8c93899f ($270.36 in chips)
Seat 6: 16175dbf ($319 in chips)
3baf2c87: posts small blind $1
8c93899f: posts big blind $2
744283c2: posts big blind $2
*** HOLE CARDS ***
Dealt to 744283c2 
Dealt to 3baf2c87 
Dealt to 6a4c2a14 
Dealt to Hero [4h 6s]
Dealt to 8c93899f 
Dealt to 16175dbf 
6a4c2a14: folds
16175dbf: folds
744283c2: raises $5 to $7
Hero: folds
3baf2c87: folds
8c93899f: folds
Uncalled bet ($5) returned to 744283c2
*** SHOWDOWN ***
744283c2 collected $5 from pot
*** SUMMARY ***
Total pot $5
Seat 7: 744283c2won ($5)
Seat 3: 3baf2c87(small blind) folded before Flop
Seat 5: 6a4c2a14 folded before Flop (didn't bet)
Seat 2: Hero folded before Flop (didn't bet)
Seat 4: 8c93899f(big blind) folded before Flop
Seat 6: 16175dbf folded before Flop (didn't bet)



Poker Hand #ring_857156815: NLH No Limit ($1/$2) - 2025/05/04 02:59:17
Table 'MR NLH 1/2' 7-max Seat #6 is the button
Seat 3: 3baf2c87 ($514.25 in chips)
Seat 5: 6a4c2a14 ($72.12 in chips)
Seat 2: Hero ($168.34 in chips)
Seat 4: 8c93899f ($286.36 in chips)
Seat 6: 16175dbf ($217 in chips)
Hero: posts small blind $1
3baf2c87: posts big blind $2
*** HOLE CARDS ***
Dealt to 3baf2c87 
Dealt to 6a4c2a14 
Dealt to Hero [Kd 7d]
Dealt to 8c93899f 
Dealt to 16175dbf 
8c93899f: calls $2
6a4c2a14: calls $2
16175dbf: folds
Hero: calls $1
3baf2c87: raises $14 to $16
8c93899f: calls $14
6a4c2a14: calls $14
Hero: folds
*** FLOP *** [5d 9h Ts]
3baf2c87: checks
8c93899f: checks
6a4c2a14: bets $56.12 and is all-in
3baf2c87: folds
8c93899f: folds
Uncalled bet ($56.12) returned to 6a4c2a14
*** SHOWDOWN ***
6a4c2a14 collected $50 from pot
*** SUMMARY ***
Total pot $50
Board [5d 9h Ts]
Seat 3: 3baf2c87(big blind) folded on the Flop
Seat 5: 6a4c2a14won ($50) with Pair of Tens
Seat 2: Hero(small blind) folded before Flop
Seat 4: 8c93899f folded on the Flop
Seat 6: 16175dbf folded before Flop (didn't bet)



Poker Hand #ring_857155813: NLH No Limit ($1/$2) - 2025/05/04 02:58:33
Table 'MR NLH 1/2' 7-max Seat #5 is the button
Seat 3: 3baf2c87 ($514.25 in chips)
Seat 5: 6a4c2a14 ($72.12 in chips)
Seat 2: Hero ($170.34 in chips)
Seat 4: 8c93899f ($283.58 in chips)
Seat 6: 16175dbf ($218 in chips)
16175dbf: posts small blind $1
Hero: posts big blind $2
*** HOLE CARDS ***
Dealt to 3baf2c87 
Dealt to 6a4c2a14 
Dealt to Hero [2h 6c]
Dealt to 8c93899f 
Dealt to 16175dbf 
3baf2c87: folds
8c93899f: calls $2
6a4c2a14: folds
16175dbf: folds
Hero: checks
*** FLOP *** [7d 5c Jd]
Hero: checks
8c93899f: bets $3.75
Hero: folds
Uncalled bet ($3.75) returned to 8c93899f
*** SHOWDOWN ***
8c93899f collected $5 from pot
*** SUMMARY ***
Total pot $5
Board [7d 5c Jd]
Seat 3: 3baf2c87 folded before Flop (didn't bet)
Seat 5: 6a4c2a14 folded before Flop (didn't bet)
Seat 2: Hero(big blind) folded on the Flop
Seat 4: 8c93899fwon ($5) with Pair of Sixes
Seat 6: 16175dbf(small blind) folded before Flop



Poker Hand #ring_857155121: NLH No Limit ($1/$2) - 2025/05/04 02:58:02
Table 'MR NLH 1/2' 7-max Seat #4 is the button
Seat 3: 3baf2c87 ($514.25 in chips)
Seat 5: 6a4c2a14 ($70.12 in chips)
Seat 2: Hero ($170.34 in chips)
Seat 4: 8c93899f ($283.58 in chips)
Seat 6: 16175dbf ($220 in chips)
6a4c2a14: posts small blind $1
16175dbf: posts big blind $2
*** HOLE CARDS ***
Dealt to 3baf2c87 
Dealt to 6a4c2a14 
Dealt to Hero [4s 8c]
Dealt to 8c93899f 
Dealt to 16175dbf 
Hero: folds
3baf2c87: folds
8c93899f: folds
6a4c2a14: raises $4 to $6
16175dbf: folds
Uncalled bet ($4) returned to 6a4c2a14
*** SHOWDOWN ***
6a4c2a14 collected $4 from pot
*** SUMMARY ***
Total pot $4
Seat 3: 3baf2c87 folded before Flop (didn't bet)
Seat 5: 6a4c2a14(small blind)won ($4)
Seat 2: Hero folded before Flop (didn't bet)
Seat 4: 8c93899f folded before Flop (didn't bet)
Seat 6: 16175dbf(big blind) folded before Flop



Poker Hand #ring_857154195: NLH No Limit ($1/$2) - 2025/05/04 02:57:20
Table 'MR NLH 1/2' 7-max Seat #3 is the button
Seat 3: 3baf2c87 ($504.92 in chips)
Seat 5: 6a4c2a14 ($75.12 in chips)
Seat 2: Hero ($170.34 in chips)
Seat 4: 8c93899f ($288.58 in chips)
8c93899f: posts small blind $1
6a4c2a14: posts big blind $2
*** HOLE CARDS ***
Dealt to 3baf2c87 
Dealt to 6a4c2a14 
Dealt to Hero [8s Tc]
Dealt to 8c93899f 
Hero: folds
3baf2c87: raises $3 to $5
8c93899f: calls $4
6a4c2a14: calls $3
*** FLOP *** [6d Ts 9h]
8c93899f: checks
6a4c2a14: checks
3baf2c87: checks
*** TURN *** [6d Ts 9h] [Jc]
8c93899f: checks
6a4c2a14: checks
3baf2c87: checks
*** RIVER *** [6d Ts 9h Jc] [Th]
8c93899f: checks
6a4c2a14: checks
3baf2c87: checks
3baf2c87: shows [9d 5d]
8c93899f: shows [6c 8c]
6a4c2a14: shows [7h Ad]
*** SHOWDOWN ***
3baf2c87 collected $15 from pot
*** SUMMARY ***
Total pot $15
Board [6d Ts 9h Jc Th]
Seat 3: 3baf2c87 showed [9d 5d] and won ($15) with Pair of Tens and Pair of Nines
Seat 5: 6a4c2a14(big blind) showed [7h Ad] and lost with Pair of Tens
Seat 2: Hero folded before Flop (didn't bet)
Seat 4: 8c93899f(small blind) showed [6c 8c] and lost with Pair of Tens and Pair of Sixes



Poker Hand #ring_857153223: NLH No Limit ($1/$2) - 2025/05/04 02:56:35
Table 'MR NLH 1/2' 7-max Seat #2 is the button
Seat 3: 3baf2c87 ($478.95 in chips)
Seat 5: 6a4c2a14 ($100 in chips)
Seat 2: Hero ($172.34 in chips)
Seat 4: 8c93899f ($290.58 in chips)
3baf2c87: posts small blind $1
8c93899f: posts big blind $2
6a4c2a14: posts big blind $2
*** HOLE CARDS ***
Dealt to 3baf2c87 
Dealt to 6a4c2a14 
Dealt to Hero [5c 4h]
Dealt to 8c93899f 
6a4c2a14: checks
Hero: calls $2
3baf2c87: raises $12 to $14
8c93899f: folds
6a4c2a14: calls $12
Hero: folds
*** FLOP *** [4s Ah Ks]
3baf2c87: bets $10.88
6a4c2a14: calls $10.88
*** TURN *** [4s Ah Ks] [Ac]
3baf2c87: checks
6a4c2a14: checks
*** RIVER *** [4s Ah Ks Ac] [Ad]
3baf2c87: checks
6a4c2a14: checks
3baf2c87: shows [7h 7s]
6a4c2a14: shows [Jd Ts]
*** SHOWDOWN ***
3baf2c87 collected $53.76 from pot
*** SUMMARY ***
Total pot $53.76
Board [4s Ah Ks Ac Ad]
Seat 3: 3baf2c87(small blind) showed [7h 7s] and won ($53.76) with Aces Full over Sevens
Seat 5: 6a4c2a14 showed [Jd Ts] and lost with Three Aces
Seat 2: Hero folded before Flop
Seat 4: 8c93899f(big blind) folded before Flop



Poker Hand #ring_857151837: NLH No Limit ($1/$2) - 2025/05/04 02:55:34
Table 'MR NLH 1/2' 7-max Seat #4 is the button
Seat 3: 3baf2c87 ($563.45 in chips)
Seat 2: Hero ($173.34 in chips)
Seat 4: 8c93899f ($212.73 in chips)
Hero: posts small blind $1
3baf2c87: posts big blind $2
*** HOLE CARDS ***
Dealt to 3baf2c87 
Dealt to Hero [3c 5d]
Dealt to 8c93899f 
8c93899f: calls $2
Hero: folds
3baf2c87: raises $6 to $8
8c93899f: calls $6
*** FLOP *** [9c Qh Td]
3baf2c87: checks
8c93899f: bets $8.5
3baf2c87: calls $8.5
*** TURN *** [9c Qh Td] [7s]
3baf2c87: checks
8c93899f: bets $17
3baf2c87: calls $17
*** RIVER *** [9c Qh Td 7s] [4s]
3baf2c87: checks
8c93899f: bets $51
3baf2c87: calls $51
3baf2c87: shows [Tc Kh]
8c93899f: shows [Jh Kc]
*** SHOWDOWN ***
8c93899f collected $170 from pot
*** SUMMARY ***
Total pot $170
Board [9c Qh Td 7s 4s]
Seat 3: 3baf2c87(big blind) showed [Tc Kh] and lost with Pair of Tens
Seat 2: Hero(small blind) folded before Flop
Seat 4: 8c93899f showed [Jh Kc] and won ($170) with Kings-High Straight



Poker Hand #ring_857151520: NLH No Limit ($1/$2) - 2025/05/04 02:55:21
Table 'MR NLH 1/2' 7-max Seat #3 is the button
Seat 3: 3baf2c87 ($563.45 in chips)
Seat 2: Hero ($172.34 in chips)
Seat 4: 8c93899f ($213.73 in chips)
8c93899f: posts small blind $1
Hero: posts big blind $2
*** HOLE CARDS ***
Dealt to 3baf2c87 
Dealt to Hero [Th 5s]
Dealt to 8c93899f 
3baf2c87: folds
8c93899f: folds
*** SHOWDOWN ***
Hero collected $3 from pot
*** SUMMARY ***
Total pot $3
Seat 3: 3baf2c87 folded before Flop (didn't bet)
Seat 2: Hero(big blind)won ($3)
Seat 4: 8c93899f(small blind) folded before Flop



Poker Hand #ring_857151053: NLH No Limit ($1/$2) - 2025/05/04 02:54:58
Table 'MR NLH 1/2' 7-max Seat #2 is the button
Seat 3: 3baf2c87 ($556.17 in chips)
Seat 2: Hero ($172.34 in chips)
Seat 4: 8c93899f ($221.73 in chips)
3baf2c87: posts small blind $1
8c93899f: posts big blind $2
*** HOLE CARDS ***
Dealt to 3baf2c87 
Dealt to Hero [4s Jc]
Dealt to 8c93899f 
Hero: folds
3baf2c87: raises $6 to $8
8c93899f: calls $6
*** FLOP *** [5d 5c 8h]
3baf2c87: bets $5.44
8c93899f: folds
Uncalled bet ($5.44) returned to 3baf2c87
*** SHOWDOWN ***
3baf2c87 collected $16 from pot
*** SUMMARY ***
Total pot $16
Board [5d 5c 8h]
Seat 3: 3baf2c87(small blind)won ($16) with Pair of Fives
Seat 2: Hero folded before Flop (didn't bet)
Seat 4: 8c93899f(big blind) folded on the Flop



Poker Hand #ring_857150262: NLH No Limit ($1/$2) - 2025/05/04 02:54:24
Table 'MR NLH 1/2' 7-max Seat #2 is the button
Seat 3: 3baf2c87 ($558.17 in chips)
Seat 2: Hero ($174.34 in chips)
Seat 4: 8c93899f ($218 in chips)
Hero: posts small blind $1
3baf2c87: posts big blind $2
8c93899f: posts big blind $2
*** HOLE CARDS ***
Dealt to 3baf2c87 
Dealt to Hero [2s Js]
Dealt to 8c93899f 
8c93899f: checks
Hero: calls $1
3baf2c87: checks
*** FLOP *** [Th 8d Qh]
3baf2c87: checks
8c93899f: checks
Hero: checks
*** TURN *** [Th 8d Qh] [8s]
3baf2c87: checks
8c93899f: checks
Hero: checks
*** RIVER *** [Th 8d Qh 8s] [6h]
3baf2c87: checks
8c93899f: checks
Hero: checks
Hero: shows [2s Js]
3baf2c87: shows [5c Jc]
8c93899f: shows [9h 6s]
*** SHOWDOWN ***
8c93899f collected $6 from pot
*** SUMMARY ***
Total pot $6
Board [Th 8d Qh 8s 6h]
Seat 3: 3baf2c87(big blind) showed [5c Jc] and lost with Pair of Eights
Seat 2: Hero(small blind) showed [2s Js] and lost with Pair of Eights
Seat 4: 8c93899f showed [9h 6s] and won ($6) with Pair of Eights and Pair of Sixes



Poker Hand #ring_857149326: NLH No Limit ($1/$2) - 2025/05/04 02:53:41
Table 'MR NLH 1/2' 7-max Seat #3 is the button
Seat 3: 3baf2c87 ($550.14 in chips)
Seat 2: Hero ($182.74 in chips)
3baf2c87: posts small blind $1
Hero: posts big blind $2
*** HOLE CARDS ***
Dealt to 3baf2c87 
Dealt to Hero [Qs Kh]
3baf2c87: raises $3 to $5
Hero: calls $3
*** FLOP *** [6d 2c 7h]
Hero: checks
3baf2c87: bets $3.4
Hero: calls $3.4
*** TURN *** [6d 2c 7h] [5s]
Hero: checks
3baf2c87: checks
*** RIVER *** [6d 2c 7h 5s] [3d]
Hero: checks
3baf2c87: checks
Hero: shows [Qs Kh]
3baf2c87: shows [6h Th]
*** SHOWDOWN ***
3baf2c87 collected $16.8 from pot
*** SUMMARY ***
Total pot $16.8
Board [6d 2c 7h 5s 3d]
Seat 3: 3baf2c87(small blind) showed [6h Th] and won ($16.8) with Pair of Sixes
Seat 2: Hero(big blind) showed [Qs Kh] and lost with King-High



Poker Hand #ring_857149109: NLH No Limit ($1/$2) - 2025/05/04 02:53:31
Table 'MR NLH 1/2' 7-max Seat #2 is the button
Seat 3: 3baf2c87 ($549.14 in chips)
Seat 2: Hero ($183.74 in chips)
Hero: posts small blind $1
3baf2c87: posts big blind $2
*** HOLE CARDS ***
Dealt to 3baf2c87 
Dealt to Hero [8d 5s]
Hero: folds
*** SHOWDOWN ***
3baf2c87 collected $3 from pot
*** SUMMARY ***
Total pot $3
Seat 3: 3baf2c87(big blind)won ($3)
Seat 2: Hero(small blind) folded before Flop



Poker Hand #ring_857148868: NLH No Limit ($1/$2) - 2025/05/04 02:53:20
Table 'MR NLH 1/2' 7-max Seat #3 is the button
Seat 3: 3baf2c87 ($547.14 in chips)
Seat 2: Hero ($185.74 in chips)
3baf2c87: posts small blind $1
Hero: posts big blind $2
*** HOLE CARDS ***
Dealt to 3baf2c87 
Dealt to Hero [2h 3s]
3baf2c87: raises $3 to $5
Hero: folds
Uncalled bet ($3) returned to 3baf2c87
*** SHOWDOWN ***
3baf2c87 collected $4 from pot
*** SUMMARY ***
Total pot $4
Seat 3: 3baf2c87(small blind)won ($4)
Seat 2: Hero(big blind) folded before Flop



Poker Hand #ring_857148263: NLH No Limit ($1/$2) - 2025/05/04 02:52:52
Table 'MR NLH 1/2' 7-max Seat #2 is the button
Seat 3: 3baf2c87 ($552.14 in chips)
Seat 2: Hero ($180.96 in chips)
Hero: posts small blind $1
3baf2c87: posts big blind $2
*** HOLE CARDS ***
Dealt to 3baf2c87 
Dealt to Hero [4d 3s]
Hero: raises $3 to $5
3baf2c87: calls $3
*** FLOP *** [6d Qc Qd]
3baf2c87: checks
Hero: checks
*** TURN *** [6d Qc Qd] [4s]
3baf2c87: checks
Hero: checks
*** RIVER *** [6d Qc Qd 4s] [Jd]
3baf2c87: checks
Hero: checks
Hero: shows [4d 3s]
3baf2c87: shows [Kc 2d]
*** SHOWDOWN ***
Hero collected $10 from pot
*** SUMMARY ***
Total pot $10
Board [6d Qc Qd 4s Jd]
Seat 3: 3baf2c87(big blind) showed [Kc 2d] and lost with Pair of Queens
Seat 2: Hero(small blind) showed [4d 3s] and won ($10) with Pair of Queens and Pair of Fours



Poker Hand #ring_857148029: NLH No Limit ($1/$2) - 2025/05/04 02:52:41
Table 'MR NLH 1/2' 7-max Seat #3 is the button
Seat 3: 3baf2c87 ($550.14 in chips)
Seat 2: Hero ($182.96 in chips)
3baf2c87: posts small blind $1
Hero: posts big blind $2
*** HOLE CARDS ***
Dealt to 3baf2c87 
Dealt to Hero [Jh 6c]
3baf2c87: raises $3 to $5
Hero: folds
Uncalled bet ($3) returned to 3baf2c87
*** SHOWDOWN ***
3baf2c87 collected $4 from pot
*** SUMMARY ***
Total pot $4
Seat 3: 3baf2c87(small blind)won ($4)
Seat 2: Hero(big blind) folded before Flop



Poker Hand #ring_857147796: NLH No Limit ($1/$2) - 2025/05/04 02:52:31
Table 'MR NLH 1/2' 7-max Seat #2 is the button
Seat 3: 3baf2c87 ($549.14 in chips)
Seat 2: Hero ($183.96 in chips)
Hero: posts small blind $1
3baf2c87: posts big blind $2
*** HOLE CARDS ***
Dealt to 3baf2c87 
Dealt to Hero [9s 4h]
Hero: folds
*** SHOWDOWN ***
3baf2c87 collected $3 from pot
*** SUMMARY ***
Total pot $3
Seat 3: 3baf2c87(big blind)won ($3)
Seat 2: Hero(small blind) folded before Flop



Poker Hand #ring_857146861: NLH No Limit ($1/$2) - 2025/05/04 02:51:51
Table 'MR NLH 1/2' 7-max Seat #3 is the button
Seat 3: 3baf2c87 ($585.54 in chips)
Seat 2: Hero ($147.56 in chips)
3baf2c87: posts small blind $1
Hero: posts big blind $2
*** HOLE CARDS ***
Dealt to 3baf2c87 
Dealt to Hero [Ac Kc]
3baf2c87: raises $3 to $5
Hero: raises $11.5 to $16.5
3baf2c87: raises $19.9 to $36.4
Hero: raises $111.16 to $147.56 and is all-in
3baf2c87: folds
Uncalled bet ($111.16) returned to Hero
*** SHOWDOWN ***
Hero collected $72.8 from pot
*** SUMMARY ***
Total pot $72.8
Seat 3: 3baf2c87(small blind) folded before Flop
Seat 2: Hero(big blind)won ($72.8)



Poker Hand #ring_857146611: NLH No Limit ($1/$2) - 2025/05/04 02:51:40
Table 'MR NLH 1/2' 7-max Seat #2 is the button
Seat 3: 3baf2c87 ($584.54 in chips)
Seat 2: Hero ($148.56 in chips)
Hero: posts small blind $1
3baf2c87: posts big blind $2
*** HOLE CARDS ***
Dealt to 3baf2c87 
Dealt to Hero [Ts 3h]
Hero: folds
*** SHOWDOWN ***
3baf2c87 collected $3 from pot
*** SUMMARY ***
Total pot $3
Seat 3: 3baf2c87(big blind)won ($3)
Seat 2: Hero(small blind) folded before Flop



Poker Hand #ring_857146001: NLH No Limit ($1/$2) - 2025/05/04 02:51:11
Table 'MR NLH 1/2' 7-max Seat #3 is the button
Seat 3: 3baf2c87 ($589.54 in chips)
Seat 2: Hero ($143.56 in chips)
3baf2c87: posts small blind $1
Hero: posts big blind $2
*** HOLE CARDS ***
Dealt to 3baf2c87 
Dealt to Hero [9h 8h]
3baf2c87: raises $3 to $5
Hero: raises $12 to $17
3baf2c87: folds
Uncalled bet ($12) returned to Hero
*** SHOWDOWN ***
Hero collected $10 from pot
*** SUMMARY ***
Total pot $10
Seat 3: 3baf2c87(small blind) folded before Flop
Seat 2: Hero(big blind)won ($10)



Poker Hand #ring_857145599: NLH No Limit ($1/$2) - 2025/05/04 02:50:52
Table 'MR NLH 1/2' 7-max Seat #2 is the button
Seat 3: 3baf2c87 ($584.54 in chips)
Seat 2: Hero ($148.56 in chips)
Hero: posts small blind $1
3baf2c87: posts big blind $2
*** HOLE CARDS ***
Dealt to 3baf2c87 
Dealt to Hero [8s 9h]
Hero: raises $3 to $5
3baf2c87: raises $17 to $22
Hero: folds
Uncalled bet ($17) returned to 3baf2c87
*** SHOWDOWN ***
3baf2c87 collected $10 from pot
*** SUMMARY ***
Total pot $10
Seat 3: 3baf2c87(big blind)won ($10)
Seat 2: Hero(small blind) folded before Flop



Poker Hand #ring_857144934: NLH No Limit ($1/$2) - 2025/05/04 02:50:22
Table 'MR NLH 1/2' 7-max Seat #3 is the button
Seat 3: 3baf2c87 ($589.54 in chips)
Seat 2: Hero ($143.78 in chips)
3baf2c87: posts small blind $1
Hero: posts big blind $2
*** HOLE CARDS ***
Dealt to 3baf2c87 
Dealt to Hero [5h 7h]
3baf2c87: raises $3 to $5
Hero: calls $3
*** FLOP *** [Ad 2s Td]
Hero: checks
3baf2c87: checks
*** TURN *** [Ad 2s Td] [5c]
Hero: checks
3baf2c87: checks
*** RIVER *** [Ad 2s Td 5c] [8s]
Hero: bets $5
3baf2c87: folds
Uncalled bet ($5) returned to Hero
*** SHOWDOWN ***
Hero collected $10 from pot
*** SUMMARY ***
Total pot $10
Board [Ad 2s Td 5c 8s]
Seat 3: 3baf2c87(small blind) folded on the River
Seat 2: Hero(big blind)won ($10) with Pair of Fives



Poker Hand #ring_857144669: NLH No Limit ($1/$2) - 2025/05/04 02:50:11
Table 'MR NLH 1/2' 7-max Seat #2 is the button
Seat 3: 3baf2c87 ($588.54 in chips)
Seat 2: Hero ($144.78 in chips)
Hero: posts small blind $1
3baf2c87: posts big blind $2
*** HOLE CARDS ***
Dealt to 3baf2c87 
Dealt to Hero [6h 2c]
Hero: folds
*** SHOWDOWN ***
3baf2c87 collected $3 from pot
*** SUMMARY ***
Total pot $3
Seat 3: 3baf2c87(big blind)won ($3)
Seat 2: Hero(small blind) folded before Flop



Poker Hand #ring_857143945: NLH No Limit ($1/$2) - 2025/05/04 02:49:38
Table 'MR NLH 1/2' 7-max Seat #3 is the button
Seat 3: 3baf2c87 ($593.54 in chips)
Seat 2: Hero ($140 in chips)
3baf2c87: posts small blind $1
Hero: posts big blind $2
*** HOLE CARDS ***
Dealt to 3baf2c87 
Dealt to Hero [3s 2s]
3baf2c87: raises $3 to $5
Hero: calls $3
*** FLOP *** [5h Jc 9d]
Hero: checks
3baf2c87: checks
*** TURN *** [5h Jc 9d] [9c]
Hero: checks
3baf2c87: checks
*** RIVER *** [5h Jc 9d 9c] [7s]
Hero: bets $5
3baf2c87: folds
Uncalled bet ($5) returned to Hero
*** SHOWDOWN ***
Hero collected $10 from pot
*** SUMMARY ***
Total pot $10
Board [5h Jc 9d 9c 7s]
Seat 3: 3baf2c87(small blind) folded on the River
Seat 2: Hero(big blind)won ($10) with Pair of Nines



Poker Hand #ring_857142655: NLH No Limit ($1/$2) - 2025/05/04 02:48:41
Table 'MR NLH 1/2' 7-max Seat #2 is the button
Seat 3: 3baf2c87 ($551.52 in chips)
Seat 2: Hero ($184 in chips)
Hero: posts small blind $1
3baf2c87: posts big blind $2
*** HOLE CARDS ***
Dealt to 3baf2c87 
Dealt to Hero [Jd Ac]
Hero: raises $4 to $6
3baf2c87: calls $4
*** FLOP *** [9d Jc 5c]
3baf2c87: checks
Hero: checks
*** TURN *** [9d Jc 5c] [4c]
3baf2c87: bets $4.08
Hero: raises $11.92 to $16
3baf2c87: calls $11.92
*** RIVER *** [9d Jc 5c 4c] [Kd]
3baf2c87: checks
Hero: bets $22
3baf2c87: calls $22
Hero: shows [Jd Ac]
3baf2c87: shows [9s 4s]
*** SHOWDOWN ***
3baf2c87 collected $88 from pot
*** SUMMARY ***
Total pot $88
Board [9d Jc 5c 4c Kd]
Seat 3: 3baf2c87(big blind) showed [9s 4s] and won ($88) with Pair of Nines and Pair of Fours
Seat 2: Hero(small blind) showed [Jd Ac] and lost with Pair of Jacks



Poker Hand #ring_857142381: NLH No Limit ($1/$2) - 2025/05/04 02:48:29
Table 'MR NLH 1/2' 7-max Seat #3 is the button
Seat 3: 3baf2c87 ($549.52 in chips)
Seat 2: Hero ($186 in chips)
3baf2c87: posts small blind $1
Hero: posts big blind $2
*** HOLE CARDS ***
Dealt to 3baf2c87 
Dealt to Hero [4c Qs]
3baf2c87: raises $3 to $5
Hero: folds
Uncalled bet ($3) returned to 3baf2c87
*** SHOWDOWN ***
3baf2c87 collected $4 from pot
*** SUMMARY ***
Total pot $4
Seat 3: 3baf2c87(small blind)won ($4)
Seat 2: Hero(big blind) folded before Flop



Poker Hand #ring_857142143: NLH No Limit ($1/$2) - 2025/05/04 02:48:19
Table 'MR NLH 1/2' 7-max Seat #2 is the button
Seat 3: 3baf2c87 ($548.52 in chips)
Seat 2: Hero ($187 in chips)
Hero: posts small blind $1
3baf2c87: posts big blind $2
*** HOLE CARDS ***
Dealt to 3baf2c87 
Dealt to Hero [Js 2h]
Hero: folds
*** SHOWDOWN ***
3baf2c87 collected $3 from pot
*** SUMMARY ***
Total pot $3
Seat 3: 3baf2c87(big blind)won ($3)
Seat 2: Hero(small blind) folded before Flop



Poker Hand #ring_857141873: NLH No Limit ($1/$2) - 2025/05/04 02:48:07
Table 'MR NLH 1/2' 7-max Seat #3 is the button
Seat 3: 3baf2c87 ($546.52 in chips)
Seat 2: Hero ($189 in chips)
3baf2c87: posts small blind $1
Hero: posts big blind $2
*** HOLE CARDS ***
Dealt to 3baf2c87 
Dealt to Hero [5h Ts]
3baf2c87: raises $3 to $5
Hero: folds
Uncalled bet ($3) returned to 3baf2c87
*** SHOWDOWN ***
3baf2c87 collected $4 from pot
*** SUMMARY ***
Total pot $4
Seat 3: 3baf2c87(small blind)won ($4)
Seat 2: Hero(big blind) folded before Flop



Poker Hand #ring_857141641: NLH No Limit ($1/$2) - 2025/05/04 02:47:57
Table 'MR NLH 1/2' 7-max Seat #2 is the button
Seat 3: 3baf2c87 ($545.52 in chips)
Seat 2: Hero ($190 in chips)
Hero: posts small blind $1
3baf2c87: posts big blind $2
*** HOLE CARDS ***
Dealt to 3baf2c87 
Dealt to Hero [Jc 3s]
Hero: folds
*** SHOWDOWN ***
3baf2c87 collected $3 from pot
*** SUMMARY ***
Total pot $3
Seat 3: 3baf2c87(big blind)won ($3)
Seat 2: Hero(small blind) folded before Flop



Poker Hand #ring_857141007: NLH No Limit ($1/$2) - 2025/05/04 02:47:29
Table 'MR NLH 1/2' 7-max Seat #3 is the button
Seat 3: 3baf2c87 ($537.88 in chips)
Seat 2: Hero ($100 in chips)
3baf2c87: posts small blind $1
Hero: posts big blind $2
*** HOLE CARDS ***
Dealt to 3baf2c87 
Dealt to Hero [Ts Jd]
3baf2c87: raises $3 to $5
Hero: calls $3
*** FLOP *** [4s 7s 6s]
Hero: checks
3baf2c87: checks
*** TURN *** [4s 7s 6s] [Qd]
Hero: bets $3
3baf2c87: raises $11.84 to $14.84
Hero: folds
Uncalled bet ($11.84) returned to 3baf2c87
*** SHOWDOWN ***
3baf2c87 collected $16 from pot
*** SUMMARY ***
Total pot $16
Board [4s 7s 6s Qd]
Seat 3: 3baf2c87(small blind)won ($16) with Pair of Queens
Seat 2: Hero(big blind) folded on the Turn



