Poker Hand #ring_857140089: NLH No Limit ($2/$4) - 2025/05/04 02:46:49
Table 'MR NLH 2/4' 7-max Seat #2 is the button
Seat 6: Hero ($395.66 in chips)
Seat 2: d404b8c8 ($422.68 in chips)
d404b8c8: posts small blind $2
Hero: posts big blind $4
*** HOLE CARDS ***
Dealt to Hero [Jd Qs]
Dealt to d404b8c8 
d404b8c8: calls $2
Hero: raises $8 to $12
d404b8c8: folds
Uncalled bet ($8) returned to Hero
*** SHOWDOWN ***
Hero collected $8 from pot
*** SUMMARY ***
Total pot $8
Seat 6: Hero(big blind)won ($8)
Seat 2: d404b8c8(small blind) folded before Flop



Poker Hand #ring_857139857: NLH No Limit ($2/$4) - 2025/05/04 02:46:38
Table 'MR NLH 2/4' 7-max Seat #6 is the button
Seat 6: Hero ($397.66 in chips)
Seat 2: d404b8c8 ($420.68 in chips)
Hero: posts small blind $2
d404b8c8: posts big blind $4
*** HOLE CARDS ***
Dealt to Hero [7d 4h]
Dealt to d404b8c8 
Hero: folds
*** SHOWDOWN ***
d404b8c8 collected $6 from pot
*** SUMMARY ***
Total pot $6
Seat 6: Hero(small blind) folded before Flop
Seat 2: d404b8c8(big blind)won ($6)



Poker Hand #ring_857139594: NLH No Limit ($2/$4) - 2025/05/04 02:46:26
Table 'MR NLH 2/4' 7-max Seat #2 is the button
Seat 6: Hero ($395.66 in chips)
Seat 2: d404b8c8 ($422.68 in chips)
d404b8c8: posts small blind $2
Hero: posts big blind $4
*** HOLE CARDS ***
Dealt to Hero [8c 3s]
Dealt to d404b8c8 
d404b8c8: folds
*** SHOWDOWN ***
Hero collected $6 from pot
*** SUMMARY ***
Total pot $6
Seat 6: Hero(big blind)won ($6)
Seat 2: d404b8c8(small blind) folded before Flop



Poker Hand #ring_857139281: NLH No Limit ($2/$4) - 2025/05/04 02:46:12
Table 'MR NLH 2/4' 7-max Seat #6 is the button
Seat 6: Hero ($391.66 in chips)
Seat 2: d404b8c8 ($426.68 in chips)
Hero: posts small blind $2
d404b8c8: posts big blind $4
*** HOLE CARDS ***
Dealt to Hero [Kd 7c]
Dealt to d404b8c8 
Hero: raises $6 to $10
d404b8c8: folds
Uncalled bet ($6) returned to Hero
*** SHOWDOWN ***
Hero collected $8 from pot
*** SUMMARY ***
Total pot $8
Seat 6: Hero(small blind)won ($8)
Seat 2: d404b8c8(big blind) folded before Flop



Poker Hand #ring_857138911: NLH No Limit ($2/$4) - 2025/05/04 02:45:55
Table 'MR NLH 2/4' 7-max Seat #2 is the button
Seat 6: Hero ($395.66 in chips)
Seat 2: d404b8c8 ($422.86 in chips)
d404b8c8: posts small blind $2
Hero: posts big blind $4
*** HOLE CARDS ***
Dealt to Hero [9c 6s]
Dealt to d404b8c8 
d404b8c8: calls $2
Hero: checks
*** FLOP *** [Kc Qd 7h]
Hero: checks
d404b8c8: bets $6
Hero: folds
Uncalled bet ($6) returned to d404b8c8
*** SHOWDOWN ***
d404b8c8 collected $8 from pot
*** SUMMARY ***
Total pot $8
Board [Kc Qd 7h]
Seat 6: Hero(big blind) folded on the Flop
Seat 2: d404b8c8(small blind)won ($8) with Pair of Kings



Poker Hand #ring_857138198: NLH No Limit ($2/$4) - 2025/05/04 02:45:23
Table 'MR NLH 2/4' 7-max Seat #6 is the button
Seat 6: Hero ($384.2 in chips)
Seat 2: d404b8c8 ($434.86 in chips)
Hero: posts small blind $2
d404b8c8: posts big blind $4
*** HOLE CARDS ***
Dealt to Hero [Jd 9c]
Dealt to d404b8c8 
Hero: raises $8 to $12
d404b8c8: calls $8
*** FLOP *** [5d Ad Tc]
d404b8c8: checks
Hero: bets $12
d404b8c8: folds
Uncalled bet ($12) returned to Hero
*** SHOWDOWN ***
Hero collected $24 from pot
*** SUMMARY ***
Total pot $24
Board [5d Ad Tc]
Seat 6: Hero(small blind)won ($24) with Ace-High
Seat 2: d404b8c8(big blind) folded on the Flop



Poker Hand #ring_857137880: NLH No Limit ($2/$4) - 2025/05/04 02:45:10
Table 'MR NLH 2/4' 7-max Seat #2 is the button
Seat 6: Hero ($388.2 in chips)
Seat 2: d404b8c8 ($430.86 in chips)
d404b8c8: posts small blind $2
Hero: posts big blind $4
*** HOLE CARDS ***
Dealt to Hero [Kc 8s]
Dealt to d404b8c8 
d404b8c8: raises $12 to $16
Hero: folds
Uncalled bet ($12) returned to d404b8c8
*** SHOWDOWN ***
d404b8c8 collected $8 from pot
*** SUMMARY ***
Total pot $8
Seat 6: Hero(big blind) folded before Flop
Seat 2: d404b8c8(small blind)won ($8)



Poker Hand #ring_857137589: NLH No Limit ($2/$4) - 2025/05/04 02:44:56
Table 'MR NLH 2/4' 7-max Seat #0 is the button
Seat 6: Hero ($384.2 in chips)
Seat 2: d404b8c8 ($434.86 in chips)
Hero: posts small blind $2
d404b8c8: posts big blind $4
*** HOLE CARDS ***
Dealt to Hero [Qd 4d]
Dealt to d404b8c8 
Hero: raises $8 to $12
d404b8c8: folds
Uncalled bet ($8) returned to Hero
*** SHOWDOWN ***
Hero collected $8 from pot
*** SUMMARY ***
Total pot $8
Seat 6: Hero(small blind)won ($8)
Seat 2: d404b8c8(big blind) folded before Flop



Poker Hand #ring_857136352: NLH No Limit ($2/$4) - 2025/05/04 02:44:01
Table 'MR NLH 2/4' 7-max Seat #2 is the button
Seat 5: 924fbdd6 ($672.36 in chips)
Seat 6: Hero ($474.4 in chips)
Seat 2: d404b8c8 ($350.86 in chips)
924fbdd6: posts small blind $2
Hero: posts big blind $4
*** HOLE CARDS ***
Dealt to 924fbdd6 
Dealt to Hero [Jc 7c]
Dealt to d404b8c8 
d404b8c8: raises $8 to $12
924fbdd6: folds
Hero: calls $8
*** FLOP *** [2c 2s 9c]
Hero: checks
d404b8c8: bets $13
Hero: raises $31 to $44
d404b8c8: calls $31
*** TURN *** [2c 2s 9c] [4h]
Hero: bets $34.2
d404b8c8: calls $34.2
*** RIVER *** [2c 2s 9c 4h] [8s]
Hero: checks
d404b8c8: checks
d404b8c8: shows [Ah Kh]
Hero: shows [Jc 7c]
*** SHOWDOWN ***
d404b8c8 collected $182.4 from pot
*** SUMMARY ***
Total pot $182.4
Board [2c 2s 9c 4h 8s]
Seat 5: 924fbdd6(small blind) folded before Flop
Seat 6: Hero(big blind) showed [Jc 7c] and lost with Pair of Twos
Seat 2: d404b8c8 showed [Ah Kh] and won ($182.4) with Pair of Twos



Poker Hand #ring_857136018: NLH No Limit ($2/$4) - 2025/05/04 02:43:46
Table 'MR NLH 2/4' 7-max Seat #6 is the button
Seat 5: 924fbdd6 ($670.36 in chips)
Seat 6: Hero ($474.4 in chips)
Seat 2: d404b8c8 ($352.86 in chips)
d404b8c8: posts small blind $2
924fbdd6: posts big blind $4
*** HOLE CARDS ***
Dealt to 924fbdd6 
Dealt to Hero [4s 6d]
Dealt to d404b8c8 
Hero: folds
d404b8c8: folds
*** SHOWDOWN ***
924fbdd6 collected $6 from pot
*** SUMMARY ***
Total pot $6
Seat 5: 924fbdd6(big blind)won ($6)
Seat 6: Hero folded before Flop (didn't bet)
Seat 2: d404b8c8(small blind) folded before Flop



Poker Hand #ring_857135093: NLH No Limit ($2/$4) - 2025/05/04 02:43:06
Table 'MR NLH 2/4' 7-max Seat #5 is the button
Seat 5: 924fbdd6 ($649.72 in chips)
Seat 6: Hero ($476.4 in chips)
Seat 2: d404b8c8 ($373.44 in chips)
Hero: posts small blind $2
d404b8c8: posts big blind $4
*** HOLE CARDS ***
Dealt to 924fbdd6 
Dealt to Hero [2d 3s]
Dealt to d404b8c8 
924fbdd6: raises $8 to $12
Hero: folds
d404b8c8: calls $8
*** FLOP *** [9c Kh Jc]
d404b8c8: checks
924fbdd6: bets $8.58
d404b8c8: calls $8.58
*** TURN *** [9c Kh Jc] [6d]
d404b8c8: checks
924fbdd6: bets $21.58
d404b8c8: folds
Uncalled bet ($21.58) returned to 924fbdd6
*** SHOWDOWN ***
924fbdd6 collected $43.16 from pot
*** SUMMARY ***
Total pot $43.16
Board [9c Kh Jc 6d]
Seat 5: 924fbdd6won ($43.16) with Pair of Aces
Seat 6: Hero(small blind) folded before Flop
Seat 2: d404b8c8(big blind) folded on the Turn



Poker Hand #ring_857133956: NLH No Limit ($2/$4) - 2025/05/04 02:42:17
Table 'MR NLH 2/4' 7-max Seat #4 is the button
Seat 5: 924fbdd6 ($678.78 in chips)
Seat 4: 9a495969 ($1,370.41 in chips)
Seat 6: Hero ($484.4 in chips)
Seat 2: d404b8c8 ($340.35 in chips)
924fbdd6: posts small blind $2
Hero: posts big blind $4
*** HOLE CARDS ***
Dealt to 924fbdd6 
Dealt to 9a495969 
Dealt to Hero [4c Ks]
Dealt to d404b8c8 
d404b8c8: raises $4 to $8
9a495969: folds
924fbdd6: calls $6
Hero: calls $4
*** FLOP *** [Qh 3h 4h]
924fbdd6: bets $7.92
Hero: folds
d404b8c8: calls $7.92
*** TURN *** [Qh 3h 4h] [2h]
924fbdd6: checks
d404b8c8: checks
*** RIVER *** [Qh 3h 4h 2h] [2c]
924fbdd6: checks
d404b8c8: bets $13.14
924fbdd6: calls $13.14
d404b8c8: shows [Th Jd]
924fbdd6: shows [5h 7c]
*** SHOWDOWN ***
d404b8c8 collected $66.12 from pot
*** SUMMARY ***
Total pot $66.12
Board [Qh 3h 4h 2h 2c]
Seat 5: 924fbdd6(small blind) showed [5h 7c] and lost with Queen High Flush
Seat 4: 9a495969 folded before Flop (didn't bet)
Seat 6: Hero(big blind) folded on the Flop
Seat 2: d404b8c8 showed [Th Jd] and won ($66.12) with Queen High Flush



Poker Hand #ring_857133277: NLH No Limit ($2/$4) - 2025/05/04 02:41:47
Table 'MR NLH 2/4' 7-max Seat #2 is the button
Seat 5: 924fbdd6 ($690.78 in chips)
Seat 4: 9a495969 ($1,382.41 in chips)
Seat 6: Hero ($462.02 in chips)
Seat 2: d404b8c8 ($340.35 in chips)
9a495969: posts small blind $2
924fbdd6: posts big blind $4
*** HOLE CARDS ***
Dealt to 924fbdd6 
Dealt to 9a495969 
Dealt to Hero [6s As]
Dealt to d404b8c8 
Hero: raises $8 to $12
d404b8c8: folds
9a495969: calls $10
924fbdd6: calls $8
*** FLOP *** [Jd 5c 4h]
9a495969: checks
924fbdd6: checks
Hero: bets $18
9a495969: folds
924fbdd6: folds
Uncalled bet ($18) returned to Hero
*** SHOWDOWN ***
Hero collected $36 from pot
*** SUMMARY ***
Total pot $36
Board [Jd 5c 4h]
Seat 5: 924fbdd6(big blind) folded on the Flop
Seat 4: 9a495969(small blind) folded on the Flop
Seat 6: Herowon ($36) with Ace-High
Seat 2: d404b8c8 folded before Flop (didn't bet)



Poker Hand #ring_857132507: NLH No Limit ($2/$4) - 2025/05/04 02:41:14
Table 'MR NLH 2/4' 7-max Seat #6 is the button
Seat 5: 924fbdd6 ($716.78 in chips)
Seat 4: 9a495969 ($1,386.41 in chips)
Seat 6: Hero ($462.02 in chips)
Seat 2: d404b8c8 ($313.87 in chips)
d404b8c8: posts small blind $2
9a495969: posts big blind $4
*** HOLE CARDS ***
Dealt to 924fbdd6 
Dealt to 9a495969 
Dealt to Hero [4h 8c]
Dealt to d404b8c8 
924fbdd6: raises $8 to $12
Hero: folds
d404b8c8: raises $14 to $26
9a495969: folds
924fbdd6: calls $14
*** FLOP *** [6s Qh 8s]
d404b8c8: checks
924fbdd6: checks
*** TURN *** [6s Qh 8s] [Jh]
d404b8c8: bets $56
924fbdd6: folds
Uncalled bet ($56) returned to d404b8c8
*** SHOWDOWN ***
d404b8c8 collected $56 from pot
*** SUMMARY ***
Total pot $56
Board [6s Qh 8s Jh]
Seat 5: 924fbdd6 folded on the Turn
Seat 4: 9a495969(big blind) folded before Flop
Seat 6: Hero folded before Flop (didn't bet)
Seat 2: d404b8c8(small blind)won ($56) with Pair of Jacks



Poker Hand #ring_857131733: NLH No Limit ($2/$4) - 2025/05/04 02:40:40
Table 'MR NLH 2/4' 7-max Seat #5 is the button
Seat 5: 924fbdd6 ($728.78 in chips)
Seat 4: 9a495969 ($1,386.41 in chips)
Seat 3: 62c194f ($295.06 in chips)
Seat 6: Hero ($464.02 in chips)
Seat 2: d404b8c8 ($301.04 in chips)
Hero: posts small blind $2
d404b8c8: posts big blind $4
*** HOLE CARDS ***
Dealt to 924fbdd6 
Dealt to 9a495969 
Dealt to 62c194f 
Dealt to Hero [7s Qh]
Dealt to d404b8c8 
62c194f: folds
9a495969: folds
924fbdd6: raises $8 to $12
Hero: folds
d404b8c8: calls $8
*** FLOP *** [9c 9d 9s]
d404b8c8: checks
924fbdd6: checks
*** TURN *** [9c 9d 9s] [7h]
d404b8c8: checks
924fbdd6: checks
*** RIVER *** [9c 9d 9s 7h] [4h]
d404b8c8: checks
924fbdd6: checks
d404b8c8: shows [As 8d]
924fbdd6: shows [Js Td]
9a495969: shows [7c]
Hero: shows [7s]
*** SHOWDOWN ***
d404b8c8 collected $26 from pot
*** SUMMARY ***
Total pot $26
Board [9c 9d 9s 7h 4h]
Seat 5: 924fbdd6 showed [Js Td] and lost with Three Nines
Seat 4: 9a495969 folded before Flop (didn't bet)
Seat 3: 62c194f folded before Flop (didn't bet)
Seat 6: Hero(small blind) folded before Flop
Seat 2: d404b8c8(big blind) showed [As 8d] and won ($26) with Three Nines



Poker Hand #ring_857129687: NLH No Limit ($2/$4) - 2025/05/04 02:39:09
Table 'MR NLH 2/4' 7-max Seat #4 is the button
Seat 5: 924fbdd6 ($730.78 in chips)
Seat 4: 9a495969 ($1,398.41 in chips)
Seat 3: 62c194f ($407.06 in chips)
Seat 6: Hero ($338.27 in chips)
Seat 2: d404b8c8 ($313.04 in chips)
924fbdd6: posts small blind $2
Hero: posts big blind $4
*** HOLE CARDS ***
Dealt to 924fbdd6 
Dealt to 9a495969 
Dealt to 62c194f 
Dealt to Hero [Th 6d]
Dealt to d404b8c8 
d404b8c8: raises $8 to $12
62c194f: calls $12
9a495969: calls $12
924fbdd6: folds
Hero: calls $8
*** FLOP *** [2s Tc 8c]
Hero: checks
d404b8c8: checks
62c194f: bets $25
9a495969: folds
Hero: calls $25
d404b8c8: folds
*** TURN *** [2s Tc 8c] [4h]
Hero: checks
62c194f: bets $75
Hero: calls $75
*** RIVER *** [2s Tc 8c 4h] [Js]
Hero: bets $88
62c194f: folds
Uncalled bet ($88) returned to Hero
*** SHOWDOWN ***
Hero collected $250 from pot
*** SUMMARY ***
Total pot $250
Board [2s Tc 8c 4h Js]
Seat 5: 924fbdd6(small blind) folded before Flop
Seat 4: 9a495969 folded on the Flop
Seat 3: 62c194f folded on the River
Seat 6: Hero(big blind)won ($250) with Pair of Tens
Seat 2: d404b8c8 folded on the Flop



Poker Hand #ring_857128763: NLH No Limit ($2/$4) - 2025/05/04 02:38:28
Table 'MR NLH 2/4' 7-max Seat #3 is the button
Seat 5: 924fbdd6 ($717.95 in chips)
Seat 4: 9a495969 ($1,400.41 in chips)
Seat 3: 62c194f ($407.06 in chips)
Seat 6: Hero ($338.27 in chips)
Seat 2: d404b8c8 ($325.04 in chips)
9a495969: posts small blind $2
924fbdd6: posts big blind $4
*** HOLE CARDS ***
Dealt to 924fbdd6 
Dealt to 9a495969 
Dealt to 62c194f 
Dealt to Hero [8s Qh]
Dealt to d404b8c8 
Hero: folds
d404b8c8: calls $4
62c194f: folds
9a495969: folds
924fbdd6: raises $8 to $12
d404b8c8: calls $8
*** FLOP *** [As Td 4h]
924fbdd6: bets $13
d404b8c8: folds
Uncalled bet ($13) returned to 924fbdd6
*** SHOWDOWN ***
924fbdd6 collected $26 from pot
*** SUMMARY ***
Total pot $26
Board [As Td 4h]
Seat 5: 924fbdd6(big blind)won ($26) with Ace-High
Seat 4: 9a495969(small blind) folded before Flop
Seat 3: 62c194f folded before Flop (didn't bet)
Seat 6: Hero folded before Flop (didn't bet)
Seat 2: d404b8c8 folded on the Flop



Poker Hand #ring_857126958: NLH No Limit ($2/$4) - 2025/05/04 02:37:10
Table 'MR NLH 2/4' 7-max Seat #2 is the button
Seat 5: 924fbdd6 ($717.95 in chips)
Seat 4: 9a495969 ($732.72 in chips)
Seat 3: 62c194f ($409.06 in chips)
Seat 6: Hero ($338.27 in chips)
Seat 2: d404b8c8 ($1,057.76 in chips)
62c194f: posts small blind $2
9a495969: posts big blind $4
*** HOLE CARDS ***
Dealt to 924fbdd6 
Dealt to 9a495969 
Dealt to 62c194f 
Dealt to Hero [Qh Jd]
Dealt to d404b8c8 
924fbdd6: folds
Hero: folds
d404b8c8: calls $4
62c194f: folds
9a495969: raises $10 to $14
d404b8c8: calls $10
*** FLOP *** [7c Td 6h]
9a495969: checks
d404b8c8: bets $22.5
9a495969: raises $56.25 to $78.75
d404b8c8: raises $61.87 to $140.62
9a495969: raises $233.43 to $374.05
d404b8c8: calls $233.43
*** TURN *** [7c Td 6h] [Ks]
9a495969: bets $344.67 and is all-in
d404b8c8: calls $344.67
d404b8c8: shows [7d 6d]
9a495969: shows [Tc Ts]
*** RIVER *** [7c Td 6h Ks] [2s]
*** SHOWDOWN ***
9a495969 collected $1,467.44 from pot
*** SUMMARY ***
Total pot $1,467.44
Board [7c Td 6h Ks 2s]
Seat 5: 924fbdd6 folded before Flop (didn't bet)
Seat 4: 9a495969(big blind) showed [Tc Ts] and won ($1,467.44) with Three Tens
Seat 3: 62c194f(small blind) folded before Flop
Seat 6: Hero folded before Flop (didn't bet)
Seat 2: d404b8c8 showed [7d 6d] and lost with Pair of Sevens and Pair of Sixes



Poker Hand #ring_857126439: NLH No Limit ($2/$4) - 2025/05/04 02:36:47
Table 'MR NLH 2/4' 7-max Seat #6 is the button
Seat 5: 924fbdd6 ($711.95 in chips)
Seat 4: 9a495969 ($732.72 in chips)
Seat 3: 62c194f ($413.06 in chips)
Seat 6: Hero ($338.27 in chips)
Seat 2: d404b8c8 ($1,059.76 in chips)
d404b8c8: posts small blind $2
62c194f: posts big blind $4
*** HOLE CARDS ***
Dealt to 924fbdd6 
Dealt to 9a495969 
Dealt to 62c194f 
Dealt to Hero [8c Qs]
Dealt to d404b8c8 
9a495969: folds
924fbdd6: raises $8 to $12
Hero: folds
d404b8c8: folds
62c194f: folds
Uncalled bet ($8) returned to 924fbdd6
*** SHOWDOWN ***
924fbdd6 collected $10 from pot
*** SUMMARY ***
Total pot $10
Seat 5: 924fbdd6won ($10)
Seat 4: 9a495969 folded before Flop (didn't bet)
Seat 3: 62c194f(big blind) folded before Flop
Seat 6: Hero folded before Flop (didn't bet)
Seat 2: d404b8c8(small blind) folded before Flop



Poker Hand #ring_857125931: NLH No Limit ($2/$4) - 2025/05/04 02:36:24
Table 'MR NLH 2/4' 7-max Seat #5 is the button
Seat 5: 924fbdd6 ($711.95 in chips)
Seat 4: 9a495969 ($732.72 in chips)
Seat 3: 62c194f ($413.06 in chips)
Seat 6: Hero ($334.27 in chips)
Seat 2: d404b8c8 ($1,063.76 in chips)
Hero: posts small blind $2
d404b8c8: posts big blind $4
*** HOLE CARDS ***
Dealt to 924fbdd6 
Dealt to 9a495969 
Dealt to 62c194f 
Dealt to Hero [Qd Ts]
Dealt to d404b8c8 
62c194f: folds
9a495969: folds
924fbdd6: folds
Hero: raises $6 to $10
d404b8c8: folds
Uncalled bet ($6) returned to Hero
*** SHOWDOWN ***
Hero collected $8 from pot
*** SUMMARY ***
Total pot $8
Seat 5: 924fbdd6 folded before Flop (didn't bet)
Seat 4: 9a495969 folded before Flop (didn't bet)
Seat 3: 62c194f folded before Flop (didn't bet)
Seat 6: Hero(small blind)won ($8)
Seat 2: d404b8c8(big blind) folded before Flop



Poker Hand #ring_857125408: NLH No Limit ($2/$4) - 2025/05/04 02:36:02
Table 'MR NLH 2/4' 7-max Seat #4 is the button
Seat 5: 924fbdd6 ($713.95 in chips)
Seat 4: 9a495969 ($710.72 in chips)
Seat 3: 62c194f ($429.06 in chips)
Seat 6: Hero ($338.27 in chips)
Seat 2: d404b8c8 ($1,063.76 in chips)
924fbdd6: posts small blind $2
Hero: posts big blind $4
*** HOLE CARDS ***
Dealt to 924fbdd6 
Dealt to 9a495969 
Dealt to 62c194f 
Dealt to Hero [Ad 9d]
Dealt to d404b8c8 
d404b8c8: folds
62c194f: raises $12 to $16
9a495969: raises $38 to $54
924fbdd6: folds
Hero: folds
62c194f: folds
Uncalled bet ($38) returned to 9a495969
*** SHOWDOWN ***
9a495969 collected $38 from pot
*** SUMMARY ***
Total pot $38
Seat 5: 924fbdd6(small blind) folded before Flop
Seat 4: 9a495969won ($38)
Seat 3: 62c194f folded before Flop
Seat 6: Hero(big blind) folded before Flop
Seat 2: d404b8c8 folded before Flop (didn't bet)



Poker Hand #ring_857124417: NLH No Limit ($2/$4) - 2025/05/04 02:35:19
Table 'MR NLH 2/4' 7-max Seat #3 is the button
Seat 5: 924fbdd6 ($723.95 in chips)
Seat 4: 9a495969 ($712.72 in chips)
Seat 3: 62c194f ($429.06 in chips)
Seat 6: Hero ($327.26 in chips)
Seat 2: d404b8c8 ($1,063.76 in chips)
9a495969: posts small blind $2
924fbdd6: posts big blind $4
*** HOLE CARDS ***
Dealt to 924fbdd6 
Dealt to 9a495969 
Dealt to 62c194f 
Dealt to Hero [Ah 5h]
Dealt to d404b8c8 
Hero: raises $6 to $10
d404b8c8: folds
62c194f: folds
9a495969: folds
924fbdd6: calls $6
*** FLOP *** [Ac 7c 7s]
924fbdd6: checks
Hero: checks
*** TURN *** [Ac 7c 7s] [8d]
924fbdd6: checks
Hero: checks
*** RIVER *** [Ac 7c 7s 8d] [Jd]
924fbdd6: checks
Hero: bets $17.6
924fbdd6: folds
Uncalled bet ($17.6) returned to Hero
*** SHOWDOWN ***
Hero collected $22 from pot
*** SUMMARY ***
Total pot $22
Board [Ac 7c 7s 8d Jd]
Seat 5: 924fbdd6(big blind) folded on the River
Seat 4: 9a495969(small blind) folded before Flop
Seat 3: 62c194f folded before Flop (didn't bet)
Seat 6: Herowon ($22) with Pair of Aces and Pair of Sevens
Seat 2: d404b8c8 folded before Flop (didn't bet)



Poker Hand #ring_857123418: NLH No Limit ($2/$4) - 2025/05/04 02:34:36
Table 'MR NLH 2/4' 7-max Seat #2 is the button
Seat 5: 924fbdd6 ($723.95 in chips)
Seat 4: 9a495969 ($742.72 in chips)
Seat 3: 62c194f ($441.06 in chips)
Seat 6: Hero ($289.5 in chips)
Seat 2: d404b8c8 ($1,063.76 in chips)
62c194f: posts small blind $2
9a495969: posts big blind $4
*** HOLE CARDS ***
Dealt to 924fbdd6 
Dealt to 9a495969 
Dealt to 62c194f 
Dealt to Hero [Kh Ad]
Dealt to d404b8c8 
924fbdd6: folds
Hero: raises $8 to $12
d404b8c8: folds
62c194f: calls $10
9a495969: calls $8
*** FLOP *** [8d Kd Ts]
62c194f: checks
9a495969: checks
Hero: bets $18
62c194f: folds
9a495969: calls $18
*** TURN *** [8d Kd Ts] [4c]
9a495969: checks
Hero: bets $48
9a495969: folds
Uncalled bet ($48) returned to Hero
*** SHOWDOWN ***
Hero collected $72 from pot
*** SUMMARY ***
Total pot $72
Board [8d Kd Ts 4c]
Seat 5: 924fbdd6 folded before Flop (didn't bet)
Seat 4: 9a495969(big blind) folded on the Turn
Seat 3: 62c194f(small blind) folded on the Flop
Seat 6: Herowon ($72) with Pair of Kings
Seat 2: d404b8c8 folded before Flop (didn't bet)



Poker Hand #ring_857122333: NLH No Limit ($2/$4) - 2025/05/04 02:33:48
Table 'MR NLH 2/4' 7-max Seat #6 is the button
Seat 5: 924fbdd6 ($745.19 in chips)
Seat 4: 9a495969 ($742.72 in chips)
Seat 3: 62c194f ($445.06 in chips)
Seat 6: Hero ($289.5 in chips)
Seat 2: d404b8c8 ($1,041.61 in chips)
d404b8c8: posts small blind $2
62c194f: posts big blind $4
*** HOLE CARDS ***
Dealt to 924fbdd6 
Dealt to 9a495969 
Dealt to 62c194f 
Dealt to Hero [6s 3h]
Dealt to d404b8c8 
9a495969: folds
924fbdd6: raises $8 to $12
Hero: folds
d404b8c8: calls $10
62c194f: folds
*** FLOP *** [Qd As 7s]
d404b8c8: checks
924fbdd6: bets $9.24
d404b8c8: raises $23.24 to $32.48
924fbdd6: folds
Uncalled bet ($23.24) returned to d404b8c8
*** SHOWDOWN ***
d404b8c8 collected $46.48 from pot
*** SUMMARY ***
Total pot $46.48
Board [Qd As 7s]
Seat 5: 924fbdd6 folded on the Flop
Seat 4: 9a495969 folded before Flop (didn't bet)
Seat 3: 62c194f(big blind) folded before Flop
Seat 6: Hero folded before Flop (didn't bet)
Seat 2: d404b8c8(small blind)won ($46.48) with Pair of Aces



Poker Hand #ring_857121863: NLH No Limit ($2/$4) - 2025/05/04 02:33:28
Table 'MR NLH 2/4' 7-max Seat #5 is the button
Seat 5: 924fbdd6 ($739.19 in chips)
Seat 4: 9a495969 ($742.72 in chips)
Seat 3: 62c194f ($445.06 in chips)
Seat 6: Hero ($291.5 in chips)
Seat 2: d404b8c8 ($1,045.61 in chips)
Hero: posts small blind $2
d404b8c8: posts big blind $4
*** HOLE CARDS ***
Dealt to 924fbdd6 
Dealt to 9a495969 
Dealt to 62c194f 
Dealt to Hero [Ad 4h]
Dealt to d404b8c8 
62c194f: folds
9a495969: folds
924fbdd6: raises $8 to $12
Hero: folds
d404b8c8: folds
Uncalled bet ($8) returned to 924fbdd6
*** SHOWDOWN ***
924fbdd6 collected $10 from pot
*** SUMMARY ***
Total pot $10
Seat 5: 924fbdd6won ($10)
Seat 4: 9a495969 folded before Flop (didn't bet)
Seat 3: 62c194f folded before Flop (didn't bet)
Seat 6: Hero(small blind) folded before Flop
Seat 2: d404b8c8(big blind) folded before Flop



Poker Hand #ring_857121191: NLH No Limit ($2/$4) - 2025/05/04 02:32:59
Table 'MR NLH 2/4' 7-max Seat #4 is the button
Seat 5: 924fbdd6 ($741.19 in chips)
Seat 4: 9a495969 ($742.72 in chips)
Seat 3: 62c194f ($428.59 in chips)
Seat 6: Hero ($307.5 in chips)
Seat 2: d404b8c8 ($1,045.61 in chips)
924fbdd6: posts small blind $2
Hero: posts big blind $4
*** HOLE CARDS ***
Dealt to 924fbdd6 
Dealt to 9a495969 
Dealt to 62c194f 
Dealt to Hero [5d 5h]
Dealt to d404b8c8 
d404b8c8: folds
62c194f: raises $12 to $16
9a495969: folds
924fbdd6: folds
Hero: calls $12
*** FLOP *** [8d Kc Ad]
Hero: checks
62c194f: bets $17
Hero: folds
Uncalled bet ($17) returned to 62c194f
*** SHOWDOWN ***
62c194f collected $34 from pot
*** SUMMARY ***
Total pot $34
Board [8d Kc Ad]
Seat 5: 924fbdd6(small blind) folded before Flop
Seat 4: 9a495969 folded before Flop (didn't bet)
Seat 3: 62c194fwon ($34) with Pair of Aces and Pair of Kings
Seat 6: Hero(big blind) folded on the Flop
Seat 2: d404b8c8 folded before Flop (didn't bet)



Poker Hand #ring_857119594: NLH No Limit ($2/$4) - 2025/05/04 02:31:51
Table 'MR NLH 2/4' 7-max Seat #3 is the button
Seat 5: 924fbdd6 ($666.03 in chips)
Seat 4: 9a495969 ($744.72 in chips)
Seat 3: 62c194f ($440.59 in chips)
Seat 6: Hero ($376.5 in chips)
Seat 2: d404b8c8 ($1,045.61 in chips)
9a495969: posts small blind $2
924fbdd6: posts big blind $4
*** HOLE CARDS ***
Dealt to 924fbdd6 
Dealt to 9a495969 
Dealt to 62c194f 
Dealt to Hero [Ah Ts]
Dealt to d404b8c8 
Hero: raises $8 to $12
d404b8c8: folds
62c194f: calls $12
9a495969: folds
924fbdd6: calls $8
*** FLOP *** [Qs Tc 8h]
924fbdd6: checks
Hero: checks
62c194f: checks
*** TURN *** [Qs Tc 8h] [6h]
924fbdd6: checks
Hero: bets $19
62c194f: folds
924fbdd6: raises $38 to $57
Hero: calls $38
*** RIVER *** [Qs Tc 8h 6h] [Js]
924fbdd6: checks
Hero: checks
924fbdd6: shows [2h Jh]
Hero: shows [Ah Ts]
*** SHOWDOWN ***
924fbdd6 collected $152 from pot
*** SUMMARY ***
Total pot $152
Board [Qs Tc 8h 6h Js]
Seat 5: 924fbdd6(big blind) showed [2h Jh] and won ($152) with Pair of Jacks
Seat 4: 9a495969(small blind) folded before Flop
Seat 3: 62c194f folded on the Turn
Seat 6: Hero showed [Ah Ts] and lost with Pair of Tens
Seat 2: d404b8c8 folded before Flop (didn't bet)



Poker Hand #ring_857118193: NLH No Limit ($2/$4) - 2025/05/04 02:30:51
Table 'MR NLH 2/4' 7-max Seat #2 is the button
Seat 5: 924fbdd6 ($696.03 in chips)
Seat 4: 9a495969 ($756.72 in chips)
Seat 3: 62c194f ($402.83 in chips)
Seat 6: Hero ($376.5 in chips)
Seat 2: d404b8c8 ($1,045.61 in chips)
62c194f: posts small blind $2
9a495969: posts big blind $4
*** HOLE CARDS ***
Dealt to 924fbdd6 
Dealt to 9a495969 
Dealt to 62c194f 
Dealt to Hero [Ts 5s]
Dealt to d404b8c8 
924fbdd6: calls $4
Hero: folds
d404b8c8: folds
62c194f: raises $8 to $12
9a495969: calls $8
924fbdd6: calls $8
*** FLOP *** [Qs 7c Th]
62c194f: checks
9a495969: checks
924fbdd6: checks
*** TURN *** [Qs 7c Th] [7s]
62c194f: checks
9a495969: checks
924fbdd6: bets $18
62c194f: calls $18
9a495969: folds
*** RIVER *** [Qs 7c Th 7s] [2c]
62c194f: checks
924fbdd6: checks
62c194f: shows [9c Qd]
924fbdd6: shows [Tc Kh]
*** SHOWDOWN ***
62c194f collected $72 from pot
*** SUMMARY ***
Total pot $72
Board [Qs 7c Th 7s 2c]
Seat 5: 924fbdd6 showed [Tc Kh] and lost with Pair of Tens and Pair of Sevens
Seat 4: 9a495969(big blind) folded on the Turn
Seat 3: 62c194f(small blind) showed [9c Qd] and won ($72) with Pair of Queens and Pair of Sevens
Seat 6: Hero folded before Flop (didn't bet)
Seat 2: d404b8c8 folded before Flop (didn't bet)



Poker Hand #ring_857116885: NLH No Limit ($2/$4) - 2025/05/04 02:29:56
Table 'MR NLH 2/4' 7-max Seat #6 is the button
Seat 5: 924fbdd6 ($696.03 in chips)
Seat 4: 9a495969 ($798.72 in chips)
Seat 3: 62c194f ($406.83 in chips)
Seat 6: Hero ($388.5 in chips)
Seat 2: d404b8c8 ($993.11 in chips)
d404b8c8: posts small blind $2
62c194f: posts big blind $4
*** HOLE CARDS ***
Dealt to 924fbdd6 
Dealt to 9a495969 
Dealt to 62c194f 
Dealt to Hero [5c 5d]
Dealt to d404b8c8 
9a495969: raises $8 to $12
924fbdd6: folds
Hero: calls $12
d404b8c8: calls $10
62c194f: folds
*** FLOP *** [Qc 4h 2d]
d404b8c8: bets $30
9a495969: calls $30
Hero: folds
*** TURN *** [Qc 4h 2d] [9c]
d404b8c8: checks
9a495969: checks
*** RIVER *** [Qc 4h 2d 9c] [Jd]
d404b8c8: bets $100
9a495969: folds
Uncalled bet ($100) returned to d404b8c8
*** SHOWDOWN ***
d404b8c8 collected $100 from pot
*** SUMMARY ***
Total pot $100
Board [Qc 4h 2d 9c Jd]
Seat 5: 924fbdd6 folded before Flop (didn't bet)
Seat 4: 9a495969 folded on the River
Seat 3: 62c194f(big blind) folded before Flop
Seat 6: Hero folded on the Flop
Seat 2: d404b8c8(small blind)won ($100) with Pair of Queens and Pair of Jacks



Poker Hand #ring_857115396: NLH No Limit ($2/$4) - 2025/05/04 02:28:54
Table 'MR NLH 2/4' 7-max Seat #5 is the button
Seat 5: 924fbdd6 ($696.03 in chips)
Seat 4: 9a495969 ($798.72 in chips)
Seat 3: 62c194f ($394 in chips)
Seat 6: Hero ($390.5 in chips)
Seat 2: d404b8c8 ($1,005.11 in chips)
Hero: posts small blind $2
d404b8c8: posts big blind $4
*** HOLE CARDS ***
Dealt to 924fbdd6 
Dealt to 9a495969 
Dealt to 62c194f 
Dealt to Hero [Jd Ts]
Dealt to d404b8c8 
62c194f: raises $8 to $12
9a495969: folds
924fbdd6: folds
Hero: folds
d404b8c8: calls $8
*** FLOP *** [Kd Js 3d]
d404b8c8: checks
62c194f: bets $13
d404b8c8: folds
Uncalled bet ($13) returned to 62c194f
*** SHOWDOWN ***
62c194f collected $26 from pot
*** SUMMARY ***
Total pot $26
Board [Kd Js 3d]
Seat 5: 924fbdd6 folded before Flop (didn't bet)
Seat 4: 9a495969 folded before Flop (didn't bet)
Seat 3: 62c194fwon ($26) with King-High
Seat 6: Hero(small blind) folded before Flop
Seat 2: d404b8c8(big blind) folded on the Flop



Poker Hand #ring_857113771: NLH No Limit ($2/$4) - 2025/05/04 02:27:44
Table 'MR NLH 2/4' 7-max Seat #4 is the button
Seat 5: 924fbdd6 ($700.03 in chips)
Seat 4: 9a495969 ($798.72 in chips)
Seat 1: 530eb505 ($1,157.45 in chips)
Seat 3: 62c194f ($394 in chips)
Seat 6: Hero ($372.12 in chips)
Seat 2: d404b8c8 ($1,021.11 in chips)
924fbdd6: posts small blind $2
Hero: posts big blind $4
*** HOLE CARDS ***
Dealt to 924fbdd6 
Dealt to 9a495969 
Dealt to 530eb505 
Dealt to 62c194f 
Dealt to Hero [5c 6c]
Dealt to d404b8c8 
530eb505: folds
d404b8c8: calls $4
62c194f: folds
9a495969: folds
924fbdd6: calls $2
Hero: raises $12 to $16
d404b8c8: calls $12
924fbdd6: folds
*** FLOP *** [Qh 4s Th]
Hero: checks
d404b8c8: checks
*** TURN *** [Qh 4s Th] [Tc]
Hero: bets $10.8
d404b8c8: folds
Uncalled bet ($10.8) returned to Hero
*** SHOWDOWN ***
Hero collected $36 from pot
*** SUMMARY ***
Total pot $36
Board [Qh 4s Th Tc]
Seat 5: 924fbdd6(small blind) folded before Flop
Seat 4: 9a495969 folded before Flop (didn't bet)
Seat 1: 530eb505 folded before Flop (didn't bet)
Seat 3: 62c194f folded before Flop (didn't bet)
Seat 6: Hero(big blind)won ($36) with Pair of Tens
Seat 2: d404b8c8 folded on the Turn



Poker Hand #ring_857112291: NLH No Limit ($2/$4) - 2025/05/04 02:26:42
Table 'MR NLH 2/4' 7-max Seat #3 is the button
Seat 5: 924fbdd6 ($627.05 in chips)
Seat 4: 9a495969 ($810.72 in chips)
Seat 1: 530eb505 ($1,226.15 in chips)
Seat 3: 62c194f ($394 in chips)
Seat 6: Hero ($372.12 in chips)
Seat 2: d404b8c8 ($1,021.11 in chips)
9a495969: posts small blind $2
924fbdd6: posts big blind $4
*** HOLE CARDS ***
Dealt to 924fbdd6 
Dealt to 9a495969 
Dealt to 530eb505 
Dealt to 62c194f 
Dealt to Hero [6s 3s]
Dealt to d404b8c8 
Hero: folds
530eb505: raises $8 to $12
d404b8c8: folds
62c194f: folds
9a495969: calls $10
924fbdd6: raises $27 to $39
530eb505: calls $27
9a495969: folds
*** FLOP *** [9d 7c 5c]
924fbdd6: bets $29.7
530eb505: calls $29.7
*** TURN *** [9d 7c 5c] [Qd]
924fbdd6: checks
530eb505: checks
*** RIVER *** [9d 7c 5c Qd] [8s]
924fbdd6: checks
530eb505: checks
530eb505: shows [Ts Td]
924fbdd6: shows [Jc Jd]
*** SHOWDOWN ***
924fbdd6 collected $149.4 from pot
*** SUMMARY ***
Total pot $149.4
Board [9d 7c 5c Qd 8s]
Seat 5: 924fbdd6(big blind) showed [Jc Jd] and won ($149.4) with Pair of Jacks
Seat 4: 9a495969(small blind) folded before Flop
Seat 1: 530eb505 showed [Ts Td] and lost with Pair of Tens
Seat 3: 62c194f folded before Flop (didn't bet)
Seat 6: Hero folded before Flop (didn't bet)
Seat 2: d404b8c8 folded before Flop (didn't bet)



Poker Hand #ring_857111545: NLH No Limit ($2/$4) - 2025/05/04 02:26:10
Table 'MR NLH 2/4' 7-max Seat #2 is the button
Seat 5: 924fbdd6 ($627.05 in chips)
Seat 4: 9a495969 ($822.22 in chips)
Seat 1: 530eb505 ($1,226.15 in chips)
Seat 3: 62c194f ($396 in chips)
Seat 6: Hero ($372.12 in chips)
Seat 2: d404b8c8 ($1,008.73 in chips)
62c194f: posts small blind $2
9a495969: posts big blind $4
*** HOLE CARDS ***
Dealt to 924fbdd6 
Dealt to 9a495969 
Dealt to 530eb505 
Dealt to 62c194f 
Dealt to Hero [Ah 6s]
Dealt to d404b8c8 
924fbdd6: folds
Hero: folds
530eb505: folds
d404b8c8: calls $4
62c194f: folds
9a495969: checks
*** FLOP *** [2h 4c Jh]
9a495969: checks
d404b8c8: bets $7.5
9a495969: calls $7.5
*** TURN *** [2h 4c Jh] [Ad]
9a495969: checks
d404b8c8: bets $12.5
9a495969: folds
Uncalled bet ($12.5) returned to d404b8c8
*** SHOWDOWN ***
d404b8c8 collected $25 from pot
*** SUMMARY ***
Total pot $25
Board [2h 4c Jh Ad]
Seat 5: 924fbdd6 folded before Flop (didn't bet)
Seat 4: 9a495969(big blind) folded on the Turn
Seat 1: 530eb505 folded before Flop (didn't bet)
Seat 3: 62c194f(small blind) folded before Flop
Seat 6: Hero folded before Flop (didn't bet)
Seat 2: d404b8c8won ($25) with Pair of Sixes



Poker Hand #ring_857111007: NLH No Limit ($2/$4) - 2025/05/04 02:25:47
Table 'MR NLH 2/4' 7-max Seat #1 is the button
Seat 5: 924fbdd6 ($627.05 in chips)
Seat 4: 9a495969 ($822.22 in chips)
Seat 1: 530eb505 ($1,220.15 in chips)
Seat 3: 62c194f ($400 in chips)
Seat 6: Hero ($372.12 in chips)
Seat 2: d404b8c8 ($1,010.73 in chips)
d404b8c8: posts small blind $2
62c194f: posts big blind $4
*** HOLE CARDS ***
Dealt to 924fbdd6 
Dealt to 9a495969 
Dealt to 530eb505 
Dealt to 62c194f 
Dealt to Hero [Qh 8c]
Dealt to d404b8c8 
9a495969: folds
924fbdd6: folds
Hero: folds
530eb505: raises $4 to $8
d404b8c8: folds
62c194f: folds
Uncalled bet ($4) returned to 530eb505
*** SHOWDOWN ***
530eb505 collected $10 from pot
*** SUMMARY ***
Total pot $10
Seat 5: 924fbdd6 folded before Flop (didn't bet)
Seat 4: 9a495969 folded before Flop (didn't bet)
Seat 1: 530eb505won ($10)
Seat 3: 62c194f(big blind) folded before Flop
Seat 6: Hero folded before Flop (didn't bet)
Seat 2: d404b8c8(small blind) folded before Flop



Poker Hand #ring_857109817: NLH No Limit ($2/$4) - 2025/05/04 02:24:55
Table 'MR NLH 2/4' 7-max Seat #6 is the button
Seat 5: 924fbdd6 ($562.35 in chips)
Seat 4: 9a495969 ($822.22 in chips)
Seat 1: 530eb505 ($1,288.15 in chips)
Seat 6: Hero ($372.12 in chips)
Seat 2: d404b8c8 ($1,014.73 in chips)
530eb505: posts small blind $2
d404b8c8: posts big blind $4
*** HOLE CARDS ***
Dealt to 924fbdd6 
Dealt to 9a495969 
Dealt to 530eb505 
Dealt to Hero [4c 2h]
Dealt to d404b8c8 
9a495969: folds
924fbdd6: raises $8 to $12
Hero: folds
530eb505: raises $24 to $36
d404b8c8: folds
924fbdd6: calls $24
*** FLOP *** [3h 4h Ac]
530eb505: bets $32
924fbdd6: raises $70 to $102
530eb505: folds
Uncalled bet ($70) returned to 924fbdd6
*** SHOWDOWN ***
924fbdd6 collected $140 from pot
*** SUMMARY ***
Total pot $140
Board [3h 4h Ac]
Seat 5: 924fbdd6won ($140) with Pair of Aces
Seat 4: 9a495969 folded before Flop (didn't bet)
Seat 1: 530eb505(small blind) folded on the Flop
Seat 6: Hero folded before Flop (didn't bet)
Seat 2: d404b8c8(big blind) folded before Flop



Poker Hand #ring_857109323: NLH No Limit ($2/$4) - 2025/05/04 02:24:35
Table 'MR NLH 2/4' 7-max Seat #5 is the button
Seat 5: 924fbdd6 ($556.35 in chips)
Seat 4: 9a495969 ($822.22 in chips)
Seat 1: 530eb505 ($1,292.15 in chips)
Seat 6: Hero ($374.12 in chips)
Seat 2: d404b8c8 ($1,014.73 in chips)
Hero: posts small blind $2
530eb505: posts big blind $4
*** HOLE CARDS ***
Dealt to 924fbdd6 
Dealt to 9a495969 
Dealt to 530eb505 
Dealt to Hero [Jc 9s]
Dealt to d404b8c8 
d404b8c8: folds
9a495969: folds
924fbdd6: raises $8 to $12
Hero: folds
530eb505: folds
Uncalled bet ($8) returned to 924fbdd6
*** SHOWDOWN ***
924fbdd6 collected $10 from pot
*** SUMMARY ***
Total pot $10
Seat 5: 924fbdd6won ($10)
Seat 4: 9a495969 folded before Flop (didn't bet)
Seat 1: 530eb505(big blind) folded before Flop
Seat 6: Hero(small blind) folded before Flop
Seat 2: d404b8c8 folded before Flop (didn't bet)



Poker Hand #ring_857108054: NLH No Limit ($2/$4) - 2025/05/04 02:23:40
Table 'MR NLH 2/4' 7-max Seat #4 is the button
Seat 5: 924fbdd6 ($558.35 in chips)
Seat 4: 9a495969 ($882.22 in chips)
Seat 1: 530eb505 ($1,292.15 in chips)
Seat 6: Hero ($382.12 in chips)
Seat 2: d404b8c8 ($951.58 in chips)
924fbdd6: posts small blind $2
Hero: posts big blind $4
*** HOLE CARDS ***
Dealt to 924fbdd6 
Dealt to 9a495969 
Dealt to 530eb505 
Dealt to Hero [Ac 3s]
Dealt to d404b8c8 
530eb505: folds
d404b8c8: raises $4 to $8
9a495969: calls $8
924fbdd6: folds
Hero: calls $4
*** FLOP *** [5h Kc 6s]
Hero: checks
d404b8c8: checks
9a495969: checks
*** TURN *** [5h Kc 6s] [4d]
Hero: checks
d404b8c8: bets $13
9a495969: raises $39 to $52
Hero: folds
d404b8c8: calls $39
*** RIVER *** [5h Kc 6s 4d] [5d]
d404b8c8: checks
9a495969: checks
d404b8c8: shows [9h 9d]
9a495969: shows [2d 2s]
*** SHOWDOWN ***
d404b8c8 collected $130 from pot
*** SUMMARY ***
Total pot $130
Board [5h Kc 6s 4d 5d]
Seat 5: 924fbdd6(small blind) folded before Flop
Seat 4: 9a495969 showed [2d 2s] and lost with Pair of Fives and Pair of Twos
Seat 1: 530eb505 folded before Flop (didn't bet)
Seat 6: Hero(big blind) folded on the Turn
Seat 2: d404b8c8 showed [9h 9d] and won ($130) with Pair of Nines and Pair of Fives



Poker Hand #ring_857107368: NLH No Limit ($2/$4) - 2025/05/04 02:23:11
Table 'MR NLH 2/4' 7-max Seat #2 is the button
Seat 5: 924fbdd6 ($562.35 in chips)
Seat 4: 9a495969 ($884.22 in chips)
Seat 1: 530eb505 ($1,304.15 in chips)
Seat 6: Hero ($382.12 in chips)
Seat 2: d404b8c8 ($933.58 in chips)
9a495969: posts small blind $2
924fbdd6: posts big blind $4
*** HOLE CARDS ***
Dealt to 924fbdd6 
Dealt to 9a495969 
Dealt to 530eb505 
Dealt to Hero [3h 9h]
Dealt to d404b8c8 
Hero: folds
530eb505: raises $8 to $12
d404b8c8: raises $22.5 to $34.5
9a495969: folds
924fbdd6: folds
530eb505: folds
Uncalled bet ($22.5) returned to d404b8c8
*** SHOWDOWN ***
d404b8c8 collected $30 from pot
*** SUMMARY ***
Total pot $30
Seat 5: 924fbdd6(big blind) folded before Flop
Seat 4: 9a495969(small blind) folded before Flop
Seat 1: 530eb505 folded before Flop
Seat 6: Hero folded before Flop (didn't bet)
Seat 2: d404b8c8won ($30)



Poker Hand #ring_857106507: NLH No Limit ($2/$4) - 2025/05/04 02:22:34
Table 'MR NLH 2/4' 7-max Seat #1 is the button
Seat 5: 924fbdd6 ($562.35 in chips)
Seat 4: 9a495969 ($834.22 in chips)
Seat 1: 530eb505 ($1,340.15 in chips)
Seat 6: Hero ($394.12 in chips)
Seat 2: d404b8c8 ($935.58 in chips)
d404b8c8: posts small blind $2
9a495969: posts big blind $4
*** HOLE CARDS ***
Dealt to 924fbdd6 
Dealt to 9a495969 
Dealt to 530eb505 
Dealt to Hero [4d 4h]
Dealt to d404b8c8 
924fbdd6: folds
Hero: raises $8 to $12
530eb505: raises $24 to $36
d404b8c8: folds
9a495969: raises $78 to $114
Hero: folds
530eb505: folds
Uncalled bet ($78) returned to 9a495969
*** SHOWDOWN ***
9a495969 collected $86 from pot
*** SUMMARY ***
Total pot $86
Seat 5: 924fbdd6 folded before Flop (didn't bet)
Seat 4: 9a495969(big blind)won ($86)
Seat 1: 530eb505 folded before Flop
Seat 6: Hero folded before Flop
Seat 2: d404b8c8(small blind) folded before Flop



Poker Hand #ring_857106081: NLH No Limit ($2/$4) - 2025/05/04 02:22:15
Table 'MR NLH 2/4' 7-max Seat #6 is the button
Seat 5: 924fbdd6 ($562.35 in chips)
Seat 4: 9a495969 ($828.22 in chips)
Seat 1: 530eb505 ($1,342.15 in chips)
Seat 6: Hero ($394.12 in chips)
Seat 2: d404b8c8 ($939.58 in chips)
530eb505: posts small blind $2
d404b8c8: posts big blind $4
*** HOLE CARDS ***
Dealt to 924fbdd6 
Dealt to 9a495969 
Dealt to 530eb505 
Dealt to Hero [8d 4s]
Dealt to d404b8c8 
9a495969: raises $10 to $14
924fbdd6: folds
Hero: folds
530eb505: folds
d404b8c8: folds
Uncalled bet ($10) returned to 9a495969
*** SHOWDOWN ***
9a495969 collected $10 from pot
*** SUMMARY ***
Total pot $10
Seat 5: 924fbdd6 folded before Flop (didn't bet)
Seat 4: 9a495969won ($10)
Seat 1: 530eb505(small blind) folded before Flop
Seat 6: Hero folded before Flop (didn't bet)
Seat 2: d404b8c8(big blind) folded before Flop



Poker Hand #ring_857104710: NLH No Limit ($2/$4) - 2025/05/04 02:21:15
Table 'MR NLH 2/4' 7-max Seat #5 is the button
Seat 5: 924fbdd6 ($562.35 in chips)
Seat 4: 9a495969 ($828.22 in chips)
Seat 1: 530eb505 ($1,346.15 in chips)
Seat 6: Hero ($386.66 in chips)
Seat 2: d404b8c8 ($943.58 in chips)
Hero: posts small blind $2
530eb505: posts big blind $4
*** HOLE CARDS ***
Dealt to 924fbdd6 
Dealt to 9a495969 
Dealt to 530eb505 
Dealt to Hero [Jd 8s]
Dealt to d404b8c8 
d404b8c8: calls $4
9a495969: folds
924fbdd6: folds
Hero: calls $2
530eb505: checks
*** FLOP *** [3h Qd Ks]
Hero: checks
530eb505: checks
d404b8c8: checks
*** TURN *** [3h Qd Ks] [3c]
Hero: bets $6
530eb505: folds
d404b8c8: folds
Uncalled bet ($6) returned to Hero
*** SHOWDOWN ***
Hero collected $12 from pot
*** SUMMARY ***
Total pot $12
Board [3h Qd Ks 3c]
Seat 5: 924fbdd6 folded before Flop (didn't bet)
Seat 4: 9a495969 folded before Flop (didn't bet)
Seat 1: 530eb505(big blind) folded on the Turn
Seat 6: Hero(small blind)won ($12) with Pair of Treys
Seat 2: d404b8c8 folded on the Turn



Poker Hand #ring_857103852: NLH No Limit ($2/$4) - 2025/05/04 02:20:39
Table 'MR NLH 2/4' 7-max Seat #4 is the button
Seat 5: 924fbdd6 ($564.35 in chips)
Seat 4: 9a495969 ($828.22 in chips)
Seat 1: 530eb505 ($1,346.15 in chips)
Seat 6: Hero ($380.66 in chips)
Seat 2: d404b8c8 ($947.58 in chips)
924fbdd6: posts small blind $2
Hero: posts big blind $4
*** HOLE CARDS ***
Dealt to 924fbdd6 
Dealt to 9a495969 
Dealt to 530eb505 
Dealt to Hero [Kc Qd]
Dealt to d404b8c8 
530eb505: folds
d404b8c8: calls $4
9a495969: folds
924fbdd6: folds
Hero: raises $8 to $12
d404b8c8: folds
Uncalled bet ($8) returned to Hero
*** SHOWDOWN ***
Hero collected $10 from pot
*** SUMMARY ***
Total pot $10
Seat 5: 924fbdd6(small blind) folded before Flop
Seat 4: 9a495969 folded before Flop (didn't bet)
Seat 1: 530eb505 folded before Flop (didn't bet)
Seat 6: Hero(big blind)won ($10)
Seat 2: d404b8c8 folded before Flop



Poker Hand #ring_857103045: NLH No Limit ($2/$4) - 2025/05/04 02:20:02
Table 'MR NLH 2/4' 7-max Seat #0 is the button
Seat 5: 924fbdd6 ($568.35 in chips)
Seat 4: 9a495969 ($813.48 in chips)
Seat 1: 530eb505 ($1,346.15 in chips)
Seat 6: Hero ($392.66 in chips)
Seat 2: d404b8c8 ($947.58 in chips)
9a495969: posts small blind $2
924fbdd6: posts big blind $4
*** HOLE CARDS ***
Dealt to 924fbdd6 
Dealt to 9a495969 
Dealt to 530eb505 
Dealt to Hero [5c 5s]
Dealt to d404b8c8 
Hero: raises $8 to $12
530eb505: folds
d404b8c8: folds
9a495969: calls $10
924fbdd6: folds
*** FLOP *** [Js 6h 6c]
9a495969: checks
Hero: checks
*** TURN *** [Js 6h 6c] [As]
9a495969: bets $21
Hero: folds
Uncalled bet ($21) returned to 9a495969
*** SHOWDOWN ***
9a495969 collected $28 from pot
*** SUMMARY ***
Total pot $28
Board [Js 6h 6c As]
Seat 5: 924fbdd6(big blind) folded before Flop
Seat 4: 9a495969(small blind)won ($28) with Pair of Aces and Pair of Jacks
Seat 1: 530eb505 folded before Flop (didn't bet)
Seat 6: Hero folded on the Turn
Seat 2: d404b8c8 folded before Flop (didn't bet)



Poker Hand #ring_857101867: NLH No Limit ($2/$4) - 2025/05/04 02:19:13
Table 'MR NLH 2/4' 7-max Seat #2 is the button
Seat 5: 924fbdd6 ($568.35 in chips)
Seat 4: 9a495969 ($843.48 in chips)
Seat 1: 530eb505 ($1,346.15 in chips)
Seat 6: Hero ($392.66 in chips)
Seat 2: d404b8c8 ($921.28 in chips)
9a495969: posts big blind $4
*** HOLE CARDS ***
Dealt to 924fbdd6 
Dealt to 9a495969 
Dealt to 530eb505 
Dealt to Hero [Qd 7c]
Dealt to d404b8c8 
924fbdd6: folds
Hero: folds
530eb505: folds
d404b8c8: calls $4
9a495969: raises $8 to $12
d404b8c8: calls $8
*** FLOP *** [Td 7s 9h]
9a495969: checks
d404b8c8: bets $18
9a495969: calls $18
*** TURN *** [Td 7s 9h] [2s]
9a495969: checks
d404b8c8: bets $45
9a495969: folds
Uncalled bet ($45) returned to d404b8c8
*** SHOWDOWN ***
d404b8c8 collected $60 from pot
*** SUMMARY ***
Total pot $60
Board [Td 7s 9h 2s]
Seat 5: 924fbdd6 folded before Flop (didn't bet)
Seat 4: 9a495969(big blind) folded on the Turn
Seat 1: 530eb505 folded before Flop (didn't bet)
Seat 6: Hero folded before Flop (didn't bet)
Seat 2: d404b8c8won ($60) with Jacks-High Straight



Poker Hand #ring_857100894: NLH No Limit ($2/$4) - 2025/05/04 02:18:31
Table 'MR NLH 2/4' 7-max Seat #1 is the button
Seat 5: 924fbdd6 ($568.35 in chips)
Seat 4: 9a495969 ($843.48 in chips)
Seat 1: 530eb505 ($1,346.15 in chips)
Seat 3: 85a0d587 ($396 in chips)
Seat 6: Hero ($386.66 in chips)
Seat 2: d404b8c8 ($923.28 in chips)
d404b8c8: posts small blind $2
85a0d587: posts big blind $4
*** HOLE CARDS ***
Dealt to 924fbdd6 
Dealt to 9a495969 
Dealt to 530eb505 
Dealt to 85a0d587 
Dealt to Hero [Ks 9s]
Dealt to d404b8c8 
9a495969: folds
924fbdd6: folds
Hero: raises $6 to $10
530eb505: folds
d404b8c8: folds
85a0d587: folds
Uncalled bet ($6) returned to Hero
*** SHOWDOWN ***
Hero collected $10 from pot
*** SUMMARY ***
Total pot $10
Seat 5: 924fbdd6 folded before Flop (didn't bet)
Seat 4: 9a495969 folded before Flop (didn't bet)
Seat 1: 530eb505 folded before Flop (didn't bet)
Seat 3: 85a0d587(big blind) folded before Flop
Seat 6: Herowon ($10)
Seat 2: d404b8c8(small blind) folded before Flop



Poker Hand #ring_857100064: NLH No Limit ($2/$4) - 2025/05/04 02:17:56
Table 'MR NLH 2/4' 7-max Seat #6 is the button
Seat 5: 924fbdd6 ($568.35 in chips)
Seat 4: 9a495969 ($826.92 in chips)
Seat 1: 530eb505 ($1,360.15 in chips)
Seat 3: 85a0d587 ($396 in chips)
Seat 6: Hero ($386.66 in chips)
Seat 2: d404b8c8 ($927.28 in chips)
530eb505: posts small blind $2
d404b8c8: posts big blind $4
*** HOLE CARDS ***
Dealt to 924fbdd6 
Dealt to 9a495969 
Dealt to 530eb505 
Dealt to 85a0d587 
Dealt to Hero [2d Qd]
Dealt to d404b8c8 
85a0d587: folds
9a495969: raises $10 to $14
924fbdd6: folds
Hero: folds
530eb505: calls $12
d404b8c8: folds
*** FLOP *** [As 5h 8s]
530eb505: checks
9a495969: bets $16
530eb505: folds
Uncalled bet ($16) returned to 9a495969
*** SHOWDOWN ***
9a495969 collected $32 from pot
*** SUMMARY ***
Total pot $32
Board [As 5h 8s]
Seat 5: 924fbdd6 folded before Flop (didn't bet)
Seat 4: 9a495969won ($32) with Pair of Nines
Seat 1: 530eb505(small blind) folded on the Flop
Seat 3: 85a0d587 folded before Flop (didn't bet)
Seat 6: Hero folded before Flop (didn't bet)
Seat 2: d404b8c8(big blind) folded before Flop



Poker Hand #ring_857098681: NLH No Limit ($2/$4) - 2025/05/04 02:16:58
Table 'MR NLH 2/4' 7-max Seat #5 is the button
Seat 5: 924fbdd6 ($525.67 in chips)
Seat 4: 9a495969 ($826.92 in chips)
Seat 1: 530eb505 ($1,364.15 in chips)
Seat 3: 85a0d587 ($400 in chips)
Seat 6: Hero ($388.66 in chips)
Seat 2: d404b8c8 ($964.78 in chips)
Hero: posts small blind $2
530eb505: posts big blind $4
85a0d587: posts big blind $4
*** HOLE CARDS ***
Dealt to 924fbdd6 
Dealt to 9a495969 
Dealt to 530eb505 
Dealt to 85a0d587 
Dealt to Hero [6s 3c]
Dealt to d404b8c8 
d404b8c8: calls $4
85a0d587: checks
9a495969: folds
924fbdd6: raises $8 to $12
Hero: folds
530eb505: folds
d404b8c8: calls $8
85a0d587: folds
*** FLOP *** [Td Tc 8h]
d404b8c8: checks
924fbdd6: checks
*** TURN *** [Td Tc 8h] [8d]
d404b8c8: checks
924fbdd6: checks
*** RIVER *** [Td Tc 8h 8d] [Jh]
d404b8c8: bets $25.5
924fbdd6: raises $63.75 to $89.25
d404b8c8: folds
Uncalled bet ($63.75) returned to 924fbdd6
*** SHOWDOWN ***
924fbdd6 collected $85 from pot
*** SUMMARY ***
Total pot $85
Board [Td Tc 8h 8d Jh]
Seat 5: 924fbdd6won ($85) with Tens Full over Eights
Seat 4: 9a495969 folded before Flop (didn't bet)
Seat 1: 530eb505(big blind) folded before Flop
Seat 3: 85a0d587 folded before Flop
Seat 6: Hero(small blind) folded before Flop
Seat 2: d404b8c8 folded on the River



Poker Hand #ring_857097776: NLH No Limit ($2/$4) - 2025/05/04 02:16:19
Table 'MR NLH 2/4' 7-max Seat #4 is the button
Seat 5: 924fbdd6 ($546.91 in chips)
Seat 4: 9a495969 ($804.77 in chips)
Seat 1: 530eb505 ($1,364.15 in chips)
Seat 6: Hero ($392.66 in chips)
Seat 2: d404b8c8 ($964.78 in chips)
924fbdd6: posts small blind $2
Hero: posts big blind $4
*** HOLE CARDS ***
Dealt to 924fbdd6 
Dealt to 9a495969 
Dealt to 530eb505 
Dealt to Hero [3h 5d]
Dealt to d404b8c8 
530eb505: folds
d404b8c8: folds
9a495969: raises $8 to $12
924fbdd6: calls $10
Hero: folds
*** FLOP *** [9c Qs Qc]
924fbdd6: checks
9a495969: bets $9.24
924fbdd6: calls $9.24
*** TURN *** [9c Qs Qc] [3d]
924fbdd6: checks
9a495969: checks
*** RIVER *** [9c Qs Qc 3d] [7h]
924fbdd6: checks
9a495969: checks
9a495969: shows [Kc 3c]
924fbdd6: shows [Kh Jd]
*** SHOWDOWN ***
9a495969 collected $46.48 from pot
*** SUMMARY ***
Total pot $46.48
Board [9c Qs Qc 3d 7h]
Seat 5: 924fbdd6(small blind) showed [Kh Jd] and lost with Pair of Queens
Seat 4: 9a495969 showed [Kc 3c] and won ($46.48) with Pair of Queens and Pair of Treys
Seat 1: 530eb505 folded before Flop (didn't bet)
Seat 6: Hero(big blind) folded before Flop
Seat 2: d404b8c8 folded before Flop (didn't bet)



Poker Hand #ring_857096657: NLH No Limit ($2/$4) - 2025/05/04 02:15:33
Table 'MR NLH 2/4' 7-max Seat #2 is the button
Seat 5: 924fbdd6 ($594.91 in chips)
Seat 4: 9a495969 ($762.09 in chips)
Seat 1: 530eb505 ($1,364.15 in chips)
Seat 6: Hero ($392.66 in chips)
Seat 2: d404b8c8 ($964.78 in chips)
9a495969: posts small blind $2
924fbdd6: posts big blind $4
*** HOLE CARDS ***
Dealt to 924fbdd6 
Dealt to 9a495969 
Dealt to 530eb505 
Dealt to Hero [3h Kh]
Dealt to d404b8c8 
Hero: folds
530eb505: folds
d404b8c8: folds
9a495969: raises $8 to $12
924fbdd6: calls $8
*** FLOP *** [As 8s 4h]
9a495969: bets $12
924fbdd6: calls $12
*** TURN *** [As 8s 4h] [2d]
9a495969: checks
924fbdd6: checks
*** RIVER *** [As 8s 4h 2d] [Jc]
9a495969: bets $24
924fbdd6: calls $24
9a495969: shows [7h Ah]
924fbdd6: shows [9c 9d]
*** SHOWDOWN ***
9a495969 collected $96 from pot
*** SUMMARY ***
Total pot $96
Board [As 8s 4h 2d Jc]
Seat 5: 924fbdd6(big blind) showed [9c 9d] and lost with Pair of Nines
Seat 4: 9a495969(small blind) showed [7h Ah] and won ($96) with Pair of Aces
Seat 1: 530eb505 folded before Flop (didn't bet)
Seat 6: Hero folded before Flop (didn't bet)
Seat 2: d404b8c8 folded before Flop (didn't bet)



Poker Hand #ring_857095355: NLH No Limit ($2/$4) - 2025/05/04 02:14:38
Table 'MR NLH 2/4' 7-max Seat #1 is the button
Seat 5: 924fbdd6 ($594.91 in chips)
Seat 4: 9a495969 ($738.43 in chips)
Seat 1: 530eb505 ($1,364.15 in chips)
Seat 6: Hero ($417.66 in chips)
Seat 2: d404b8c8 ($966.78 in chips)
d404b8c8: posts small blind $2
9a495969: posts big blind $4
*** HOLE CARDS ***
Dealt to 924fbdd6 
Dealt to 9a495969 
Dealt to 530eb505 
Dealt to Hero [5d 3d]
Dealt to d404b8c8 
924fbdd6: folds
Hero: raises $8 to $12
530eb505: folds
d404b8c8: folds
9a495969: calls $8
*** FLOP *** [Tc 8s 5s]
9a495969: checks
Hero: bets $13
9a495969: raises $52 to $65
Hero: folds
Uncalled bet ($52) returned to 9a495969
*** SHOWDOWN ***
9a495969 collected $52 from pot
*** SUMMARY ***
Total pot $52
Board [Tc 8s 5s]
Seat 5: 924fbdd6 folded before Flop (didn't bet)
Seat 4: 9a495969(big blind)won ($52) with Pair of Tens and Pair of Eights
Seat 1: 530eb505 folded before Flop (didn't bet)
Seat 6: Hero folded on the Flop
Seat 2: d404b8c8(small blind) folded before Flop



Poker Hand #ring_857094617: NLH No Limit ($2/$4) - 2025/05/04 02:14:07
Table 'MR NLH 2/4' 7-max Seat #6 is the button
Seat 5: 924fbdd6 ($594.91 in chips)
Seat 4: 9a495969 ($738.43 in chips)
Seat 1: 530eb505 ($1,376.15 in chips)
Seat 6: Hero ($417.66 in chips)
Seat 2: d404b8c8 ($955.86 in chips)
530eb505: posts small blind $2
d404b8c8: posts big blind $4
*** HOLE CARDS ***
Dealt to 924fbdd6 
Dealt to 9a495969 
Dealt to 530eb505 
Dealt to Hero [3d Qc]
Dealt to d404b8c8 
9a495969: folds
924fbdd6: folds
Hero: folds
530eb505: calls $2
d404b8c8: raises $8 to $12
530eb505: calls $8
*** FLOP *** [3h Jh 6s]
530eb505: checks
d404b8c8: bets $18
530eb505: folds
Uncalled bet ($18) returned to d404b8c8
*** SHOWDOWN ***
d404b8c8 collected $24 from pot
*** SUMMARY ***
Total pot $24
Board [3h Jh 6s]
Seat 5: 924fbdd6 folded before Flop (didn't bet)
Seat 4: 9a495969 folded before Flop (didn't bet)
Seat 1: 530eb505(small blind) folded on the Flop
Seat 6: Hero folded before Flop (didn't bet)
Seat 2: d404b8c8(big blind)won ($24) with Ace-High



Poker Hand #ring_857093561: NLH No Limit ($2/$4) - 2025/05/04 02:13:22
Table 'MR NLH 2/4' 7-max Seat #5 is the button
Seat 5: 924fbdd6 ($594.91 in chips)
Seat 4: 9a495969 ($738.43 in chips)
Seat 1: 530eb505 ($1,380.15 in chips)
Seat 6: Hero ($399.28 in chips)
Seat 2: d404b8c8 ($971.86 in chips)
Hero: posts small blind $2
530eb505: posts big blind $4
*** HOLE CARDS ***
Dealt to 924fbdd6 
Dealt to 9a495969 
Dealt to 530eb505 
Dealt to Hero [Jh Ac]
Dealt to d404b8c8 
d404b8c8: calls $4
9a495969: folds
924fbdd6: folds
Hero: raises $12 to $16
530eb505: folds
d404b8c8: calls $12
*** FLOP *** [9s 2s Kc]
Hero: bets $18
d404b8c8: folds
Uncalled bet ($18) returned to Hero
*** SHOWDOWN ***
Hero collected $36 from pot
*** SUMMARY ***
Total pot $36
Board [9s 2s Kc]
Seat 5: 924fbdd6 folded before Flop (didn't bet)
Seat 4: 9a495969 folded before Flop (didn't bet)
Seat 1: 530eb505(big blind) folded before Flop
Seat 6: Hero(small blind)won ($36) with Ace-High
Seat 2: d404b8c8 folded on the Flop



Poker Hand #ring_857091688: NLH No Limit ($2/$4) - 2025/05/04 02:12:05
Table 'MR NLH 2/4' 7-max Seat #4 is the button
Seat 5: 924fbdd6 ($596.91 in chips)
Seat 4: 9a495969 ($922.18 in chips)
Seat 1: 530eb505 ($1,208.2 in chips)
Seat 6: Hero ($403.28 in chips)
Seat 2: d404b8c8 ($971.86 in chips)
924fbdd6: posts small blind $2
Hero: posts big blind $4
*** HOLE CARDS ***
Dealt to 924fbdd6 
Dealt to 9a495969 
Dealt to 530eb505 
Dealt to Hero [3s Qd]
Dealt to d404b8c8 
530eb505: raises $8 to $12
d404b8c8: folds
9a495969: calls $12
924fbdd6: folds
Hero: folds
*** FLOP *** [Kc Ah 9c]
530eb505: bets $9.9
9a495969: raises $49.8 to $59.7
530eb505: calls $49.8
*** TURN *** [Kc Ah 9c] [Td]
530eb505: checks
9a495969: bets $112.05
530eb505: raises $280.12 to $392.17
9a495969: folds
Uncalled bet ($280.12) returned to 530eb505
9a495969: shows [9d Kd]
*** SHOWDOWN ***
530eb505 collected $373.5 from pot
*** SUMMARY ***
Total pot $373.5
Board [Kc Ah 9c Td]
Seat 5: 924fbdd6(small blind) folded before Flop
Seat 4: 9a495969 folded on the Turn
Seat 1: 530eb505won ($373.5) with Three Aces
Seat 6: Hero(big blind) folded before Flop
Seat 2: d404b8c8 folded before Flop (didn't bet)



Poker Hand #ring_857090786: NLH No Limit ($2/$4) - 2025/05/04 02:11:26
Table 'MR NLH 2/4' 7-max Seat #2 is the button
Seat 5: 924fbdd6 ($608.91 in chips)
Seat 4: 9a495969 ($911.26 in chips)
Seat 1: 530eb505 ($1,208.2 in chips)
Seat 6: Hero ($403.28 in chips)
Seat 2: d404b8c8 ($971.86 in chips)
9a495969: posts small blind $2
924fbdd6: posts big blind $4
*** HOLE CARDS ***
Dealt to 924fbdd6 
Dealt to 9a495969 
Dealt to 530eb505 
Dealt to Hero [6c 2h]
Dealt to d404b8c8 
Hero: folds
530eb505: folds
d404b8c8: folds
9a495969: raises $8 to $12
924fbdd6: calls $8
*** FLOP *** [5d 5c 3c]
9a495969: bets $18
924fbdd6: folds
Uncalled bet ($18) returned to 9a495969
*** SHOWDOWN ***
9a495969 collected $24 from pot
*** SUMMARY ***
Total pot $24
Board [5d 5c 3c]
Seat 5: 924fbdd6(big blind) folded on the Flop
Seat 4: 9a495969(small blind)won ($24) with Pair of Fives
Seat 1: 530eb505 folded before Flop (didn't bet)
Seat 6: Hero folded before Flop (didn't bet)
Seat 2: d404b8c8 folded before Flop (didn't bet)



Poker Hand #ring_857090320: NLH No Limit ($2/$4) - 2025/05/04 02:11:07
Table 'MR NLH 2/4' 7-max Seat #1 is the button
Seat 5: 924fbdd6 ($608.91 in chips)
Seat 4: 9a495969 ($915.26 in chips)
Seat 1: 530eb505 ($1,202.2 in chips)
Seat 6: Hero ($403.28 in chips)
Seat 2: d404b8c8 ($973.86 in chips)
d404b8c8: posts small blind $2
9a495969: posts big blind $4
*** HOLE CARDS ***
Dealt to 924fbdd6 
Dealt to 9a495969 
Dealt to 530eb505 
Dealt to Hero [9h 6s]
Dealt to d404b8c8 
924fbdd6: folds
Hero: folds
530eb505: raises $8 to $12
d404b8c8: folds
9a495969: folds
Uncalled bet ($8) returned to 530eb505
*** SHOWDOWN ***
530eb505 collected $10 from pot
*** SUMMARY ***
Total pot $10
Seat 5: 924fbdd6 folded before Flop (didn't bet)
Seat 4: 9a495969(big blind) folded before Flop
Seat 1: 530eb505won ($10)
Seat 6: Hero folded before Flop (didn't bet)
Seat 2: d404b8c8(small blind) folded before Flop



Poker Hand #ring_857089750: NLH No Limit ($2/$4) - 2025/05/04 02:10:43
Table 'MR NLH 2/4' 7-max Seat #6 is the button
Seat 5: 924fbdd6 ($608.91 in chips)
Seat 4: 9a495969 ($915.26 in chips)
Seat 1: 530eb505 ($1,204.2 in chips)
Seat 6: Hero ($403.28 in chips)
Seat 2: d404b8c8 ($971.86 in chips)
530eb505: posts small blind $2
d404b8c8: posts big blind $4
*** HOLE CARDS ***
Dealt to 924fbdd6 
Dealt to 9a495969 
Dealt to 530eb505 
Dealt to Hero [8d 2d]
Dealt to d404b8c8 
9a495969: folds
924fbdd6: folds
Hero: folds
530eb505: folds
*** SHOWDOWN ***
d404b8c8 collected $6 from pot
*** SUMMARY ***
Total pot $6
Seat 5: 924fbdd6 folded before Flop (didn't bet)
Seat 4: 9a495969 folded before Flop (didn't bet)
Seat 1: 530eb505(small blind) folded before Flop
Seat 6: Hero folded before Flop (didn't bet)
Seat 2: d404b8c8(big blind)won ($6)



Poker Hand #ring_857088013: NLH No Limit ($2/$4) - 2025/05/04 02:09:31
Table 'MR NLH 2/4' 7-max Seat #5 is the button
Seat 5: 924fbdd6 ($608.91 in chips)
Seat 4: 9a495969 ($919.26 in chips)
Seat 1: 530eb505 ($1,208.2 in chips)
Seat 6: Hero ($392 in chips)
Seat 2: d404b8c8 ($975.86 in chips)
Hero: posts small blind $2
530eb505: posts big blind $4
*** HOLE CARDS ***
Dealt to 924fbdd6 
Dealt to 9a495969 
Dealt to 530eb505 
Dealt to Hero [4c As]
Dealt to d404b8c8 
d404b8c8: calls $4
9a495969: calls $4
924fbdd6: folds
Hero: calls $2
530eb505: checks
*** FLOP *** [7s Kd Qs]
Hero: checks
530eb505: checks
d404b8c8: checks
9a495969: checks
*** TURN *** [7s Kd Qs] [Ad]
Hero: checks
530eb505: checks
d404b8c8: checks
9a495969: checks
*** RIVER *** [7s Kd Qs Ad] [Kh]
Hero: bets $8
530eb505: folds
d404b8c8: folds
9a495969: folds
Uncalled bet ($8) returned to Hero
*** SHOWDOWN ***
Hero collected $16 from pot
*** SUMMARY ***
Total pot $16
Board [7s Kd Qs Ad Kh]
Seat 5: 924fbdd6 folded before Flop (didn't bet)
Seat 4: 9a495969 folded on the River
Seat 1: 530eb505(big blind) folded on the River
Seat 6: Hero(small blind)won ($16) with Pair of Aces and Pair of Kings
Seat 2: d404b8c8 folded on the River



Poker Hand #ring_857086606: NLH No Limit ($2/$4) - 2025/05/04 02:08:34
Table 'MR NLH 2/4' 7-max Seat #4 is the button
Seat 5: 924fbdd6 ($636.91 in chips)
Seat 4: 9a495969 ($919.26 in chips)
Seat 1: 530eb505 ($1,208.2 in chips)
Seat 6: Hero ($396 in chips)
Seat 2: d404b8c8 ($947.56 in chips)
924fbdd6: posts small blind $2
Hero: posts big blind $4
*** HOLE CARDS ***
Dealt to 924fbdd6 
Dealt to 9a495969 
Dealt to 530eb505 
Dealt to Hero [Jc 3c]
Dealt to d404b8c8 
530eb505: folds
d404b8c8: calls $4
9a495969: folds
924fbdd6: calls $2
Hero: checks
*** FLOP *** [9h Kd 8d]
924fbdd6: checks
Hero: checks
d404b8c8: bets $9
924fbdd6: raises $15 to $24
Hero: folds
d404b8c8: calls $15
*** TURN *** [9h Kd 8d] [Js]
924fbdd6: checks
d404b8c8: checks
*** RIVER *** [9h Kd 8d Js] [2c]
924fbdd6: checks
d404b8c8: checks
d404b8c8: shows [Kh 6d]
924fbdd6: shows [4c 9s]
*** SHOWDOWN ***
d404b8c8 collected $60 from pot
*** SUMMARY ***
Total pot $60
Board [9h Kd 8d Js 2c]
Seat 5: 924fbdd6(small blind) showed [4c 9s] and lost with Pair of Nines
Seat 4: 9a495969 folded before Flop (didn't bet)
Seat 1: 530eb505 folded before Flop (didn't bet)
Seat 6: Hero(big blind) folded on the Flop
Seat 2: d404b8c8 showed [Kh 6d] and won ($60) with Pair of Kings



