Poker Hand #ring_902769128: NLH No Limit ($2/$4) - 2025/05/28 03:05:38
Table 'MR NLH 2/4' 7-max Seat #3 is the button
Seat 3: 40638ede ($2,671.24 in chips)
Seat 5: Hero ($174.04 in chips)
40638ede: posts small blind $2
Hero: posts big blind $4
*** HOLE CARDS ***
Dealt to 40638ede 
Dealt to Hero [3c Qh]
40638ede: raises $12 to $16
Hero: folds
Uncalled bet ($12) returned to 40638ede
*** SHOWDOWN ***
40638ede collected $8 from pot
*** SUMMARY ***
Total pot $8
Seat 3: 40638ede(small blind)won ($8)
Seat 5: Hero(big blind) folded before Flop



Poker Hand #ring_902768873: NLH No Limit ($2/$4) - 2025/05/28 03:05:26
Table 'MR NLH 2/4' 7-max Seat #5 is the button
Seat 3: 40638ede ($2,675.24 in chips)
Seat 5: Hero ($170.04 in chips)
Hero: posts small blind $2
40638ede: posts big blind $4
*** HOLE CARDS ***
Dealt to 40638ede 
Dealt to Hero [Jh 8s]
Hero: raises $6 to $10
40638ede: folds
Uncalled bet ($6) returned to Hero
*** SHOWDOWN ***
Hero collected $8 from pot
*** SUMMARY ***
Total pot $8
Seat 3: 40638ede(big blind) folded before Flop
Seat 5: Hero(small blind)won ($8)



Poker Hand #ring_902768282: NLH No Limit ($2/$4) - 2025/05/28 03:05:02
Table 'MR NLH 2/4' 7-max Seat #3 is the button
Seat 3: 40638ede ($2,677.24 in chips)
Seat 5: Hero ($168.04 in chips)
40638ede: posts small blind $2
Hero: posts big blind $4
*** HOLE CARDS ***
Dealt to 40638ede 
Dealt to Hero [6h Ah]
40638ede: folds
*** SHOWDOWN ***
Hero collected $6 from pot
*** SUMMARY ***
Total pot $6
Seat 3: 40638ede(small blind) folded before Flop
Seat 5: Hero(big blind)won ($6)



Poker Hand #ring_902767310: NLH No Limit ($2/$4) - 2025/05/28 03:04:21
Table 'MR NLH 2/4' 7-max Seat #5 is the button
Seat 3: 40638ede ($2,679.04 in chips)
Seat 5: Hero ($169.84 in chips)
Hero: posts small blind $2
40638ede: posts big blind $4
*** HOLE CARDS ***
Dealt to 40638ede 
Dealt to Hero [Ad Qh]
Hero: raises $6 to $10
40638ede: calls $6
*** FLOP *** [3d 5s 4h]
40638ede: checks
Hero: checks
*** TURN *** [3d 5s 4h] [2d]
40638ede: checks
Hero: bets $10
40638ede: raises $20 to $30
Hero: calls $20
*** RIVER *** [3d 5s 4h 2d] [8c]
40638ede: bets $40
Hero: calls $40
40638ede: shows [7c As]
Hero: shows [Ad Qh]
*** SHOWDOWN ***
40638ede collected $80 from pot
Hero collected $80 from pot
*** SUMMARY ***
Total pot $160
Board [3d 5s 4h 2d 8c]
Seat 3: 40638ede(big blind) showed [7c As] and won ($80) with Fives-High Straight
Seat 5: Hero(small blind) showed [Ad Qh] and won ($80) with Fives-High Straight



Poker Hand #ring_902766966: NLH No Limit ($2/$4) - 2025/05/28 03:04:07
Table 'MR NLH 2/4' 7-max Seat #3 is the button
Seat 3: 40638ede ($2,687.04 in chips)
Seat 5: Hero ($161.84 in chips)
40638ede: posts small blind $2
Hero: posts big blind $4
*** HOLE CARDS ***
Dealt to 40638ede 
Dealt to Hero [Ts Th]
40638ede: raises $4 to $8
Hero: raises $23.2 to $31.2
40638ede: folds
Uncalled bet ($23.2) returned to Hero
*** SHOWDOWN ***
Hero collected $16 from pot
*** SUMMARY ***
Total pot $16
Seat 3: 40638ede(small blind) folded before Flop
Seat 5: Hero(big blind)won ($16)



Poker Hand #ring_902766008: NLH No Limit ($2/$4) - 2025/05/28 03:03:27
Table 'MR NLH 2/4' 7-max Seat #0 is the button
Seat 3: 40638ede ($2,648.84 in chips)
Seat 5: Hero ($201.84 in chips)
Hero: posts small blind $2
40638ede: posts big blind $4
*** HOLE CARDS ***
Dealt to 40638ede 
Dealt to Hero [7c 6c]
Hero: raises $6 to $10
40638ede: calls $6
*** FLOP *** [Jh 7h Js]
Hero: bets $10
40638ede: calls $10
*** TURN *** [Jh 7h Js] [2s]
Hero: checks
40638ede: bets $20
Hero: calls $20
*** RIVER *** [Jh 7h Js 2s] [2c]
Hero: checks
40638ede: checks
40638ede: shows [9s 7s]
Hero: shows [7c 6c]
*** SHOWDOWN ***
40638ede collected $80 from pot
*** SUMMARY ***
Total pot $80
Board [Jh 7h Js 2s 2c]
Seat 3: 40638ede(big blind) showed [9s 7s] and won ($80) with Pair of Jacks and Pair of Sevens
Seat 5: Hero(small blind) showed [7c 6c] and lost with Pair of Jacks and Pair of Sevens



Poker Hand #ring_902765675: NLH No Limit ($2/$4) - 2025/05/28 03:03:13
Table 'MR NLH 2/4' 7-max Seat #3 is the button
Seat 3: 40638ede ($2,648.84 in chips)
Seat 5: Hero ($201.84 in chips)
Hero: posts big blind $4
*** HOLE CARDS ***
Dealt to 40638ede 
Dealt to Hero [3d 3s]
40638ede: folds
Uncalled bet ($4) returned to Hero
*** SHOWDOWN ***
Hero collected $0 from pot
*** SUMMARY ***
Total pot $0
Seat 3: 40638ede folded before Flop (didn't bet)
Seat 5: Hero(big blind)lost



Poker Hand #ring_902765078: NLH No Limit ($2/$4) - 2025/05/28 03:02:48
Table 'MR NLH 2/4' 7-max Seat #5 is the button
Seat 4: 9d13625b ($844.78 in chips)
Seat 3: 40638ede ($2,650.84 in chips)
Seat 5: Hero ($189.01 in chips)
40638ede: posts small blind $2
9d13625b: posts big blind $4
*** HOLE CARDS ***
Dealt to 9d13625b 
Dealt to 40638ede 
Dealt to Hero [Qs Qd]
Hero: raises $8 to $12
40638ede: folds
9d13625b: calls $8
*** FLOP *** [6d 9c 3h]
9d13625b: checks
Hero: checks
*** TURN *** [6d 9c 3h] [8d]
9d13625b: checks
Hero: bets $13
9d13625b: folds
Uncalled bet ($13) returned to Hero
*** SHOWDOWN ***
Hero collected $26 from pot
*** SUMMARY ***
Total pot $26
Board [6d 9c 3h 8d]
Seat 4: 9d13625b(big blind) folded on the Turn
Seat 3: 40638ede(small blind) folded before Flop
Seat 5: Herowon ($26) with Pair of Queens



Poker Hand #ring_902763917: NLH No Limit ($2/$4) - 2025/05/28 03:02:00
Table 'MR NLH 2/4' 7-max Seat #4 is the button
Seat 4: 9d13625b ($821.01 in chips)
Seat 3: 40638ede ($2,654.84 in chips)
Seat 5: Hero ($210.93 in chips)
Hero: posts small blind $2
40638ede: posts big blind $4
*** HOLE CARDS ***
Dealt to 9d13625b 
Dealt to 40638ede 
Dealt to Hero [8h 9h]
9d13625b: raises $6 to $10
Hero: calls $8
40638ede: folds
*** FLOP *** [9d 6h Qc]
Hero: checks
9d13625b: bets $7.92
Hero: calls $7.92
*** TURN *** [9d 6h Qc] [6d]
Hero: checks
9d13625b: checks
*** RIVER *** [9d 6h Qc 6d] [7c]
Hero: checks
9d13625b: bets $4
Hero: calls $4
9d13625b: shows [9s 7d]
Hero: shows [8h 9h]
*** SHOWDOWN ***
9d13625b collected $47.84 from pot
*** SUMMARY ***
Total pot $47.84
Board [9d 6h Qc 6d 7c]
Seat 4: 9d13625b showed [9s 7d] and won ($47.84) with Pair of Nines and Pair of Sevens
Seat 3: 40638ede(big blind) folded before Flop
Seat 5: Hero(small blind) showed [8h 9h] and lost with Pair of Nines and Pair of Sixes



Poker Hand #ring_902763293: NLH No Limit ($2/$4) - 2025/05/28 03:01:35
Table 'MR NLH 2/4' 7-max Seat #3 is the button
Seat 4: 9d13625b ($823.01 in chips)
Seat 3: 40638ede ($2,654.84 in chips)
Seat 5: Hero ($208.93 in chips)
9d13625b: posts small blind $2
Hero: posts big blind $4
*** HOLE CARDS ***
Dealt to 9d13625b 
Dealt to 40638ede 
Dealt to Hero [4c 5c]
40638ede: folds
9d13625b: folds
*** SHOWDOWN ***
Hero collected $6 from pot
*** SUMMARY ***
Total pot $6
Seat 4: 9d13625b(small blind) folded before Flop
Seat 3: 40638ede folded before Flop (didn't bet)
Seat 5: Hero(big blind)won ($6)



Poker Hand #ring_902762752: NLH No Limit ($2/$4) - 2025/05/28 03:01:11
Table 'MR NLH 2/4' 7-max Seat #5 is the button
Seat 4: 9d13625b ($811.01 in chips)
Seat 3: 40638ede ($2,656.84 in chips)
Seat 5: Hero ($218.93 in chips)
40638ede: posts small blind $2
9d13625b: posts big blind $4
*** HOLE CARDS ***
Dealt to 9d13625b 
Dealt to 40638ede 
Dealt to Hero [Qh Ts]
Hero: raises $6 to $10
40638ede: folds
9d13625b: raises $29.26 to $39.26
Hero: folds
Uncalled bet ($29.26) returned to 9d13625b
*** SHOWDOWN ***
9d13625b collected $22 from pot
*** SUMMARY ***
Total pot $22
Seat 4: 9d13625b(big blind)won ($22)
Seat 3: 40638ede(small blind) folded before Flop
Seat 5: Hero folded before Flop



Poker Hand #ring_902762157: NLH No Limit ($2/$4) - 2025/05/28 03:00:47
Table 'MR NLH 2/4' 7-max Seat #4 is the button
Seat 4: 9d13625b ($800 in chips)
Seat 3: 40638ede ($2,666.84 in chips)
Seat 5: Hero ($220.93 in chips)
Hero: posts small blind $2
40638ede: posts big blind $4
*** HOLE CARDS ***
Dealt to 9d13625b 
Dealt to 40638ede 
Dealt to Hero [Jc 5c]
9d13625b: raises $6 to $10
Hero: folds
40638ede: calls $6
*** FLOP *** [Kh 5s 4d]
40638ede: checks
9d13625b: bets $7.26
40638ede: folds
Uncalled bet ($7.26) returned to 9d13625b
*** SHOWDOWN ***
9d13625b collected $22 from pot
*** SUMMARY ***
Total pot $22
Board [Kh 5s 4d]
Seat 4: 9d13625bwon ($22) with Pair of Fours
Seat 3: 40638ede(big blind) folded on the Flop
Seat 5: Hero(small blind) folded before Flop



Poker Hand #ring_902758798: NLH No Limit ($2/$4) - 2025/05/28 02:58:29
Table 'MR NLH 2/4' 7-max Seat #3 is the button
Seat 4: 9d13625b ($1,317.84 in chips)
Seat 3: 40638ede ($1,463.78 in chips)
Seat 5: Hero ($224.93 in chips)
9d13625b: posts small blind $2
Hero: posts big blind $4
*** HOLE CARDS ***
Dealt to 9d13625b 
Dealt to 40638ede 
Dealt to Hero [7c Jc]
40638ede: raises $8 to $12
9d13625b: raises $37.24 to $49.24
Hero: folds
40638ede: calls $37.24
*** FLOP *** [Td 2s 7s]
9d13625b: bets $52
40638ede: calls $52
*** TURN *** [Td 2s 7s] [9c]
9d13625b: checks
40638ede: bets $133
9d13625b: raises $191 to $324
40638ede: calls $191
*** RIVER *** [Td 2s 7s 9c] [As]
9d13625b: bets $892.6 and is all-in
40638ede: calls $892.6
40638ede: shows [Th Js]
9d13625b: shows [Kh 8h]
*** SHOWDOWN ***
40638ede collected $2,639.68 from pot
*** SUMMARY ***
Total pot $2,639.68
Board [Td 2s 7s 9c As]
Seat 4: 9d13625b(small blind) showed [Kh 8h] and lost with Ace-High
Seat 3: 40638ede showed [Th Js] and won ($2,639.68) with Pair of Tens
Seat 5: Hero(big blind) folded before Flop



Poker Hand #ring_902758299: NLH No Limit ($2/$4) - 2025/05/28 02:58:10
Table 'MR NLH 2/4' 7-max Seat #5 is the button
Seat 4: 9d13625b ($1,321.84 in chips)
Seat 3: 40638ede ($1,465.78 in chips)
Seat 5: Hero ($218.93 in chips)
40638ede: posts small blind $2
9d13625b: posts big blind $4
*** HOLE CARDS ***
Dealt to 9d13625b 
Dealt to 40638ede 
Dealt to Hero [9c 8h]
Hero: raises $6 to $10
40638ede: folds
9d13625b: folds
Uncalled bet ($6) returned to Hero
*** SHOWDOWN ***
Hero collected $10 from pot
*** SUMMARY ***
Total pot $10
Seat 4: 9d13625b(big blind) folded before Flop
Seat 3: 40638ede(small blind) folded before Flop
Seat 5: Herowon ($10)



Poker Hand #ring_902757983: NLH No Limit ($2/$4) - 2025/05/28 02:57:57
Table 'MR NLH 2/4' 7-max Seat #4 is the button
Seat 4: 9d13625b ($1,321.84 in chips)
Seat 3: 40638ede ($1,463.78 in chips)
Seat 5: Hero ($220.93 in chips)
Hero: posts small blind $2
40638ede: posts big blind $4
*** HOLE CARDS ***
Dealt to 9d13625b 
Dealt to 40638ede 
Dealt to Hero [3c Td]
9d13625b: folds
Hero: folds
*** SHOWDOWN ***
40638ede collected $6 from pot
*** SUMMARY ***
Total pot $6
Seat 4: 9d13625b folded before Flop (didn't bet)
Seat 3: 40638ede(big blind)won ($6)
Seat 5: Hero(small blind) folded before Flop



Poker Hand #ring_902756558: NLH No Limit ($2/$4) - 2025/05/28 02:56:58
Table 'MR NLH 2/4' 7-max Seat #3 is the button
Seat 4: 9d13625b ($1,323.84 in chips)
Seat 3: 40638ede ($1,439.12 in chips)
Seat 5: Hero ($245.93 in chips)
9d13625b: posts small blind $2
Hero: posts big blind $4
*** HOLE CARDS ***
Dealt to 9d13625b 
Dealt to 40638ede 
Dealt to Hero [Jd Qc]
40638ede: calls $4
9d13625b: folds
Hero: raises $8 to $12
40638ede: calls $8
*** FLOP *** [7h 5c 3s]
Hero: bets $13
40638ede: calls $13
*** TURN *** [7h 5c 3s] [3c]
Hero: checks
40638ede: bets $26
Hero: folds
Uncalled bet ($26) returned to 40638ede
*** SHOWDOWN ***
40638ede collected $52 from pot
*** SUMMARY ***
Total pot $52
Board [7h 5c 3s 3c]
Seat 4: 9d13625b(small blind) folded before Flop
Seat 3: 40638edewon ($52) with Pair of Fives and Pair of Treys
Seat 5: Hero(big blind) folded on the Turn



Poker Hand #ring_902755917: NLH No Limit ($2/$4) - 2025/05/28 02:56:33
Table 'MR NLH 2/4' 7-max Seat #5 is the button
Seat 4: 9d13625b ($1,327.84 in chips)
Seat 3: 40638ede ($1,449.12 in chips)
Seat 5: Hero ($233.01 in chips)
40638ede: posts small blind $2
9d13625b: posts big blind $4
*** HOLE CARDS ***
Dealt to 9d13625b 
Dealt to 40638ede 
Dealt to Hero [Kh 9s]
Hero: raises $6 to $10
40638ede: calls $8
9d13625b: folds
*** FLOP *** [Jc 4h Ks]
40638ede: checks
Hero: bets $12
40638ede: folds
Uncalled bet ($12) returned to Hero
*** SHOWDOWN ***
Hero collected $24 from pot
*** SUMMARY ***
Total pot $24
Board [Jc 4h Ks]
Seat 4: 9d13625b(big blind) folded before Flop
Seat 3: 40638ede(small blind) folded on the Flop
Seat 5: Herowon ($24) with Pair of Kings



Poker Hand #ring_902754922: NLH No Limit ($2/$4) - 2025/05/28 02:55:52
Table 'MR NLH 2/4' 7-max Seat #4 is the button
Seat 4: 9d13625b ($1,337.84 in chips)
Seat 3: 40638ede ($1,438.11 in chips)
Seat 5: Hero ($235.01 in chips)
Hero: posts small blind $2
40638ede: posts big blind $4
*** HOLE CARDS ***
Dealt to 9d13625b 
Dealt to 40638ede 
Dealt to Hero [6s 3s]
9d13625b: raises $6 to $10
Hero: folds
40638ede: calls $6
*** FLOP *** [4c Jc Qd]
40638ede: checks
9d13625b: checks
*** TURN *** [4c Jc Qd] [Tc]
40638ede: bets $7.26
9d13625b: folds
Uncalled bet ($7.26) returned to 40638ede
*** SHOWDOWN ***
40638ede collected $22 from pot
*** SUMMARY ***
Total pot $22
Board [4c Jc Qd Tc]
Seat 4: 9d13625b folded on the Turn
Seat 3: 40638ede(big blind)won ($22) with Kings-High Straight
Seat 5: Hero(small blind) folded before Flop



Poker Hand #ring_902752351: NLH No Limit ($2/$4) - 2025/05/28 02:54:09
Table 'MR NLH 2/4' 7-max Seat #3 is the button
Seat 4: 9d13625b ($1,339.84 in chips)
Seat 3: 40638ede ($1,335.19 in chips)
Seat 5: Hero ($346.01 in chips)
9d13625b: posts small blind $2
Hero: posts big blind $4
*** HOLE CARDS ***
Dealt to 9d13625b 
Dealt to 40638ede 
Dealt to Hero [Qd As]
40638ede: raises $4 to $8
9d13625b: folds
Hero: raises $22 to $30
40638ede: raises $31 to $61
Hero: calls $31
*** FLOP *** [Tc 5h 4d]
Hero: checks
40638ede: bets $50
Hero: calls $50
*** TURN *** [Tc 5h 4d] [2s]
Hero: checks
40638ede: bets $180
Hero: folds
Uncalled bet ($180) returned to 40638ede
*** SHOWDOWN ***
40638ede collected $224 from pot
*** SUMMARY ***
Total pot $224
Board [Tc 5h 4d 2s]
Seat 4: 9d13625b(small blind) folded before Flop
Seat 3: 40638edewon ($224) with Pair of Kings
Seat 5: Hero(big blind) folded on the Turn



Poker Hand #ring_902751316: NLH No Limit ($2/$4) - 2025/05/28 02:53:26
Table 'MR NLH 2/4' 7-max Seat #5 is the button
Seat 4: 9d13625b ($1,349.84 in chips)
Seat 3: 40638ede ($1,337.19 in chips)
Seat 5: Hero ($335 in chips)
40638ede: posts small blind $2
9d13625b: posts big blind $4
*** HOLE CARDS ***
Dealt to 9d13625b 
Dealt to 40638ede 
Dealt to Hero [Kc 7d]
Hero: raises $6 to $10
40638ede: folds
9d13625b: calls $6
*** FLOP *** [Jc 9c 5h]
9d13625b: checks
Hero: checks
*** TURN *** [Jc 9c 5h] [Ah]
9d13625b: checks
Hero: bets $11
9d13625b: folds
Uncalled bet ($11) returned to Hero
*** SHOWDOWN ***
Hero collected $22 from pot
*** SUMMARY ***
Total pot $22
Board [Jc 9c 5h Ah]
Seat 4: 9d13625b(big blind) folded on the Turn
Seat 3: 40638ede(small blind) folded before Flop
Seat 5: Herowon ($22) with Ace-High



Poker Hand #ring_902750959: NLH No Limit ($2/$4) - 2025/05/28 02:53:12
Table 'MR NLH 2/4' 7-max Seat #4 is the button
Seat 4: 9d13625b ($1,343.84 in chips)
Seat 3: 40638ede ($1,341.19 in chips)
Seat 5: Hero ($337 in chips)
Hero: posts small blind $2
40638ede: posts big blind $4
*** HOLE CARDS ***
Dealt to 9d13625b 
Dealt to 40638ede 
Dealt to Hero [Jh 4s]
9d13625b: raises $6 to $10
Hero: folds
40638ede: folds
Uncalled bet ($6) returned to 9d13625b
*** SHOWDOWN ***
9d13625b collected $10 from pot
*** SUMMARY ***
Total pot $10
Seat 4: 9d13625bwon ($10)
Seat 3: 40638ede(big blind) folded before Flop
Seat 5: Hero(small blind) folded before Flop



Poker Hand #ring_902749597: NLH No Limit ($2/$4) - 2025/05/28 02:52:16
Table 'MR NLH 2/4' 7-max Seat #3 is the button
Seat 4: 9d13625b ($1,345.84 in chips)
Seat 3: 40638ede ($1,331.09 in chips)
Seat 5: Hero ($346 in chips)
9d13625b: posts small blind $2
Hero: posts big blind $4
*** HOLE CARDS ***
Dealt to 9d13625b 
Dealt to 40638ede 
Dealt to Hero [As 6c]
40638ede: calls $4
9d13625b: folds
Hero: checks
*** FLOP *** [Ts 9c 6d]
Hero: bets $5
40638ede: calls $5
*** TURN *** [Ts 9c 6d] [Jc]
Hero: checks
40638ede: checks
*** RIVER *** [Ts 9c 6d Jc] [7s]
Hero: checks
40638ede: bets $15
Hero: folds
Uncalled bet ($15) returned to 40638ede
40638ede: shows [4h]
*** SHOWDOWN ***
40638ede collected $20 from pot
*** SUMMARY ***
Total pot $20
Board [Ts 9c 6d Jc 7s]
Seat 4: 9d13625b(small blind) folded before Flop
Seat 3: 40638ede showed [4h] and won ($20) with Jacks-High Straight
Seat 5: Hero(big blind) folded on the River



Poker Hand #ring_902748935: NLH No Limit ($2/$4) - 2025/05/28 02:51:50
Table 'MR NLH 2/4' 7-max Seat #5 is the button
Seat 4: 9d13625b ($1,343.84 in chips)
Seat 3: 40638ede ($1,333.09 in chips)
Seat 5: Hero ($346 in chips)
40638ede: posts small blind $2
9d13625b: posts big blind $4
*** HOLE CARDS ***
Dealt to 9d13625b 
Dealt to 40638ede 
Dealt to Hero [4c 6h]
Hero: folds
40638ede: folds
*** SHOWDOWN ***
9d13625b collected $6 from pot
*** SUMMARY ***
Total pot $6
Seat 4: 9d13625b(big blind)won ($6)
Seat 3: 40638ede(small blind) folded before Flop
Seat 5: Hero folded before Flop (didn't bet)



Poker Hand #ring_902748471: NLH No Limit ($2/$4) - 2025/05/28 02:51:32
Table 'MR NLH 2/4' 7-max Seat #4 is the button
Seat 4: 9d13625b ($1,337.84 in chips)
Seat 3: 40638ede ($1,337.09 in chips)
Seat 5: Hero ($348 in chips)
Hero: posts small blind $2
40638ede: posts big blind $4
*** HOLE CARDS ***
Dealt to 9d13625b 
Dealt to 40638ede 
Dealt to Hero [Ks 7h]
9d13625b: raises $6 to $10
Hero: folds
40638ede: folds
Uncalled bet ($6) returned to 9d13625b
*** SHOWDOWN ***
9d13625b collected $10 from pot
*** SUMMARY ***
Total pot $10
Seat 4: 9d13625bwon ($10)
Seat 3: 40638ede(big blind) folded before Flop
Seat 5: Hero(small blind) folded before Flop



Poker Hand #ring_902746228: NLH No Limit ($2/$4) - 2025/05/28 02:50:02
Table 'MR NLH 2/4' 7-max Seat #3 is the button
Seat 4: 9d13625b ($1,377.84 in chips)
Seat 3: 40638ede ($1,262.49 in chips)
Seat 5: Hero ($388 in chips)
9d13625b: posts small blind $2
Hero: posts big blind $4
*** HOLE CARDS ***
Dealt to 9d13625b 
Dealt to 40638ede 
Dealt to Hero [3d 8d]
40638ede: calls $4
9d13625b: calls $2
Hero: checks
*** FLOP *** [4h 5d Ad]
9d13625b: checks
Hero: checks
40638ede: bets $6
9d13625b: calls $6
Hero: calls $6
*** TURN *** [4h 5d Ad] [9h]
9d13625b: checks
Hero: checks
40638ede: bets $30
9d13625b: calls $30
Hero: calls $30
*** RIVER *** [4h 5d Ad 9h] [Ks]
9d13625b: checks
Hero: checks
40638ede: bets $120
9d13625b: folds
Hero: folds
Uncalled bet ($120) returned to 40638ede
40638ede: shows [Kh]
*** SHOWDOWN ***
40638ede collected $120 from pot
*** SUMMARY ***
Total pot $120
Board [4h 5d Ad 9h Ks]
Seat 4: 9d13625b(small blind) folded on the River
Seat 3: 40638ede showed [Kh] and won ($120) with Three Kings
Seat 5: Hero(big blind) folded on the River



Poker Hand #ring_902745029: NLH No Limit ($2/$4) - 2025/05/28 02:49:15
Table 'MR NLH 2/4' 7-max Seat #5 is the button
Seat 4: 9d13625b ($1,337.87 in chips)
Seat 3: 40638ede ($1,306.41 in chips)
Seat 5: Hero ($388 in chips)
40638ede: posts small blind $2
9d13625b: posts big blind $4
*** HOLE CARDS ***
Dealt to 9d13625b 
Dealt to 40638ede 
Dealt to Hero [8c 3h]
Hero: folds
40638ede: raises $8 to $12
9d13625b: raises $31.92 to $43.92
40638ede: calls $31.92
*** FLOP *** [3d 4s 8d]
40638ede: checks
9d13625b: bets $65.88
40638ede: folds
Uncalled bet ($65.88) returned to 9d13625b
*** SHOWDOWN ***
9d13625b collected $87.84 from pot
*** SUMMARY ***
Total pot $87.84
Board [3d 4s 8d]
Seat 4: 9d13625b(big blind)won ($87.84) with Pair of Nines
Seat 3: 40638ede(small blind) folded on the Flop
Seat 5: Hero folded before Flop (didn't bet)



Poker Hand #ring_902744552: NLH No Limit ($2/$4) - 2025/05/28 02:48:56
Table 'MR NLH 2/4' 7-max Seat #4 is the button
Seat 4: 9d13625b ($1,337.87 in chips)
Seat 3: 40638ede ($1,310.41 in chips)
Seat 5: Hero ($384 in chips)
Hero: posts small blind $2
40638ede: posts big blind $4
*** HOLE CARDS ***
Dealt to 9d13625b 
Dealt to 40638ede 
Dealt to Hero [9s 8h]
9d13625b: folds
Hero: raises $6 to $10
40638ede: folds
Uncalled bet ($6) returned to Hero
*** SHOWDOWN ***
Hero collected $8 from pot
*** SUMMARY ***
Total pot $8
Seat 4: 9d13625b folded before Flop (didn't bet)
Seat 3: 40638ede(big blind) folded before Flop
Seat 5: Hero(small blind)won ($8)



Poker Hand #ring_902744137: NLH No Limit ($2/$4) - 2025/05/28 02:48:40
Table 'MR NLH 2/4' 7-max Seat #3 is the button
Seat 4: 9d13625b ($1,333.87 in chips)
Seat 3: 40638ede ($1,310.41 in chips)
Seat 5: Hero ($388 in chips)
9d13625b: posts small blind $2
Hero: posts big blind $4
*** HOLE CARDS ***
Dealt to 9d13625b 
Dealt to 40638ede 
Dealt to Hero [7h 2d]
40638ede: folds
9d13625b: raises $8 to $12
Hero: folds
Uncalled bet ($8) returned to 9d13625b
*** SHOWDOWN ***
9d13625b collected $8 from pot
*** SUMMARY ***
Total pot $8
Seat 4: 9d13625b(small blind)won ($8)
Seat 3: 40638ede folded before Flop (didn't bet)
Seat 5: Hero(big blind) folded before Flop



