Poker Hand #ring_862794503: NLH No Limit ($1/$2) - 2025/05/07 03:53:53
Table 'MR NLH BOMBPOT 1/2' 7-max Seat #3 is the button
Seat 4: 61e527bf ($319.27 in chips)
Seat 5: 94351d63 ($533.8 in chips)
Seat 3: 6c8d8c8a ($516.76 in chips)
Seat 2: 2a7ba492 ($400 in chips)
Seat 6: Hero ($68.83 in chips)
61e527bf: posts small blind $1
94351d63: posts big blind $2
*** HOLE CARDS ***
Dealt to 61e527bf 
Dealt to 94351d63 
Dealt to 6c8d8c8a 
Dealt to 2a7ba492 
Dealt to Hero [9c 8s]
Hero: folds
2a7ba492: folds
6c8d8c8a: raises $4 to $6
61e527bf: raises $18 to $24
94351d63: folds
6c8d8c8a: folds
Uncalled bet ($18) returned to 61e527bf
*** SHOWDOWN ***
61e527bf collected $14 from pot
*** SUMMARY ***
Total pot $14
Seat 4: 61e527bf(small blind)won ($14)
Seat 5: 94351d63(big blind) folded before Flop
Seat 3: 6c8d8c8a folded before Flop
Seat 2: 2a7ba492 folded before Flop (didn't bet)
Seat 6: Hero folded before Flop (didn't bet)



Poker Hand #ring_862794079: NLH No Limit ($1/$2) - 2025/05/07 03:53:34
Table 'MR NLH BOMBPOT 1/2' 7-max Seat #2 is the button
Seat 4: 61e527bf ($321.27 in chips)
Seat 5: 94351d63 ($530.8 in chips)
Seat 3: 6c8d8c8a ($517.76 in chips)
Seat 2: 2a7ba492 ($400 in chips)
Seat 6: Hero ($68.83 in chips)
6c8d8c8a: posts small blind $1
61e527bf: posts big blind $2
*** HOLE CARDS ***
Dealt to 61e527bf 
Dealt to 94351d63 
Dealt to 6c8d8c8a 
Dealt to 2a7ba492 
Dealt to Hero [6s 8h]
94351d63: raises $2.4 to $4.4
Hero: folds
2a7ba492: folds
6c8d8c8a: folds
61e527bf: folds
Uncalled bet ($2.4) returned to 94351d63
*** SHOWDOWN ***
94351d63 collected $5 from pot
*** SUMMARY ***
Total pot $5
Seat 4: 61e527bf(big blind) folded before Flop
Seat 5: 94351d63won ($5)
Seat 3: 6c8d8c8a(small blind) folded before Flop
Seat 2: 2a7ba492 folded before Flop (didn't bet)
Seat 6: Hero folded before Flop (didn't bet)



Poker Hand #ring_862793504: NLH No Limit ($1/$2) - 2025/05/07 03:53:10
Table 'MR NLH BOMBPOT 1/2' 7-max Seat #6 is the button
Seat 4: 61e527bf ($331.27 in chips)
Seat 5: 94351d63 ($540.8 in chips)
Seat 3: 6c8d8c8a ($480.51 in chips)
Seat 2: 2a7ba492 ($400 in chips)
Seat 6: Hero ($78.83 in chips)
2a7ba492: posts the ante $10
6c8d8c8a: posts the ante $10
61e527bf: posts the ante $10
94351d63: posts the ante $10
Hero: posts the ante $10
*** HOLE CARDS ***
Dealt to 61e527bf 
Dealt to 94351d63 
Dealt to 6c8d8c8a 
Dealt to 2a7ba492 
Dealt to Hero [3d 9d]
*** FLOP *** [Ks Js 5d]
2a7ba492: checks
6c8d8c8a: bets $22
61e527bf: folds
94351d63: folds
Hero: folds
2a7ba492: folds
Uncalled bet ($22) returned to 6c8d8c8a
6c8d8c8a: shows [Kh 5h]
*** SHOWDOWN ***
6c8d8c8a collected $50 from pot
*** SUMMARY ***
Total pot $50
Board [Ks Js 5d]
Seat 4: 61e527bf folded on the Flop
Seat 5: 94351d63 folded on the Flop
Seat 3: 6c8d8c8a(big blind) showed [Kh 5h] and won ($50) with Pair of Kings and Pair of Fives
Seat 2: 2a7ba492(small blind) folded on the Flop
Seat 6: Hero folded on the Flop



Poker Hand #ring_862793015: NLH No Limit ($1/$2) - 2025/05/07 03:52:49
Table 'MR NLH BOMBPOT 1/2' 7-max Seat #5 is the button
Seat 4: 61e527bf ($331.27 in chips)
Seat 5: 94351d63 ($537.8 in chips)
Seat 3: 6c8d8c8a ($480.51 in chips)
Seat 2: 2a7ba492 ($400 in chips)
Seat 6: Hero ($79.83 in chips)
Hero: posts small blind $1
2a7ba492: posts big blind $2
*** HOLE CARDS ***
Dealt to 61e527bf 
Dealt to 94351d63 
Dealt to 6c8d8c8a 
Dealt to 2a7ba492 
Dealt to Hero [4d Ks]
6c8d8c8a: folds
61e527bf: folds
94351d63: raises $2.4 to $4.4
Hero: folds
2a7ba492: folds
Uncalled bet ($2.4) returned to 94351d63
*** SHOWDOWN ***
94351d63 collected $5 from pot
*** SUMMARY ***
Total pot $5
Seat 4: 61e527bf folded before Flop (didn't bet)
Seat 5: 94351d63won ($5)
Seat 3: 6c8d8c8a folded before Flop (didn't bet)
Seat 2: 2a7ba492(big blind) folded before Flop
Seat 6: Hero(small blind) folded before Flop



Poker Hand #ring_862790867: NLH No Limit ($1/$2) - 2025/05/07 03:51:15
Table 'MR NLH BOMBPOT 1/2' 7-max Seat #4 is the button
Seat 4: 61e527bf ($408.29 in chips)
Seat 5: 94351d63 ($466.3 in chips)
Seat 3: 6c8d8c8a ($480.51 in chips)
Seat 2: 2a7ba492 ($400 in chips)
Seat 6: Hero ($81.83 in chips)
94351d63: posts small blind $1
Hero: posts big blind $2
*** HOLE CARDS ***
Dealt to 61e527bf 
Dealt to 94351d63 
Dealt to 6c8d8c8a 
Dealt to 2a7ba492 
Dealt to Hero [9c 3d]
2a7ba492: folds
6c8d8c8a: folds
61e527bf: raises $4 to $6
94351d63: raises $20 to $26
Hero: folds
61e527bf: calls $20
*** FLOP *** [Td 7c Ts]
94351d63: bets $5.4
61e527bf: raises $14.6 to $20
94351d63: calls $14.6
*** TURN *** [Td 7c Ts] [3h]
94351d63: checks
61e527bf: bets $31.02
94351d63: calls $31.02
*** RIVER *** [Td 7c Ts 3h] [Kh]
94351d63: checks
61e527bf: checks
61e527bf: shows [2s Js]
94351d63: shows [Ac Qc]
*** SHOWDOWN ***
94351d63 collected $156.04 from pot
*** SUMMARY ***
Total pot $156.04
Board [Td 7c Ts 3h Kh]
Seat 4: 61e527bf showed [2s Js] and lost with Pair of Tens
Seat 5: 94351d63(small blind) showed [Ac Qc] and won ($156.04) with Pair of Tens
Seat 3: 6c8d8c8a folded before Flop (didn't bet)
Seat 2: 2a7ba492 folded before Flop (didn't bet)
Seat 6: Hero(big blind) folded before Flop



Poker Hand #ring_862789868: NLH No Limit ($1/$2) - 2025/05/07 03:50:31
Table 'MR NLH BOMBPOT 1/2' 7-max Seat #3 is the button
Seat 4: 61e527bf ($409.29 in chips)
Seat 5: 94351d63 ($447.5 in chips)
Seat 3: 6c8d8c8a ($480.51 in chips)
Seat 2: 2a7ba492 ($402 in chips)
Seat 6: Hero ($81.83 in chips)
61e527bf: posts small blind $1
94351d63: posts big blind $2
*** HOLE CARDS ***
Dealt to 61e527bf 
Dealt to 94351d63 
Dealt to 6c8d8c8a 
Dealt to 2a7ba492 
Dealt to Hero [9c 7h]
Hero: folds
2a7ba492: raises $3 to $5
6c8d8c8a: folds
61e527bf: folds
94351d63: calls $3
*** FLOP *** [3d Kh 5d]
94351d63: checks
2a7ba492: bets $4.62
94351d63: raises $10.53 to $15.15
2a7ba492: calls $10.53
*** TURN *** [3d Kh 5d] [Jh]
94351d63: checks
2a7ba492: checks
*** RIVER *** [3d Kh 5d Jh] [8c]
94351d63: bets $32.22
2a7ba492: folds
Uncalled bet ($32.22) returned to 94351d63
*** SHOWDOWN ***
94351d63 collected $41.3 from pot
*** SUMMARY ***
Total pot $41.3
Board [3d Kh 5d Jh 8c]
Seat 4: 61e527bf(small blind) folded before Flop
Seat 5: 94351d63(big blind)won ($41.3) with King-High
Seat 3: 6c8d8c8a folded before Flop (didn't bet)
Seat 2: 2a7ba492 folded on the River
Seat 6: Hero folded before Flop (didn't bet)



Poker Hand #ring_862789455: NLH No Limit ($1/$2) - 2025/05/07 03:50:12
Table 'MR NLH BOMBPOT 1/2' 7-max Seat #2 is the button
Seat 4: 61e527bf ($411.29 in chips)
Seat 5: 94351d63 ($447.5 in chips)
Seat 3: 6c8d8c8a ($481.51 in chips)
Seat 2: 2a7ba492 ($399 in chips)
Seat 6: Hero ($81.83 in chips)
6c8d8c8a: posts small blind $1
61e527bf: posts big blind $2
*** HOLE CARDS ***
Dealt to 61e527bf 
Dealt to 94351d63 
Dealt to 6c8d8c8a 
Dealt to 2a7ba492 
Dealt to Hero [3c 5s]
94351d63: folds
Hero: folds
2a7ba492: raises $3 to $5
6c8d8c8a: folds
61e527bf: folds
Uncalled bet ($3) returned to 2a7ba492
Hero: shows [3c]
*** SHOWDOWN ***
2a7ba492 collected $5 from pot
*** SUMMARY ***
Total pot $5
Seat 4: 61e527bf(big blind) folded before Flop
Seat 5: 94351d63 folded before Flop (didn't bet)
Seat 3: 6c8d8c8a(small blind) folded before Flop
Seat 2: 2a7ba492won ($5)
Seat 6: Hero folded before Flop (didn't bet)



Poker Hand #ring_862788278: NLH No Limit ($1/$2) - 2025/05/07 03:49:19
Table 'MR NLH BOMBPOT 1/2' 7-max Seat #6 is the button
Seat 4: 61e527bf ($411.29 in chips)
Seat 5: 94351d63 ($438.33 in chips)
Seat 3: 6c8d8c8a ($485.91 in chips)
Seat 2: 2a7ba492 ($400 in chips)
Seat 6: Hero ($86.23 in chips)
2a7ba492: posts small blind $1
6c8d8c8a: posts big blind $2
*** HOLE CARDS ***
Dealt to 61e527bf 
Dealt to 94351d63 
Dealt to 6c8d8c8a 
Dealt to 2a7ba492 
Dealt to Hero [Qc 8c]
61e527bf: folds
94351d63: raises $2.4 to $4.4
Hero: calls $4.4
2a7ba492: folds
6c8d8c8a: calls $2.4
*** FLOP *** [2c Kd Ad]
6c8d8c8a: checks
94351d63: bets $7.39
Hero: folds
6c8d8c8a: folds
Uncalled bet ($7.39) returned to 94351d63
*** SHOWDOWN ***
94351d63 collected $14.2 from pot
*** SUMMARY ***
Total pot $14.2
Board [2c Kd Ad]
Seat 4: 61e527bf folded before Flop (didn't bet)
Seat 5: 94351d63won ($14.2) with Ace-High
Seat 3: 6c8d8c8a(big blind) folded on the Flop
Seat 2: 2a7ba492(small blind) folded before Flop
Seat 6: Hero folded on the Flop



Poker Hand #ring_862787306: NLH No Limit ($1/$2) - 2025/05/07 03:48:34
Table 'MR NLH BOMBPOT 1/2' 7-max Seat #5 is the button
Seat 4: 61e527bf ($398.68 in chips)
Seat 5: 94351d63 ($449.58 in chips)
Seat 3: 6c8d8c8a ($485.91 in chips)
Seat 2: 2a7ba492 ($400 in chips)
Seat 6: Hero ($87.23 in chips)
Hero: posts small blind $1
2a7ba492: posts big blind $2
*** HOLE CARDS ***
Dealt to 61e527bf 
Dealt to 94351d63 
Dealt to 6c8d8c8a 
Dealt to 2a7ba492 
Dealt to Hero [2c Ts]
6c8d8c8a: folds
61e527bf: raises $4 to $6
94351d63: calls $6
Hero: folds
2a7ba492: folds
*** FLOP *** [2d 5d 5s]
61e527bf: checks
94351d63: bets $5.25
61e527bf: raises $10.75 to $16
94351d63: folds
Uncalled bet ($10.75) returned to 61e527bf
*** SHOWDOWN ***
61e527bf collected $25.5 from pot
*** SUMMARY ***
Total pot $25.5
Board [2d 5d 5s]
Seat 4: 61e527bfwon ($25.5) with Pair of Fives
Seat 5: 94351d63 folded on the Flop
Seat 3: 6c8d8c8a folded before Flop (didn't bet)
Seat 2: 2a7ba492(big blind) folded before Flop
Seat 6: Hero(small blind) folded before Flop



Poker Hand #ring_862786119: NLH No Limit ($1/$2) - 2025/05/07 03:47:43
Table 'MR NLH BOMBPOT 1/2' 7-max Seat #4 is the button
Seat 4: 61e527bf ($412.08 in chips)
Seat 5: 94351d63 ($420.31 in chips)
Seat 3: 6c8d8c8a ($485.91 in chips)
Seat 2: 2a7ba492 ($400.65 in chips)
Seat 6: Hero ($92.23 in chips)
94351d63: posts small blind $1
Hero: posts big blind $2
*** HOLE CARDS ***
Dealt to 61e527bf 
Dealt to 94351d63 
Dealt to 6c8d8c8a 
Dealt to 2a7ba492 
Dealt to Hero [9d Ad]
2a7ba492: raises $3 to $5
6c8d8c8a: folds
61e527bf: calls $5
94351d63: calls $4
Hero: calls $3
*** FLOP *** [Qh 5d Ah]
94351d63: checks
Hero: checks
2a7ba492: bets $8.4
61e527bf: calls $8.4
94351d63: raises $23.51 to $31.91
Hero: folds
2a7ba492: folds
61e527bf: folds
Uncalled bet ($23.51) returned to 94351d63
*** SHOWDOWN ***
94351d63 collected $45.2 from pot
*** SUMMARY ***
Total pot $45.2
Board [Qh 5d Ah]
Seat 4: 61e527bf folded on the Flop
Seat 5: 94351d63(small blind)won ($45.2) with Ace-High
Seat 3: 6c8d8c8a folded before Flop (didn't bet)
Seat 2: 2a7ba492 folded on the Flop
Seat 6: Hero(big blind) folded on the Flop



Poker Hand #ring_862785820: NLH No Limit ($1/$2) - 2025/05/07 03:47:30
Table 'MR NLH BOMBPOT 1/2' 7-max Seat #3 is the button
Seat 4: 61e527bf ($413.08 in chips)
Seat 5: 94351d63 ($419.31 in chips)
Seat 3: 6c8d8c8a ($485.91 in chips)
Seat 2: 2a7ba492 ($400.65 in chips)
Seat 6: Hero ($92.23 in chips)
61e527bf: posts small blind $1
94351d63: posts big blind $2
*** HOLE CARDS ***
Dealt to 61e527bf 
Dealt to 94351d63 
Dealt to 6c8d8c8a 
Dealt to 2a7ba492 
Dealt to Hero [3c 8c]
Hero: folds
2a7ba492: folds
6c8d8c8a: folds
61e527bf: folds
*** SHOWDOWN ***
94351d63 collected $3 from pot
*** SUMMARY ***
Total pot $3
Seat 4: 61e527bf(small blind) folded before Flop
Seat 5: 94351d63(big blind)won ($3)
Seat 3: 6c8d8c8a folded before Flop (didn't bet)
Seat 2: 2a7ba492 folded before Flop (didn't bet)
Seat 6: Hero folded before Flop (didn't bet)



Poker Hand #ring_862785483: NLH No Limit ($1/$2) - 2025/05/07 03:47:15
Table 'MR NLH BOMBPOT 1/2' 7-max Seat #2 is the button
Seat 4: 61e527bf ($412.08 in chips)
Seat 5: 94351d63 ($419.31 in chips)
Seat 3: 6c8d8c8a ($486.91 in chips)
Seat 2: 2a7ba492 ($400.65 in chips)
Seat 6: Hero ($92.23 in chips)
6c8d8c8a: posts small blind $1
61e527bf: posts big blind $2
*** HOLE CARDS ***
Dealt to 61e527bf 
Dealt to 94351d63 
Dealt to 6c8d8c8a 
Dealt to 2a7ba492 
Dealt to Hero [8d Ac]
94351d63: folds
Hero: folds
2a7ba492: folds
6c8d8c8a: folds
*** SHOWDOWN ***
61e527bf collected $3 from pot
*** SUMMARY ***
Total pot $3
Seat 4: 61e527bf(big blind)won ($3)
Seat 5: 94351d63 folded before Flop (didn't bet)
Seat 3: 6c8d8c8a(small blind) folded before Flop
Seat 2: 2a7ba492 folded before Flop (didn't bet)
Seat 6: Hero folded before Flop (didn't bet)



Poker Hand #ring_862784916: NLH No Limit ($1/$2) - 2025/05/07 03:46:50
Table 'MR NLH BOMBPOT 1/2' 7-max Seat #6 is the button
Seat 4: 61e527bf ($374.83 in chips)
Seat 5: 94351d63 ($429.31 in chips)
Seat 3: 6c8d8c8a ($496.91 in chips)
Seat 2: 2a7ba492 ($410.65 in chips)
Seat 6: Hero ($102.23 in chips)
2a7ba492: posts the ante $10
6c8d8c8a: posts the ante $10
61e527bf: posts the ante $10
94351d63: posts the ante $10
Hero: posts the ante $10
*** HOLE CARDS ***
Dealt to 61e527bf 
Dealt to 94351d63 
Dealt to 6c8d8c8a 
Dealt to 2a7ba492 
Dealt to Hero [Ah 5c]
*** FLOP *** [Ts Td Js]
2a7ba492: checks
6c8d8c8a: checks
61e527bf: bets $25
94351d63: folds
Hero: folds
2a7ba492: folds
6c8d8c8a: folds
Uncalled bet ($25) returned to 61e527bf
*** SHOWDOWN ***
61e527bf collected $50 from pot
*** SUMMARY ***
Total pot $50
Board [Ts Td Js]
Seat 4: 61e527bfwon ($50) with Pair of Tens
Seat 5: 94351d63 folded on the Flop
Seat 3: 6c8d8c8a(big blind) folded on the Flop
Seat 2: 2a7ba492(small blind) folded on the Flop
Seat 6: Hero folded on the Flop



Poker Hand #ring_862784541: NLH No Limit ($1/$2) - 2025/05/07 03:46:34
Table 'MR NLH BOMBPOT 1/2' 7-max Seat #5 is the button
Seat 4: 61e527bf ($374.83 in chips)
Seat 5: 94351d63 ($429.31 in chips)
Seat 3: 6c8d8c8a ($496.91 in chips)
Seat 2: 2a7ba492 ($412.65 in chips)
Seat 6: Hero ($100.23 in chips)
Hero: posts small blind $1
2a7ba492: posts big blind $2
*** HOLE CARDS ***
Dealt to 61e527bf 
Dealt to 94351d63 
Dealt to 6c8d8c8a 
Dealt to 2a7ba492 
Dealt to Hero [Tc As]
6c8d8c8a: folds
61e527bf: folds
94351d63: folds
Hero: raises $3 to $5
2a7ba492: folds
Uncalled bet ($3) returned to Hero
*** SHOWDOWN ***
Hero collected $4 from pot
*** SUMMARY ***
Total pot $4
Seat 4: 61e527bf folded before Flop (didn't bet)
Seat 5: 94351d63 folded before Flop (didn't bet)
Seat 3: 6c8d8c8a folded before Flop (didn't bet)
Seat 2: 2a7ba492(big blind) folded before Flop
Seat 6: Hero(small blind)won ($4)



Poker Hand #ring_862781870: NLH No Limit ($1/$2) - 2025/05/07 03:44:37
Table 'MR NLH BOMBPOT 1/2' 7-max Seat #4 is the button
Seat 4: 61e527bf ($410.83 in chips)
Seat 5: 94351d63 ($430.31 in chips)
Seat 3: 6c8d8c8a ($461.78 in chips)
Seat 2: 2a7ba492 ($412.65 in chips)
Seat 6: Hero ($102.23 in chips)
94351d63: posts small blind $1
Hero: posts big blind $2
*** HOLE CARDS ***
Dealt to 61e527bf 
Dealt to 94351d63 
Dealt to 6c8d8c8a 
Dealt to 2a7ba492 
Dealt to Hero [Ts 4d]
2a7ba492: folds
6c8d8c8a: raises $4 to $6
61e527bf: calls $6
94351d63: folds
Hero: folds
*** FLOP *** [Th 3c As]
6c8d8c8a: bets $6
61e527bf: calls $6
*** TURN *** [Th 3c As] [3h]
6c8d8c8a: bets $24
61e527bf: calls $24
*** RIVER *** [Th 3c As 3h] [8d]
6c8d8c8a: bets $37
61e527bf: folds
Uncalled bet ($37) returned to 6c8d8c8a
6c8d8c8a: shows [Qd]
*** SHOWDOWN ***
6c8d8c8a collected $75 from pot
*** SUMMARY ***
Total pot $75
Board [Th 3c As 3h 8d]
Seat 4: 61e527bf folded on the River
Seat 5: 94351d63(small blind) folded before Flop
Seat 3: 6c8d8c8a showed [Qd] and won ($75) with Pair of Treys
Seat 2: 2a7ba492 folded before Flop (didn't bet)
Seat 6: Hero(big blind) folded before Flop



Poker Hand #ring_862781485: NLH No Limit ($1/$2) - 2025/05/07 03:44:20
Table 'MR NLH BOMBPOT 1/2' 7-max Seat #3 is the button
Seat 4: 61e527bf ($411.83 in chips)
Seat 5: 94351d63 ($432.31 in chips)
Seat 3: 6c8d8c8a ($461.78 in chips)
Seat 2: 2a7ba492 ($409.65 in chips)
Seat 6: Hero ($102.23 in chips)
61e527bf: posts small blind $1
94351d63: posts big blind $2
*** HOLE CARDS ***
Dealt to 61e527bf 
Dealt to 94351d63 
Dealt to 6c8d8c8a 
Dealt to 2a7ba492 
Dealt to Hero [2d Jc]
Hero: folds
2a7ba492: raises $3 to $5
6c8d8c8a: folds
61e527bf: folds
94351d63: folds
Uncalled bet ($3) returned to 2a7ba492
*** SHOWDOWN ***
2a7ba492 collected $5 from pot
*** SUMMARY ***
Total pot $5
Seat 4: 61e527bf(small blind) folded before Flop
Seat 5: 94351d63(big blind) folded before Flop
Seat 3: 6c8d8c8a folded before Flop (didn't bet)
Seat 2: 2a7ba492won ($5)
Seat 6: Hero folded before Flop (didn't bet)



Poker Hand #ring_862780759: NLH No Limit ($1/$2) - 2025/05/07 03:43:48
Table 'MR NLH BOMBPOT 1/2' 7-max Seat #2 is the button
Seat 4: 61e527bf ($413.83 in chips)
Seat 5: 94351d63 ($432.31 in chips)
Seat 3: 6c8d8c8a ($454.78 in chips)
Seat 2: 2a7ba492 ($409.65 in chips)
Seat 6: Hero ($107.23 in chips)
6c8d8c8a: posts small blind $1
61e527bf: posts big blind $2
*** HOLE CARDS ***
Dealt to 61e527bf 
Dealt to 94351d63 
Dealt to 6c8d8c8a 
Dealt to 2a7ba492 
Dealt to Hero [9d Ah]
94351d63: folds
Hero: raises $3 to $5
2a7ba492: folds
6c8d8c8a: raises $16 to $21
61e527bf: folds
Hero: folds
Uncalled bet ($16) returned to 6c8d8c8a
6c8d8c8a: shows [Qh Qs]
*** SHOWDOWN ***
6c8d8c8a collected $12 from pot
*** SUMMARY ***
Total pot $12
Seat 4: 61e527bf(big blind) folded before Flop
Seat 5: 94351d63 folded before Flop (didn't bet)
Seat 3: 6c8d8c8a(small blind) showed [Qh Qs] and won ($12)
Seat 2: 2a7ba492 folded before Flop (didn't bet)
Seat 6: Hero folded before Flop



Poker Hand #ring_862778791: NLH No Limit ($1/$2) - 2025/05/07 03:42:21
Table 'MR NLH BOMBPOT 1/2' 7-max Seat #6 is the button
Seat 4: 61e527bf ($413.83 in chips)
Seat 5: 94351d63 ($397.96 in chips)
Seat 3: 6c8d8c8a ($492.02 in chips)
Seat 2: 2a7ba492 ($410.65 in chips)
Seat 6: Hero ($107.23 in chips)
2a7ba492: posts small blind $1
6c8d8c8a: posts big blind $2
*** HOLE CARDS ***
Dealt to 61e527bf 
Dealt to 94351d63 
Dealt to 6c8d8c8a 
Dealt to 2a7ba492 
Dealt to Hero [9s Kd]
61e527bf: folds
94351d63: raises $2.4 to $4.4
Hero: folds
2a7ba492: folds
6c8d8c8a: raises $13.6 to $18
94351d63: calls $13.6
*** FLOP *** [7d 4c 3h]
6c8d8c8a: checks
94351d63: checks
*** TURN *** [7d 4c 3h] [Ad]
6c8d8c8a: checks
94351d63: bets $19.24
6c8d8c8a: calls $19.24
*** RIVER *** [7d 4c 3h Ad] [5s]
6c8d8c8a: checks
94351d63: bets $26.42
6c8d8c8a: folds
Uncalled bet ($26.42) returned to 94351d63
*** SHOWDOWN ***
94351d63 collected $75.48 from pot
*** SUMMARY ***
Total pot $75.48
Board [7d 4c 3h Ad 5s]
Seat 4: 61e527bf folded before Flop (didn't bet)
Seat 5: 94351d63won ($75.48) with Pair of Fives and Pair of Fours
Seat 3: 6c8d8c8a(big blind) folded on the River
Seat 2: 2a7ba492(small blind) folded before Flop
Seat 6: Hero folded before Flop (didn't bet)



Poker Hand #ring_862777621: NLH No Limit ($1/$2) - 2025/05/07 03:41:28
Table 'MR NLH BOMBPOT 1/2' 7-max Seat #5 is the button
Seat 4: 61e527bf ($413.83 in chips)
Seat 5: 94351d63 ($393 in chips)
Seat 3: 6c8d8c8a ($492.02 in chips)
Seat 2: 2a7ba492 ($415.05 in chips)
Seat 6: Hero ($108.23 in chips)
Hero: posts small blind $1
2a7ba492: posts big blind $2
*** HOLE CARDS ***
Dealt to 61e527bf 
Dealt to 94351d63 
Dealt to 6c8d8c8a 
Dealt to 2a7ba492 
Dealt to Hero [7s 3h]
6c8d8c8a: folds
61e527bf: folds
94351d63: raises $2.4 to $4.4
Hero: folds
2a7ba492: calls $2.4
*** FLOP *** [8d Qs 2h]
2a7ba492: checks
94351d63: checks
*** TURN *** [8d Qs 2h] [As]
2a7ba492: checks
94351d63: bets $7.65
2a7ba492: folds
Uncalled bet ($7.65) returned to 94351d63
*** SHOWDOWN ***
94351d63 collected $9.8 from pot
*** SUMMARY ***
Total pot $9.8
Board [8d Qs 2h As]
Seat 4: 61e527bf folded before Flop (didn't bet)
Seat 5: 94351d63won ($9.8) with Pair of Twos
Seat 3: 6c8d8c8a folded before Flop (didn't bet)
Seat 2: 2a7ba492(big blind) folded on the Turn
Seat 6: Hero(small blind) folded before Flop



Poker Hand #ring_862776975: NLH No Limit ($1/$2) - 2025/05/07 03:40:59
Table 'MR NLH BOMBPOT 1/2' 7-max Seat #4 is the button
Seat 4: 61e527bf ($410.83 in chips)
Seat 5: 94351d63 ($394 in chips)
Seat 3: 6c8d8c8a ($492.02 in chips)
Seat 2: 2a7ba492 ($415.05 in chips)
Seat 6: Hero ($110.23 in chips)
94351d63: posts small blind $1
Hero: posts big blind $2
*** HOLE CARDS ***
Dealt to 61e527bf 
Dealt to 94351d63 
Dealt to 6c8d8c8a 
Dealt to 2a7ba492 
Dealt to Hero [Kd 3c]
2a7ba492: folds
6c8d8c8a: folds
61e527bf: raises $4 to $6
94351d63: folds
Hero: folds
Uncalled bet ($4) returned to 61e527bf
*** SHOWDOWN ***
61e527bf collected $5 from pot
*** SUMMARY ***
Total pot $5
Seat 4: 61e527bfwon ($5)
Seat 5: 94351d63(small blind) folded before Flop
Seat 3: 6c8d8c8a folded before Flop (didn't bet)
Seat 2: 2a7ba492 folded before Flop (didn't bet)
Seat 6: Hero(big blind) folded before Flop



Poker Hand #ring_862776230: NLH No Limit ($1/$2) - 2025/05/07 03:40:26
Table 'MR NLH BOMBPOT 1/2' 7-max Seat #3 is the button
Seat 4: 61e527bf ($411.83 in chips)
Seat 5: 94351d63 ($400 in chips)
Seat 3: 6c8d8c8a ($485.6 in chips)
Seat 2: 2a7ba492 ($415.05 in chips)
Seat 6: Hero ($110.23 in chips)
61e527bf: posts small blind $1
94351d63: posts big blind $2
*** HOLE CARDS ***
Dealt to 61e527bf 
Dealt to 94351d63 
Dealt to 6c8d8c8a 
Dealt to 2a7ba492 
Dealt to Hero [6h Kc]
Hero: folds
2a7ba492: folds
6c8d8c8a: raises $4 to $6
61e527bf: folds
94351d63: calls $4
*** FLOP *** [8c Qd Jd]
94351d63: checks
6c8d8c8a: bets $7.5
94351d63: folds
Uncalled bet ($7.5) returned to 6c8d8c8a
*** SHOWDOWN ***
6c8d8c8a collected $13 from pot
*** SUMMARY ***
Total pot $13
Board [8c Qd Jd]
Seat 4: 61e527bf(small blind) folded before Flop
Seat 5: 94351d63(big blind) folded on the Flop
Seat 3: 6c8d8c8awon ($13) with Pair of Eights
Seat 2: 2a7ba492 folded before Flop (didn't bet)
Seat 6: Hero folded before Flop (didn't bet)



Poker Hand #ring_862775567: NLH No Limit ($1/$2) - 2025/05/07 03:39:55
Table 'MR NLH BOMBPOT 1/2' 7-max Seat #2 is the button
Seat 4: 61e527bf ($400 in chips)
Seat 3: 6c8d8c8a ($486.6 in chips)
Seat 2: 2a7ba492 ($415.05 in chips)
Seat 6: Hero ($122.73 in chips)
6c8d8c8a: posts small blind $1
61e527bf: posts big blind $2
*** HOLE CARDS ***
Dealt to 61e527bf 
Dealt to 6c8d8c8a 
Dealt to 2a7ba492 
Dealt to Hero [5s 6s]
Hero: raises $4 to $6
2a7ba492: folds
6c8d8c8a: folds
61e527bf: calls $4
*** FLOP *** [Th Ah 8s]
61e527bf: checks
Hero: bets $6.5
61e527bf: raises $19.5 to $26
Hero: folds
Uncalled bet ($19.5) returned to 61e527bf
*** SHOWDOWN ***
61e527bf collected $26 from pot
*** SUMMARY ***
Total pot $26
Board [Th Ah 8s]
Seat 4: 61e527bf(big blind)won ($26) with Pair of Tens and Pair of Eights
Seat 3: 6c8d8c8a(small blind) folded before Flop
Seat 2: 2a7ba492 folded before Flop (didn't bet)
Seat 6: Hero folded on the Flop



Poker Hand #ring_862775052: NLH No Limit ($1/$2) - 2025/05/07 03:39:33
Table 'MR NLH BOMBPOT 1/2' 7-max Seat #6 is the button
Seat 3: 6c8d8c8a ($496.6 in chips)
Seat 2: 2a7ba492 ($425.05 in chips)
Seat 6: Hero ($104.08 in chips)
2a7ba492: posts the ante $10
6c8d8c8a: posts the ante $10
Hero: posts the ante $10
*** HOLE CARDS ***
Dealt to 6c8d8c8a 
Dealt to 2a7ba492 
Dealt to Hero [3d 9c]
*** FLOP *** [Kh 6c Jh]
2a7ba492: checks
6c8d8c8a: checks
Hero: bets $15
2a7ba492: folds
6c8d8c8a: folds
Uncalled bet ($15) returned to Hero
*** SHOWDOWN ***
Hero collected $30 from pot
*** SUMMARY ***
Total pot $30
Board [Kh 6c Jh]
Seat 3: 6c8d8c8a(big blind) folded on the Flop
Seat 2: 2a7ba492(small blind) folded on the Flop
Seat 6: Herowon ($30) with King-High



Poker Hand #ring_862774259: NLH No Limit ($1/$2) - 2025/05/07 03:38:58
Table 'MR NLH BOMBPOT 1/2' 7-max Seat #3 is the button
Seat 3: 6c8d8c8a ($509.6 in chips)
Seat 2: 2a7ba492 ($427.05 in chips)
Seat 6: Hero ($90.34 in chips)
Hero: posts small blind $1
2a7ba492: posts big blind $2
*** HOLE CARDS ***
Dealt to 6c8d8c8a 
Dealt to 2a7ba492 
Dealt to Hero [5d Ad]
6c8d8c8a: raises $4 to $6
Hero: calls $5
2a7ba492: folds
*** FLOP *** [7s 3d 6d]
Hero: checks
6c8d8c8a: bets $7
Hero: raises $17 to $24
6c8d8c8a: folds
Uncalled bet ($17) returned to Hero
*** SHOWDOWN ***
Hero collected $28 from pot
*** SUMMARY ***
Total pot $28
Board [7s 3d 6d]
Seat 3: 6c8d8c8a folded on the Flop
Seat 2: 2a7ba492(big blind) folded before Flop
Seat 6: Hero(small blind)won ($28) with Ace-High



Poker Hand #ring_862773172: NLH No Limit ($1/$2) - 2025/05/07 03:38:10
Table 'MR NLH BOMBPOT 1/2' 7-max Seat #2 is the button
Seat 3: 6c8d8c8a ($495.04 in chips)
Seat 2: 2a7ba492 ($427.05 in chips)
Seat 6: Hero ($106.34 in chips)
6c8d8c8a: posts small blind $1
Hero: posts big blind $2
*** HOLE CARDS ***
Dealt to 6c8d8c8a 
Dealt to 2a7ba492 
Dealt to Hero [2h 4d]
2a7ba492: folds
6c8d8c8a: calls $1
Hero: checks
*** FLOP *** [As 6h 5s]
6c8d8c8a: checks
Hero: checks
*** TURN *** [As 6h 5s] [Tc]
6c8d8c8a: bets $2
Hero: calls $2
*** RIVER *** [As 6h 5s Tc] [Qd]
6c8d8c8a: bets $4
Hero: raises $8 to $12
6c8d8c8a: calls $8
6c8d8c8a: shows [Ac 3s]
Hero: shows [2h 4d]
*** SHOWDOWN ***
6c8d8c8a collected $32 from pot
*** SUMMARY ***
Total pot $32
Board [As 6h 5s Tc Qd]
Seat 3: 6c8d8c8a(small blind) showed [Ac 3s] and won ($32) with Pair of Aces
Seat 2: 2a7ba492 folded before Flop (didn't bet)
Seat 6: Hero(big blind) showed [2h 4d] and lost with Ace-High



Poker Hand #ring_862772509: NLH No Limit ($1/$2) - 2025/05/07 03:37:40
Table 'MR NLH BOMBPOT 1/2' 7-max Seat #6 is the button
Seat 3: 6c8d8c8a ($494.78 in chips)
Seat 2: 2a7ba492 ($428.05 in chips)
Seat 6: Hero ($106.09 in chips)
2a7ba492: posts small blind $1
6c8d8c8a: posts big blind $2
*** HOLE CARDS ***
Dealt to 6c8d8c8a 
Dealt to 2a7ba492 
Dealt to Hero [8d Td]
Hero: raises $3 to $5
2a7ba492: folds
6c8d8c8a: calls $3
*** FLOP *** [Kc 3h Ts]
6c8d8c8a: checks
Hero: checks
*** TURN *** [Kc 3h Ts] [Qc]
6c8d8c8a: checks
Hero: checks
*** RIVER *** [Kc 3h Ts Qc] [As]
6c8d8c8a: checks
Hero: checks
6c8d8c8a: shows [Th 7s]
Hero: shows [8d Td]
*** SHOWDOWN ***
6c8d8c8a collected $5.5 from pot
Hero collected $5.5 from pot
*** SUMMARY ***
Total pot $11
Board [Kc 3h Ts Qc As]
Seat 3: 6c8d8c8a(big blind) showed [Th 7s] and won ($5.5) with Pair of Tens
Seat 2: 2a7ba492(small blind) folded before Flop
Seat 6: Hero showed [8d Td] and won ($5.5) with Pair of Tens



Poker Hand #ring_862772182: NLH No Limit ($1/$2) - 2025/05/07 03:37:26
Table 'MR NLH BOMBPOT 1/2' 7-max Seat #3 is the button
Seat 3: 6c8d8c8a ($494.78 in chips)
Seat 2: 2a7ba492 ($430.05 in chips)
Seat 6: Hero ($104.09 in chips)
Hero: posts small blind $1
2a7ba492: posts big blind $2
*** HOLE CARDS ***
Dealt to 6c8d8c8a 
Dealt to 2a7ba492 
Dealt to Hero [5s 7h]
6c8d8c8a: folds
Hero: raises $3 to $5
2a7ba492: folds
Uncalled bet ($3) returned to Hero
*** SHOWDOWN ***
Hero collected $4 from pot
*** SUMMARY ***
Total pot $4
Seat 3: 6c8d8c8a folded before Flop (didn't bet)
Seat 2: 2a7ba492(big blind) folded before Flop
Seat 6: Hero(small blind)won ($4)



Poker Hand #ring_862771660: NLH No Limit ($1/$2) - 2025/05/07 03:37:03
Table 'MR NLH BOMBPOT 1/2' 7-max Seat #2 is the button
Seat 3: 6c8d8c8a ($487.78 in chips)
Seat 2: 2a7ba492 ($435.05 in chips)
Seat 6: Hero ($106.09 in chips)
6c8d8c8a: posts small blind $1
Hero: posts big blind $2
*** HOLE CARDS ***
Dealt to 6c8d8c8a 
Dealt to 2a7ba492 
Dealt to Hero [5h 3d]
2a7ba492: raises $3 to $5
6c8d8c8a: raises $17 to $22
Hero: folds
2a7ba492: folds
Uncalled bet ($17) returned to 6c8d8c8a
*** SHOWDOWN ***
6c8d8c8a collected $12 from pot
*** SUMMARY ***
Total pot $12
Seat 3: 6c8d8c8a(small blind)won ($12)
Seat 2: 2a7ba492 folded before Flop
Seat 6: Hero(big blind) folded before Flop



Poker Hand #ring_862771299: NLH No Limit ($1/$2) - 2025/05/07 03:36:47
Table 'MR NLH BOMBPOT 1/2' 7-max Seat #6 is the button
Seat 3: 6c8d8c8a ($489.78 in chips)
Seat 2: 2a7ba492 ($436.05 in chips)
Seat 6: Hero ($103.09 in chips)
2a7ba492: posts small blind $1
6c8d8c8a: posts big blind $2
*** HOLE CARDS ***
Dealt to 6c8d8c8a 
Dealt to 2a7ba492 
Dealt to Hero [Kd 9s]
Hero: raises $3 to $5
2a7ba492: folds
6c8d8c8a: folds
Uncalled bet ($3) returned to Hero
*** SHOWDOWN ***
Hero collected $5 from pot
*** SUMMARY ***
Total pot $5
Seat 3: 6c8d8c8a(big blind) folded before Flop
Seat 2: 2a7ba492(small blind) folded before Flop
Seat 6: Herowon ($5)



Poker Hand #ring_862770436: NLH No Limit ($1/$2) - 2025/05/07 03:36:09
Table 'MR NLH BOMBPOT 1/2' 7-max Seat #3 is the button
Seat 3: 6c8d8c8a ($489.78 in chips)
Seat 2: 2a7ba492 ($441.05 in chips)
Seat 6: Hero ($98.54 in chips)
Hero: posts small blind $1
2a7ba492: posts big blind $2
*** HOLE CARDS ***
Dealt to 6c8d8c8a 
Dealt to 2a7ba492 
Dealt to Hero [6c 6s]
6c8d8c8a: folds
Hero: raises $3 to $5
2a7ba492: calls $3
*** FLOP *** [Qc 3c 7h]
Hero: checks
2a7ba492: checks
*** TURN *** [Qc 3c 7h] [8h]
Hero: checks
2a7ba492: checks
*** RIVER *** [Qc 3c 7h 8h] [As]
Hero: checks
2a7ba492: checks
2a7ba492: shows [Kh Tc]
Hero: shows [6c 6s]
*** SHOWDOWN ***
Hero collected $10 from pot
*** SUMMARY ***
Total pot $10
Board [Qc 3c 7h 8h As]
Seat 3: 6c8d8c8a folded before Flop (didn't bet)
Seat 2: 2a7ba492(big blind) showed [Kh Tc] and lost with Ace-High
Seat 6: Hero(small blind) showed [6c 6s] and won ($10) with Pair of Sixes



Poker Hand #ring_862770165: NLH No Limit ($1/$2) - 2025/05/07 03:35:58
Table 'MR NLH BOMBPOT 1/2' 7-max Seat #2 is the button
Seat 3: 6c8d8c8a ($490.78 in chips)
Seat 2: 2a7ba492 ($441.05 in chips)
Seat 6: Hero ($97.54 in chips)
6c8d8c8a: posts small blind $1
Hero: posts big blind $2
*** HOLE CARDS ***
Dealt to 6c8d8c8a 
Dealt to 2a7ba492 
Dealt to Hero [6h 8c]
2a7ba492: folds
6c8d8c8a: folds
*** SHOWDOWN ***
Hero collected $3 from pot
*** SUMMARY ***
Total pot $3
Seat 3: 6c8d8c8a(small blind) folded before Flop
Seat 2: 2a7ba492 folded before Flop (didn't bet)
Seat 6: Hero(big blind)won ($3)



Poker Hand #ring_862769312: NLH No Limit ($1/$2) - 2025/05/07 03:35:21
Table 'MR NLH BOMBPOT 1/2' 7-max Seat #6 is the button
Seat 3: 6c8d8c8a ($485.32 in chips)
Seat 2: 2a7ba492 ($447.05 in chips)
Seat 6: Hero ($97.54 in chips)
2a7ba492: posts small blind $1
6c8d8c8a: posts big blind $2
*** HOLE CARDS ***
Dealt to 6c8d8c8a 
Dealt to 2a7ba492 
Dealt to Hero [Kc 6s]
Hero: folds
2a7ba492: raises $4 to $6
6c8d8c8a: calls $4
*** FLOP *** [8s Ks 4d]
2a7ba492: checks
6c8d8c8a: bets $6
2a7ba492: folds
Uncalled bet ($6) returned to 6c8d8c8a
6c8d8c8a: shows [8h]
*** SHOWDOWN ***
6c8d8c8a collected $12 from pot
*** SUMMARY ***
Total pot $12
Board [8s Ks 4d]
Seat 3: 6c8d8c8a(big blind) showed [8h] and won ($12) with Pair of Eights
Seat 2: 2a7ba492(small blind) folded on the Flop
Seat 6: Hero folded before Flop (didn't bet)



Poker Hand #ring_862768838: NLH No Limit ($1/$2) - 2025/05/07 03:35:00
Table 'MR NLH BOMBPOT 1/2' 7-max Seat #3 is the button
Seat 3: 6c8d8c8a ($495.32 in chips)
Seat 2: 2a7ba492 ($428.4 in chips)
Seat 6: Hero ($107.54 in chips)
Hero: posts the ante $10
2a7ba492: posts the ante $10
6c8d8c8a: posts the ante $10
*** HOLE CARDS ***
Dealt to 6c8d8c8a 
Dealt to 2a7ba492 
Dealt to Hero [9c 4c]
*** FLOP *** [Ad Qd 7s]
Hero: checks
2a7ba492: bets $12.6
6c8d8c8a: folds
Hero: folds
Uncalled bet ($12.6) returned to 2a7ba492
*** SHOWDOWN ***
2a7ba492 collected $30 from pot
*** SUMMARY ***
Total pot $30
Board [Ad Qd 7s]
Seat 3: 6c8d8c8a folded on the Flop
Seat 2: 2a7ba492(big blind)won ($30) with Ace-High
Seat 6: Hero(small blind) folded on the Flop



Poker Hand #ring_862768204: NLH No Limit ($1/$2) - 2025/05/07 03:34:33
Table 'MR NLH BOMBPOT 1/2' 7-max Seat #2 is the button
Seat 3: 6c8d8c8a ($496.32 in chips)
Seat 2: 2a7ba492 ($420.39 in chips)
Seat 6: Hero ($115.29 in chips)
6c8d8c8a: posts small blind $1
Hero: posts big blind $2
*** HOLE CARDS ***
Dealt to 6c8d8c8a 
Dealt to 2a7ba492 
Dealt to Hero [Qs Jd]
2a7ba492: raises $3 to $5
6c8d8c8a: folds
Hero: calls $3
*** FLOP *** [Ts 4s 6s]
Hero: checks
2a7ba492: bets $2.75
Hero: calls $2.75
*** TURN *** [Ts 4s 6s] [Th]
Hero: checks
2a7ba492: bets $11.22
Hero: folds
Uncalled bet ($11.22) returned to 2a7ba492
*** SHOWDOWN ***
2a7ba492 collected $16.5 from pot
*** SUMMARY ***
Total pot $16.5
Board [Ts 4s 6s Th]
Seat 3: 6c8d8c8a(small blind) folded before Flop
Seat 2: 2a7ba492won ($16.5) with Pair of Tens
Seat 6: Hero(big blind) folded on the Turn



Poker Hand #ring_862766969: NLH No Limit ($1/$2) - 2025/05/07 03:33:39
Table 'MR NLH BOMBPOT 1/2' 7-max Seat #6 is the button
Seat 3: 6c8d8c8a ($496.06 in chips)
Seat 2: 2a7ba492 ($421.39 in chips)
Seat 6: Hero ($115.04 in chips)
2a7ba492: posts small blind $1
6c8d8c8a: posts big blind $2
*** HOLE CARDS ***
Dealt to 6c8d8c8a 
Dealt to 2a7ba492 
Dealt to Hero [9c Qc]
Hero: raises $3 to $5
2a7ba492: folds
6c8d8c8a: calls $3
*** FLOP *** [3c Jd 3s]
6c8d8c8a: checks
Hero: checks
*** TURN *** [3c Jd 3s] [Jc]
6c8d8c8a: checks
Hero: checks
*** RIVER *** [3c Jd 3s Jc] [3h]
6c8d8c8a: checks
Hero: checks
6c8d8c8a: shows [2d 2h]
Hero: shows [9c Qc]
*** SHOWDOWN ***
6c8d8c8a collected $5.5 from pot
Hero collected $5.5 from pot
*** SUMMARY ***
Total pot $11
Board [3c Jd 3s Jc 3h]
Seat 3: 6c8d8c8a(big blind) showed [2d 2h] and won ($5.5) with Treys Full over Jacks
Seat 2: 2a7ba492(small blind) folded before Flop
Seat 6: Hero showed [9c Qc] and won ($5.5) with Treys Full over Jacks



Poker Hand #ring_862766119: NLH No Limit ($1/$2) - 2025/05/07 03:33:03
Table 'MR NLH BOMBPOT 1/2' 7-max Seat #3 is the button
Seat 3: 6c8d8c8a ($496.06 in chips)
Seat 2: 2a7ba492 ($412.29 in chips)
Seat 6: Hero ($125.04 in chips)
Hero: posts small blind $1
2a7ba492: posts big blind $2
*** HOLE CARDS ***
Dealt to 6c8d8c8a 
Dealt to 2a7ba492 
Dealt to Hero [Ad 2c]
6c8d8c8a: folds
Hero: raises $3 to $5
2a7ba492: calls $3
*** FLOP *** [4h 7d 6d]
Hero: checks
2a7ba492: checks
*** TURN *** [4h 7d 6d] [5c]
Hero: bets $5
2a7ba492: raises $16 to $21
Hero: folds
Uncalled bet ($16) returned to 2a7ba492
*** SHOWDOWN ***
2a7ba492 collected $20 from pot
*** SUMMARY ***
Total pot $20
Board [4h 7d 6d 5c]
Seat 3: 6c8d8c8a folded before Flop (didn't bet)
Seat 2: 2a7ba492(big blind)won ($20) with Jack-High
Seat 6: Hero(small blind) folded on the Turn



Poker Hand #ring_862765397: NLH No Limit ($1/$2) - 2025/05/07 03:32:32
Table 'MR NLH BOMBPOT 1/2' 7-max Seat #2 is the button
Seat 3: 6c8d8c8a ($494.24 in chips)
Seat 2: 2a7ba492 ($412.29 in chips)
Seat 6: Hero ($127.04 in chips)
6c8d8c8a: posts small blind $1
Hero: posts big blind $2
*** HOLE CARDS ***
Dealt to 6c8d8c8a 
Dealt to 2a7ba492 
Dealt to Hero [7d 4c]
2a7ba492: folds
6c8d8c8a: calls $1
Hero: checks
*** FLOP *** [3s 2c 8c]
6c8d8c8a: checks
Hero: checks
*** TURN *** [3s 2c 8c] [Tc]
6c8d8c8a: checks
Hero: checks
*** RIVER *** [3s 2c 8c Tc] [Qd]
6c8d8c8a: bets $2.8
Hero: folds
Uncalled bet ($2.8) returned to 6c8d8c8a
*** SHOWDOWN ***
6c8d8c8a collected $4 from pot
*** SUMMARY ***
Total pot $4
Board [3s 2c 8c Tc Qd]
Seat 3: 6c8d8c8a(small blind)won ($4) with Pair of Tens
Seat 2: 2a7ba492 folded before Flop (didn't bet)
Seat 6: Hero(big blind) folded on the River



Poker Hand #ring_862764620: NLH No Limit ($1/$2) - 2025/05/07 03:31:59
Table 'MR NLH BOMBPOT 1/2' 7-max Seat #6 is the button
Seat 3: 6c8d8c8a ($507.74 in chips)
Seat 2: 2a7ba492 ($400 in chips)
Seat 6: Hero ($127.04 in chips)
2a7ba492: posts small blind $1
6c8d8c8a: posts big blind $2
*** HOLE CARDS ***
Dealt to 6c8d8c8a 
Dealt to 2a7ba492 
Dealt to Hero [Kd 5h]
Hero: folds
2a7ba492: raises $4 to $6
6c8d8c8a: calls $4
*** FLOP *** [As 3d Th]
2a7ba492: bets $3
6c8d8c8a: calls $3
*** TURN *** [As 3d Th] [Jc]
2a7ba492: bets $4.5
6c8d8c8a: calls $4.5
*** RIVER *** [As 3d Th Jc] [8s]
2a7ba492: bets $11.34
6c8d8c8a: folds
Uncalled bet ($11.34) returned to 2a7ba492
*** SHOWDOWN ***
2a7ba492 collected $27 from pot
*** SUMMARY ***
Total pot $27
Board [As 3d Th Jc 8s]
Seat 3: 6c8d8c8a(big blind) folded on the River
Seat 2: 2a7ba492(small blind)won ($27) with Pair of Aces
Seat 6: Hero folded before Flop (didn't bet)



Poker Hand #ring_862763393: NLH No Limit ($1/$2) - 2025/05/07 03:31:05
Table 'MR NLH BOMBPOT 1/2' 7-max Seat #3 is the button
Seat 3: 6c8d8c8a ($507.74 in chips)
Seat 2: 2a7ba492 ($398.84 in chips)
Seat 6: Hero ($66.51 in chips)
Hero: posts small blind $1
2a7ba492: posts big blind $2
*** HOLE CARDS ***
Dealt to 6c8d8c8a 
Dealt to 2a7ba492 
Dealt to Hero [As Kd]
6c8d8c8a: folds
Hero: raises $3 to $5
2a7ba492: calls $3
*** FLOP *** [Qs Td 9c]
Hero: checks
2a7ba492: checks
*** TURN *** [Qs Td 9c] [Jc]
Hero: checks
2a7ba492: bets $8
Hero: raises $16 to $24
2a7ba492: calls $16
*** RIVER *** [Qs Td 9c Jc] [2s]
Hero: bets $37.51 and is all-in
2a7ba492: calls $37.51
2a7ba492: shows [Ks 8s]
Hero: shows [As Kd]
*** SHOWDOWN ***
Hero collected $133.02 from pot
*** SUMMARY ***
Total pot $133.02
Board [Qs Td 9c Jc 2s]
Seat 3: 6c8d8c8a folded before Flop (didn't bet)
Seat 2: 2a7ba492(big blind) showed [Ks 8s] and lost with Kings-High Straight
Seat 6: Hero(small blind) showed [As Kd] and won ($133.02) with Aces-High Straight



Poker Hand #ring_862763109: NLH No Limit ($1/$2) - 2025/05/07 03:30:52
Table 'MR NLH BOMBPOT 1/2' 7-max Seat #2 is the button
Seat 3: 6c8d8c8a ($508.74 in chips)
Seat 2: 2a7ba492 ($398.84 in chips)
Seat 6: Hero ($65.51 in chips)
6c8d8c8a: posts small blind $1
Hero: posts big blind $2
*** HOLE CARDS ***
Dealt to 6c8d8c8a 
Dealt to 2a7ba492 
Dealt to Hero [6c Ks]
2a7ba492: folds
6c8d8c8a: folds
*** SHOWDOWN ***
Hero collected $3 from pot
*** SUMMARY ***
Total pot $3
Seat 3: 6c8d8c8a(small blind) folded before Flop
Seat 2: 2a7ba492 folded before Flop (didn't bet)
Seat 6: Hero(big blind)won ($3)



Poker Hand #ring_862762753: NLH No Limit ($1/$2) - 2025/05/07 03:30:36
Table 'MR NLH BOMBPOT 1/2' 7-max Seat #6 is the button
Seat 3: 6c8d8c8a ($507.74 in chips)
Seat 2: 2a7ba492 ($399.84 in chips)
Seat 6: Hero ($65.51 in chips)
2a7ba492: posts small blind $1
6c8d8c8a: posts big blind $2
*** HOLE CARDS ***
Dealt to 6c8d8c8a 
Dealt to 2a7ba492 
Dealt to Hero [7s Jd]
Hero: folds
2a7ba492: folds
*** SHOWDOWN ***
6c8d8c8a collected $3 from pot
*** SUMMARY ***
Total pot $3
Seat 3: 6c8d8c8a(big blind)won ($3)
Seat 2: 2a7ba492(small blind) folded before Flop
Seat 6: Hero folded before Flop (didn't bet)



Poker Hand #ring_862762438: NLH No Limit ($1/$2) - 2025/05/07 03:30:23
Table 'MR NLH BOMBPOT 1/2' 7-max Seat #3 is the button
Seat 3: 6c8d8c8a ($507.74 in chips)
Seat 2: 2a7ba492 ($398.84 in chips)
Seat 6: Hero ($66.51 in chips)
Hero: posts small blind $1
2a7ba492: posts big blind $2
*** HOLE CARDS ***
Dealt to 6c8d8c8a 
Dealt to 2a7ba492 
Dealt to Hero [2c 6s]
6c8d8c8a: folds
Hero: folds
*** SHOWDOWN ***
2a7ba492 collected $3 from pot
*** SUMMARY ***
Total pot $3
Seat 3: 6c8d8c8a folded before Flop (didn't bet)
Seat 2: 2a7ba492(big blind)won ($3)
Seat 6: Hero(small blind) folded before Flop



Poker Hand #ring_862761944: NLH No Limit ($1/$2) - 2025/05/07 03:30:02
Table 'MR NLH BOMBPOT 1/2' 7-max Seat #2 is the button
Seat 3: 6c8d8c8a ($517.74 in chips)
Seat 2: 2a7ba492 ($408.84 in chips)
Seat 6: Hero ($47.86 in chips)
6c8d8c8a: posts the ante $10
Hero: posts the ante $10
2a7ba492: posts the ante $10
*** HOLE CARDS ***
Dealt to 6c8d8c8a 
Dealt to 2a7ba492 
Dealt to Hero [Ts Jh]
*** FLOP *** [5d Th Qd]
6c8d8c8a: checks
Hero: bets $37.86 and is all-in
2a7ba492: folds
6c8d8c8a: folds
Uncalled bet ($37.86) returned to Hero
*** SHOWDOWN ***
Hero collected $30 from pot
*** SUMMARY ***
Total pot $30
Board [5d Th Qd]
Seat 3: 6c8d8c8a(small blind) folded on the Flop
Seat 2: 2a7ba492 folded on the Flop
Seat 6: Hero(big blind)won ($30) with Pair of Tens



Poker Hand #ring_862760439: NLH No Limit ($1/$2) - 2025/05/07 03:28:56
Table 'MR NLH BOMBPOT 1/2' 7-max Seat #6 is the button
Seat 3: 6c8d8c8a ($475.42 in chips)
Seat 2: 2a7ba492 ($455.34 in chips)
Seat 6: Hero ($47.86 in chips)
2a7ba492: posts small blind $1
6c8d8c8a: posts big blind $2
*** HOLE CARDS ***
Dealt to 6c8d8c8a 
Dealt to 2a7ba492 
Dealt to Hero [6s 2d]
Hero: folds
2a7ba492: raises $3 to $5
6c8d8c8a: raises $12 to $17
2a7ba492: calls $12
*** FLOP *** [Qh Tc Js]
2a7ba492: checks
6c8d8c8a: bets $14
2a7ba492: calls $14
*** TURN *** [Qh Tc Js] [2c]
2a7ba492: checks
6c8d8c8a: checks
*** RIVER *** [Qh Tc Js 2c] [Kh]
2a7ba492: bets $15.5
6c8d8c8a: raises $64.5 to $80
2a7ba492: folds
Uncalled bet ($64.5) returned to 6c8d8c8a
6c8d8c8a: shows [Ah]
*** SHOWDOWN ***
6c8d8c8a collected $93 from pot
*** SUMMARY ***
Total pot $93
Board [Qh Tc Js 2c Kh]
Seat 3: 6c8d8c8a(big blind) showed [Ah] and won ($93) with Aces-High Straight
Seat 2: 2a7ba492(small blind) folded on the River
Seat 6: Hero folded before Flop (didn't bet)



Poker Hand #ring_862760125: NLH No Limit ($1/$2) - 2025/05/07 03:28:42
Table 'MR NLH BOMBPOT 1/2' 7-max Seat #3 is the button
Seat 3: 6c8d8c8a ($472.42 in chips)
Seat 2: 2a7ba492 ($457.34 in chips)
Seat 6: Hero ($48.86 in chips)
Hero: posts small blind $1
2a7ba492: posts big blind $2
*** HOLE CARDS ***
Dealt to 6c8d8c8a 
Dealt to 2a7ba492 
Dealt to Hero [8c Td]
6c8d8c8a: raises $4 to $6
Hero: folds
2a7ba492: folds
Uncalled bet ($4) returned to 6c8d8c8a
*** SHOWDOWN ***
6c8d8c8a collected $5 from pot
*** SUMMARY ***
Total pot $5
Seat 3: 6c8d8c8awon ($5)
Seat 2: 2a7ba492(big blind) folded before Flop
Seat 6: Hero(small blind) folded before Flop



Poker Hand #ring_862759147: NLH No Limit ($1/$2) - 2025/05/07 03:28:01
Table 'MR NLH BOMBPOT 1/2' 7-max Seat #2 is the button
Seat 3: 6c8d8c8a ($473.42 in chips)
Seat 2: 2a7ba492 ($466.96 in chips)
Seat 6: Hero ($39.15 in chips)
6c8d8c8a: posts small blind $1
Hero: posts big blind $2
*** HOLE CARDS ***
Dealt to 6c8d8c8a 
Dealt to 2a7ba492 
Dealt to Hero [9s Tc]
2a7ba492: raises $3 to $5
6c8d8c8a: folds
Hero: calls $3
*** FLOP *** [9c Kh Kd]
Hero: checks
2a7ba492: bets $4.62
Hero: raises $11.38 to $16
2a7ba492: folds
Uncalled bet ($11.38) returned to Hero
*** SHOWDOWN ***
Hero collected $20.24 from pot
*** SUMMARY ***
Total pot $20.24
Board [9c Kh Kd]
Seat 3: 6c8d8c8a(small blind) folded before Flop
Seat 2: 2a7ba492 folded on the Flop
Seat 6: Hero(big blind)won ($20.24) with Pair of Kings and Pair of Nines



Poker Hand #ring_862758801: NLH No Limit ($1/$2) - 2025/05/07 03:27:46
Table 'MR NLH BOMBPOT 1/2' 7-max Seat #6 is the button
Seat 3: 6c8d8c8a ($475.42 in chips)
Seat 2: 2a7ba492 ($467.96 in chips)
Seat 6: Hero ($36.15 in chips)
2a7ba492: posts small blind $1
6c8d8c8a: posts big blind $2
*** HOLE CARDS ***
Dealt to 6c8d8c8a 
Dealt to 2a7ba492 
Dealt to Hero [9h Kh]
Hero: raises $3 to $5
2a7ba492: folds
6c8d8c8a: folds
Uncalled bet ($3) returned to Hero
*** SHOWDOWN ***
Hero collected $5 from pot
*** SUMMARY ***
Total pot $5
Seat 3: 6c8d8c8a(big blind) folded before Flop
Seat 2: 2a7ba492(small blind) folded before Flop
Seat 6: Herowon ($5)



Poker Hand #ring_862758377: NLH No Limit ($1/$2) - 2025/05/07 03:27:28
Table 'MR NLH BOMBPOT 1/2' 7-max Seat #3 is the button
Seat 3: 6c8d8c8a ($475.42 in chips)
Seat 2: 2a7ba492 ($469.96 in chips)
Seat 6: Hero ($34.15 in chips)
Hero: posts small blind $1
2a7ba492: posts big blind $2
*** HOLE CARDS ***
Dealt to 6c8d8c8a 
Dealt to 2a7ba492 
Dealt to Hero [Qs 4s]
6c8d8c8a: folds
Hero: raises $3 to $5
2a7ba492: folds
Uncalled bet ($3) returned to Hero
*** SHOWDOWN ***
Hero collected $4 from pot
*** SUMMARY ***
Total pot $4
Seat 3: 6c8d8c8a folded before Flop (didn't bet)
Seat 2: 2a7ba492(big blind) folded before Flop
Seat 6: Hero(small blind)won ($4)



Poker Hand #ring_862757849: NLH No Limit ($1/$2) - 2025/05/07 03:27:05
Table 'MR NLH BOMBPOT 1/2' 7-max Seat #2 is the button
Seat 3: 6c8d8c8a ($476.42 in chips)
Seat 2: 2a7ba492 ($464.45 in chips)
Seat 6: Hero ($39.15 in chips)
6c8d8c8a: posts small blind $1
Hero: posts big blind $2
*** HOLE CARDS ***
Dealt to 6c8d8c8a 
Dealt to 2a7ba492 
Dealt to Hero [Td 8d]
2a7ba492: raises $3 to $5
6c8d8c8a: folds
Hero: calls $3
*** FLOP *** [6c 3s Kc]
Hero: checks
2a7ba492: bets $4.62
Hero: folds
Uncalled bet ($4.62) returned to 2a7ba492
*** SHOWDOWN ***
2a7ba492 collected $11 from pot
*** SUMMARY ***
Total pot $11
Board [6c 3s Kc]
Seat 3: 6c8d8c8a(small blind) folded before Flop
Seat 2: 2a7ba492won ($11) with King-High
Seat 6: Hero(big blind) folded on the Flop



Poker Hand #ring_862756624: NLH No Limit ($1/$2) - 2025/05/07 03:26:12
Table 'MR NLH BOMBPOT 1/2' 7-max Seat #6 is the button
Seat 3: 6c8d8c8a ($448.71 in chips)
Seat 2: 2a7ba492 ($489.65 in chips)
Seat 6: Hero ($44.15 in chips)
2a7ba492: posts small blind $1
6c8d8c8a: posts big blind $2
*** HOLE CARDS ***
Dealt to 6c8d8c8a 
Dealt to 2a7ba492 
Dealt to Hero [Qc Jd]
Hero: raises $3 to $5
2a7ba492: calls $4
6c8d8c8a: calls $3
*** FLOP *** [8h Kh Qd]
2a7ba492: checks
6c8d8c8a: checks
Hero: checks
*** TURN *** [8h Kh Qd] [8c]
2a7ba492: bets $10.2
6c8d8c8a: calls $10.2
Hero: folds
*** RIVER *** [8h Kh Qd 8c] [6d]
2a7ba492: checks
6c8d8c8a: bets $10
2a7ba492: calls $10
2a7ba492: shows [Qs Jc]
6c8d8c8a: shows [6c Kd]
*** SHOWDOWN ***
6c8d8c8a collected $55.4 from pot
*** SUMMARY ***
Total pot $55.4
Board [8h Kh Qd 8c 6d]
Seat 3: 6c8d8c8a(big blind) showed [6c Kd] and won ($55.4) with Pair of Kings and Pair of Eights
Seat 2: 2a7ba492(small blind) showed [Qs Jc] and lost with Pair of Queens and Pair of Eights
Seat 6: Hero folded on the Turn



Poker Hand #ring_862756304: NLH No Limit ($1/$2) - 2025/05/07 03:25:59
Table 'MR NLH BOMBPOT 1/2' 7-max Seat #3 is the button
Seat 3: 6c8d8c8a ($445.71 in chips)
Seat 2: 2a7ba492 ($491.65 in chips)
Seat 6: Hero ($45.15 in chips)
Hero: posts small blind $1
2a7ba492: posts big blind $2
*** HOLE CARDS ***
Dealt to 6c8d8c8a 
Dealt to 2a7ba492 
Dealt to Hero [9d 2c]
6c8d8c8a: raises $4 to $6
Hero: folds
2a7ba492: folds
Uncalled bet ($4) returned to 6c8d8c8a
6c8d8c8a: shows [Qs Ad]
*** SHOWDOWN ***
6c8d8c8a collected $5 from pot
*** SUMMARY ***
Total pot $5
Seat 3: 6c8d8c8a showed [Qs Ad] and won ($5)
Seat 2: 2a7ba492(big blind) folded before Flop
Seat 6: Hero(small blind) folded before Flop



Poker Hand #ring_862755950: NLH No Limit ($1/$2) - 2025/05/07 03:25:44
Table 'MR NLH BOMBPOT 1/2' 7-max Seat #2 is the button
Seat 3: 6c8d8c8a ($446.71 in chips)
Seat 2: 2a7ba492 ($491.65 in chips)
Seat 6: Hero ($44.15 in chips)
6c8d8c8a: posts small blind $1
Hero: posts big blind $2
*** HOLE CARDS ***
Dealt to 6c8d8c8a 
Dealt to 2a7ba492 
Dealt to Hero [4c Jc]
2a7ba492: folds
6c8d8c8a: folds
*** SHOWDOWN ***
Hero collected $3 from pot
*** SUMMARY ***
Total pot $3
Seat 3: 6c8d8c8a(small blind) folded before Flop
Seat 2: 2a7ba492 folded before Flop (didn't bet)
Seat 6: Hero(big blind)won ($3)



Poker Hand #ring_862755004: NLH No Limit ($1/$2) - 2025/05/07 03:25:05
Table 'MR NLH BOMBPOT 1/2' 7-max Seat #6 is the button
Seat 3: 6c8d8c8a ($464.82 in chips)
Seat 2: 2a7ba492 ($501.65 in chips)
Seat 6: Hero ($18.11 in chips)
2a7ba492: posts the ante $10
6c8d8c8a: posts the ante $10
Hero: posts the ante $10
*** HOLE CARDS ***
Dealt to 6c8d8c8a 
Dealt to 2a7ba492 
Dealt to Hero [Qs 8h]
*** FLOP *** [5c 9s 7s]
2a7ba492: checks
6c8d8c8a: bets $15
Hero: calls $8.11 and is all-in
2a7ba492: folds
Uncalled bet ($6.89) returned to 6c8d8c8a
6c8d8c8a: shows [9h Tc] (Pair of Nines)
Hero: shows [Qs 8h] (Queen-High)
*** TURN *** [5c 9s 7s] [Js]
*** RIVER *** [5c 9s 7s Js] [2s]
*** SHOWDOWN ***
Hero collected $46.22 from pot
*** SUMMARY ***
Total pot $46.22
Board [5c 9s 7s Js 2s]
Seat 3: 6c8d8c8a(big blind) showed [9h Tc] and lost with Pair of Nines
Seat 2: 2a7ba492(small blind) folded on the Flop
Seat 6: Hero showed [Qs 8h] and won ($46.22) with Queen High Flush



Poker Hand #ring_862753300: NLH No Limit ($1/$2) - 2025/05/07 03:23:54
Table 'MR NLH BOMBPOT 1/2' 7-max Seat #3 is the button
Seat 3: 6c8d8c8a ($464.82 in chips)
Seat 2: 2a7ba492 ($399 in chips)
Seat 6: Hero ($130.91 in chips)
Hero: posts small blind $1
2a7ba492: posts big blind $2
*** HOLE CARDS ***
Dealt to 6c8d8c8a 
Dealt to 2a7ba492 
Dealt to Hero [5c Ad]
6c8d8c8a: folds
Hero: raises $3 to $5
2a7ba492: calls $3
*** FLOP *** [2s Kd 5d]
Hero: checks
2a7ba492: bets $6.8
Hero: raises $13 to $19.8
2a7ba492: calls $13
*** TURN *** [2s Kd 5d] [Qd]
Hero: bets $24
2a7ba492: calls $24
*** RIVER *** [2s Kd 5d Qd] [3h]
Hero: bets $64
2a7ba492: calls $64
2a7ba492: shows [3d 4d]
Hero: shows [5c Ad]
*** SHOWDOWN ***
2a7ba492 collected $225.6 from pot
*** SUMMARY ***
Total pot $225.6
Board [2s Kd 5d Qd 3h]
Seat 3: 6c8d8c8a folded before Flop (didn't bet)
Seat 2: 2a7ba492(big blind) showed [3d 4d] and won ($225.6) with King High Flush
Seat 6: Hero(small blind) showed [5c Ad] and lost with Pair of Fives



Poker Hand #ring_862752875: NLH No Limit ($1/$2) - 2025/05/07 03:23:36
Table 'MR NLH BOMBPOT 1/2' 7-max Seat #2 is the button
Seat 3: 6c8d8c8a ($462.82 in chips)
Seat 2: 2a7ba492 ($399 in chips)
Seat 6: Hero ($132.91 in chips)
6c8d8c8a: posts small blind $1
Hero: posts big blind $2
*** HOLE CARDS ***
Dealt to 6c8d8c8a 
Dealt to 2a7ba492 
Dealt to Hero [5h 3s]
2a7ba492: folds
6c8d8c8a: raises $6 to $8
Hero: folds
Uncalled bet ($6) returned to 6c8d8c8a
*** SHOWDOWN ***
6c8d8c8a collected $4 from pot
*** SUMMARY ***
Total pot $4
Seat 3: 6c8d8c8a(small blind)won ($4)
Seat 2: 2a7ba492 folded before Flop (didn't bet)
Seat 6: Hero(big blind) folded before Flop



Poker Hand #ring_862752582: NLH No Limit ($1/$2) - 2025/05/07 03:23:24
Table 'MR NLH BOMBPOT 1/2' 7-max Seat #6 is the button
Seat 3: 6c8d8c8a ($461.82 in chips)
Seat 2: 2a7ba492 ($400 in chips)
Seat 6: Hero ($132.91 in chips)
2a7ba492: posts small blind $1
6c8d8c8a: posts big blind $2
*** HOLE CARDS ***
Dealt to 6c8d8c8a 
Dealt to 2a7ba492 
Dealt to Hero [5c Js]
Hero: folds
2a7ba492: folds
*** SHOWDOWN ***
6c8d8c8a collected $3 from pot
*** SUMMARY ***
Total pot $3
Seat 3: 6c8d8c8a(big blind)won ($3)
Seat 2: 2a7ba492(small blind) folded before Flop
Seat 6: Hero folded before Flop (didn't bet)



Poker Hand #ring_862752206: NLH No Limit ($1/$2) - 2025/05/07 03:23:09
Table 'MR NLH BOMBPOT 1/2' 7-max Seat #3 is the button
Seat 3: 6c8d8c8a ($458.82 in chips)
Seat 2: 2a7ba492 ($399 in chips)
Seat 6: Hero ($133.91 in chips)
Hero: posts small blind $1
2a7ba492: posts big blind $2
*** HOLE CARDS ***
Dealt to 6c8d8c8a 
Dealt to 2a7ba492 
Dealt to Hero [8c 4s]
6c8d8c8a: raises $4 to $6
Hero: folds
2a7ba492: folds
Uncalled bet ($4) returned to 6c8d8c8a
6c8d8c8a: shows [Ah]
*** SHOWDOWN ***
6c8d8c8a collected $5 from pot
*** SUMMARY ***
Total pot $5
Seat 3: 6c8d8c8a showed [Ah] and won ($5)
Seat 2: 2a7ba492(big blind) folded before Flop
Seat 6: Hero(small blind) folded before Flop



Poker Hand #ring_862751646: NLH No Limit ($1/$2) - 2025/05/07 03:22:45
Table 'MR NLH BOMBPOT 1/2' 7-max Seat #2 is the button
Seat 3: 6c8d8c8a ($451.54 in chips)
Seat 2: 2a7ba492 ($399 in chips)
Seat 6: Hero ($141.91 in chips)
6c8d8c8a: posts small blind $1
Hero: posts big blind $2
*** HOLE CARDS ***
Dealt to 6c8d8c8a 
Dealt to 2a7ba492 
Dealt to Hero [9d Th]
2a7ba492: folds
6c8d8c8a: raises $6 to $8
Hero: calls $6
*** FLOP *** [As 4s 5c]
6c8d8c8a: bets $8
Hero: folds
Uncalled bet ($8) returned to 6c8d8c8a
6c8d8c8a: shows [Ac]
*** SHOWDOWN ***
6c8d8c8a collected $16 from pot
*** SUMMARY ***
Total pot $16
Board [As 4s 5c]
Seat 3: 6c8d8c8a(small blind) showed [Ac] and won ($16) with Pair of Aces
Seat 2: 2a7ba492 folded before Flop (didn't bet)
Seat 6: Hero(big blind) folded on the Flop



Poker Hand #ring_862750552: NLH No Limit ($1/$2) - 2025/05/07 03:22:01
Table 'MR NLH BOMBPOT 1/2' 7-max Seat #6 is the button
Seat 3: 6c8d8c8a ($429.65 in chips)
Seat 2: 2a7ba492 ($400 in chips)
Seat 6: Hero ($164.91 in chips)
2a7ba492: posts small blind $1
6c8d8c8a: posts big blind $2
*** HOLE CARDS ***
Dealt to 6c8d8c8a 
Dealt to 2a7ba492 
Dealt to Hero [6s 7h]
Hero: raises $3 to $5
2a7ba492: folds
6c8d8c8a: calls $3
*** FLOP *** [6d 5d 8d]
6c8d8c8a: checks
Hero: checks
*** TURN *** [6d 5d 8d] [8s]
6c8d8c8a: bets $5
Hero: calls $5
*** RIVER *** [6d 5d 8d 8s] [2c]
6c8d8c8a: bets $13
Hero: calls $13
6c8d8c8a: shows [Ah 6h]
Hero: shows [6s 7h]
*** SHOWDOWN ***
6c8d8c8a collected $47 from pot
*** SUMMARY ***
Total pot $47
Board [6d 5d 8d 8s 2c]
Seat 3: 6c8d8c8a(big blind) showed [Ah 6h] and won ($47) with Pair of Eights and Pair of Sixes
Seat 2: 2a7ba492(small blind) folded before Flop
Seat 6: Hero showed [6s 7h] and lost with Pair of Eights and Pair of Sixes



Poker Hand #ring_862750146: NLH No Limit ($1/$2) - 2025/05/07 03:21:43
Table 'MR NLH BOMBPOT 1/2' 7-max Seat #0 is the button
Seat 3: 6c8d8c8a ($426.65 in chips)
Seat 2: 2a7ba492 ($400 in chips)
Seat 6: Hero ($165.91 in chips)
Hero: posts small blind $1
2a7ba492: posts big blind $2
*** HOLE CARDS ***
Dealt to 6c8d8c8a 
Dealt to 2a7ba492 
Dealt to Hero [3c 8d]
6c8d8c8a: raises $4 to $6
Hero: folds
2a7ba492: folds
Uncalled bet ($4) returned to 6c8d8c8a
*** SHOWDOWN ***
6c8d8c8a collected $5 from pot
*** SUMMARY ***
Total pot $5
Seat 3: 6c8d8c8awon ($5)
Seat 2: 2a7ba492(big blind) folded before Flop
Seat 6: Hero(small blind) folded before Flop



Poker Hand #ring_862749788: NLH No Limit ($1/$2) - 2025/05/07 03:21:28
Table 'MR NLH BOMBPOT 1/2' 7-max Seat #3 is the button
Seat 4: e426790e ($232.43 in chips)
Seat 3: 6c8d8c8a ($426.65 in chips)
Seat 2: 2a7ba492 ($400 in chips)
Seat 6: Hero ($164.91 in chips)
e426790e: posts small blind $1
Hero: posts big blind $2
*** HOLE CARDS ***
Dealt to e426790e 
Dealt to 6c8d8c8a 
Dealt to 2a7ba492 
Dealt to Hero [2c 2d]
2a7ba492: folds
6c8d8c8a: folds
e426790e: folds
*** SHOWDOWN ***
Hero collected $3 from pot
*** SUMMARY ***
Total pot $3
Seat 4: e426790e(small blind) folded before Flop
Seat 3: 6c8d8c8a folded before Flop (didn't bet)
Seat 2: 2a7ba492 folded before Flop (didn't bet)
Seat 6: Hero(big blind)won ($3)



Poker Hand #ring_862749030: NLH No Limit ($1/$2) - 2025/05/07 03:20:56
Table 'MR NLH BOMBPOT 1/2' 7-max Seat #2 is the button
Seat 4: e426790e ($234.43 in chips)
Seat 3: 6c8d8c8a ($419.65 in chips)
Seat 2: 2a7ba492 ($400 in chips)
Seat 6: Hero ($164.91 in chips)
6c8d8c8a: posts small blind $1
e426790e: posts big blind $2
*** HOLE CARDS ***
Dealt to e426790e 
Dealt to 6c8d8c8a 
Dealt to 2a7ba492 
Dealt to Hero [Qs 6c]
Hero: folds
2a7ba492: raises $3 to $5
6c8d8c8a: raises $16 to $21
e426790e: folds
2a7ba492: folds
Uncalled bet ($16) returned to 6c8d8c8a
6c8d8c8a: shows [Qd Ac]
e426790e: shows [4h Jc]
*** SHOWDOWN ***
6c8d8c8a collected $12 from pot
*** SUMMARY ***
Total pot $12
Seat 4: e426790e(big blind) folded before Flop
Seat 3: 6c8d8c8a(small blind) showed [Qd Ac] and won ($12)
Seat 2: 2a7ba492 folded before Flop
Seat 6: Hero folded before Flop (didn't bet)



Poker Hand #ring_862747299: NLH No Limit ($1/$2) - 2025/05/07 03:19:46
Table 'MR NLH BOMBPOT 1/2' 7-max Seat #6 is the button
Seat 4: e426790e ($244.43 in chips)
Seat 3: 6c8d8c8a ($390.13 in chips)
Seat 2: 2a7ba492 ($403.15 in chips)
Seat 6: Hero ($176.91 in chips)
2a7ba492: posts the ante $10
6c8d8c8a: posts the ante $10
e426790e: posts the ante $10
Hero: posts the ante $10
*** HOLE CARDS ***
Dealt to e426790e 
Dealt to 6c8d8c8a 
Dealt to 2a7ba492 
Dealt to Hero [As Qs]
*** FLOP *** [9s 2c 6c]
2a7ba492: checks
6c8d8c8a: bets $2
e426790e: folds
Hero: calls $2
2a7ba492: folds
*** TURN *** [9s 2c 6c] [Jd]
6c8d8c8a: bets $22
Hero: folds
Uncalled bet ($22) returned to 6c8d8c8a
*** SHOWDOWN ***
6c8d8c8a collected $44 from pot
*** SUMMARY ***
Total pot $44
Board [9s 2c 6c Jd]
Seat 4: e426790e folded on the Flop
Seat 3: 6c8d8c8a(big blind)won ($44) with Pair of Jacks and Pair of Sixes
Seat 2: 2a7ba492(small blind) folded on the Flop
Seat 6: Hero folded on the Turn



Poker Hand #ring_862746590: NLH No Limit ($1/$2) - 2025/05/07 03:19:18
Table 'MR NLH BOMBPOT 1/2' 7-max Seat #4 is the button
Seat 4: e426790e ($244.43 in chips)
Seat 3: 6c8d8c8a ($396.13 in chips)
Seat 2: 2a7ba492 ($405.15 in chips)
Seat 6: Hero ($168.91 in chips)
Hero: posts small blind $1
2a7ba492: posts big blind $2
*** HOLE CARDS ***
Dealt to e426790e 
Dealt to 6c8d8c8a 
Dealt to 2a7ba492 
Dealt to Hero [As Ah]
6c8d8c8a: raises $4 to $6
e426790e: folds
Hero: raises $16.1 to $22.1
2a7ba492: folds
6c8d8c8a: folds
Uncalled bet ($16.1) returned to Hero
*** SHOWDOWN ***
Hero collected $14 from pot
*** SUMMARY ***
Total pot $14
Seat 4: e426790e folded before Flop (didn't bet)
Seat 3: 6c8d8c8a folded before Flop
Seat 2: 2a7ba492(big blind) folded before Flop
Seat 6: Hero(small blind)won ($14)



Poker Hand #ring_862745261: NLH No Limit ($1/$2) - 2025/05/07 03:18:22
Table 'MR NLH BOMBPOT 1/2' 7-max Seat #3 is the button
Seat 4: e426790e ($245.43 in chips)
Seat 3: 6c8d8c8a ($419.63 in chips)
Seat 2: 2a7ba492 ($405.15 in chips)
Seat 6: Hero ($147.07 in chips)
e426790e: posts small blind $1
Hero: posts big blind $2
*** HOLE CARDS ***
Dealt to e426790e 
Dealt to 6c8d8c8a 
Dealt to 2a7ba492 
Dealt to Hero [7c Ac]
2a7ba492: folds
6c8d8c8a: raises $4 to $6
e426790e: folds
Hero: calls $4
*** FLOP *** [Kh As Qh]
Hero: checks
6c8d8c8a: bets $4.5
Hero: calls $4.5
*** TURN *** [Kh As Qh] [Qd]
Hero: checks
6c8d8c8a: checks
*** RIVER *** [Kh As Qh Qd] [Tc]
Hero: checks
6c8d8c8a: bets $13
Hero: calls $13
6c8d8c8a: shows [7h 6s]
Hero: shows [7c Ac]
*** SHOWDOWN ***
Hero collected $48 from pot
*** SUMMARY ***
Total pot $48
Board [Kh As Qh Qd Tc]
Seat 4: e426790e(small blind) folded before Flop
Seat 3: 6c8d8c8a showed [7h 6s] and lost with Pair of Queens
Seat 2: 2a7ba492 folded before Flop (didn't bet)
Seat 6: Hero(big blind) showed [7c Ac] and won ($48) with Pair of Aces and Pair of Queens



Poker Hand #ring_862743428: NLH No Limit ($1/$2) - 2025/05/07 03:17:06
Table 'MR NLH BOMBPOT 1/2' 7-max Seat #2 is the button
Seat 4: e426790e ($227.73 in chips)
Seat 3: 6c8d8c8a ($439.63 in chips)
Seat 2: 2a7ba492 ($405.15 in chips)
Seat 6: Hero ($147.07 in chips)
6c8d8c8a: posts small blind $1
e426790e: posts big blind $2
*** HOLE CARDS ***
Dealt to e426790e 
Dealt to 6c8d8c8a 
Dealt to 2a7ba492 
Dealt to Hero [8c 7s]
Hero: folds
2a7ba492: folds
6c8d8c8a: raises $6 to $8
e426790e: calls $6
*** FLOP *** [5d 4s 3s]
6c8d8c8a: checks
e426790e: checks
*** TURN *** [5d 4s 3s] [8d]
6c8d8c8a: checks
e426790e: bets $12
6c8d8c8a: calls $12
*** RIVER *** [5d 4s 3s 8d] [Ah]
6c8d8c8a: checks
e426790e: bets $30
6c8d8c8a: folds
Uncalled bet ($30) returned to e426790e
*** SHOWDOWN ***
e426790e collected $40 from pot
*** SUMMARY ***
Total pot $40
Board [5d 4s 3s 8d Ah]
Seat 4: e426790e(big blind)won ($40) with Ace-High
Seat 3: 6c8d8c8a(small blind) folded on the River
Seat 2: 2a7ba492 folded before Flop (didn't bet)
Seat 6: Hero folded before Flop (didn't bet)



Poker Hand #ring_862742324: NLH No Limit ($1/$2) - 2025/05/07 03:16:21
Table 'MR NLH BOMBPOT 1/2' 7-max Seat #1 is the button
Seat 4: e426790e ($227.73 in chips)
Seat 3: 6c8d8c8a ($444.63 in chips)
Seat 1: d92fc9da ($838.19 in chips)
Seat 2: 2a7ba492 ($406.15 in chips)
Seat 6: Hero ($141.56 in chips)
2a7ba492: posts small blind $1
6c8d8c8a: posts big blind $2
*** HOLE CARDS ***
Dealt to e426790e 
Dealt to 6c8d8c8a 
Dealt to d92fc9da 
Dealt to 2a7ba492 
Dealt to Hero [Kc 3c]
e426790e: folds
Hero: raises $3 to $5
d92fc9da: folds
2a7ba492: folds
6c8d8c8a: calls $3
*** FLOP *** [6s Ts 6d]
6c8d8c8a: checks
Hero: checks
*** TURN *** [6s Ts 6d] [7c]
6c8d8c8a: checks
Hero: checks
*** RIVER *** [6s Ts 6d 7c] [Ah]
6c8d8c8a: checks
Hero: checks
6c8d8c8a: shows [9c 5h]
Hero: shows [Kc 3c]
*** SHOWDOWN ***
Hero collected $11 from pot
*** SUMMARY ***
Total pot $11
Board [6s Ts 6d 7c Ah]
Seat 4: e426790e folded before Flop (didn't bet)
Seat 3: 6c8d8c8a(big blind) showed [9c 5h] and lost with Pair of Sixes
Seat 1: d92fc9da folded before Flop (didn't bet)
Seat 2: 2a7ba492(small blind) folded before Flop
Seat 6: Hero showed [Kc 3c] and won ($11) with Pair of Sixes



Poker Hand #ring_862740433: NLH No Limit ($1/$2) - 2025/05/07 03:15:02
Table 'MR NLH BOMBPOT 1/2' 7-max Seat #6 is the button
Seat 4: e426790e ($215.35 in chips)
Seat 3: 6c8d8c8a ($455.63 in chips)
Seat 1: d92fc9da ($839.19 in chips)
Seat 2: 2a7ba492 ($408.15 in chips)
Seat 6: Hero ($141.56 in chips)
d92fc9da: posts small blind $1
2a7ba492: posts big blind $2
*** HOLE CARDS ***
Dealt to e426790e 
Dealt to 6c8d8c8a 
Dealt to d92fc9da 
Dealt to 2a7ba492 
Dealt to Hero [Kc 8s]
6c8d8c8a: raises $4 to $6
e426790e: calls $6
Hero: folds
d92fc9da: folds
2a7ba492: folds
*** FLOP *** [5s 7d 9h]
6c8d8c8a: bets $5
e426790e: calls $5
*** TURN *** [5s 7d 9h] [Jd]
6c8d8c8a: checks
e426790e: checks
*** RIVER *** [5s 7d 9h Jd] [6h]
6c8d8c8a: checks
e426790e: bets $30
6c8d8c8a: folds
Uncalled bet ($30) returned to e426790e
*** SHOWDOWN ***
e426790e collected $25 from pot
*** SUMMARY ***
Total pot $25
Board [5s 7d 9h Jd 6h]
Seat 4: e426790ewon ($25) with King-High
Seat 3: 6c8d8c8a folded on the River
Seat 1: d92fc9da(small blind) folded before Flop
Seat 2: 2a7ba492(big blind) folded before Flop
Seat 6: Hero folded before Flop (didn't bet)



Poker Hand #ring_862739937: NLH No Limit ($1/$2) - 2025/05/07 03:14:41
Table 'MR NLH BOMBPOT 1/2' 7-max Seat #4 is the button
Seat 4: e426790e ($212.35 in chips)
Seat 3: 6c8d8c8a ($455.63 in chips)
Seat 1: d92fc9da ($841.19 in chips)
Seat 2: 2a7ba492 ($408.15 in chips)
Seat 6: Hero ($142.56 in chips)
Hero: posts small blind $1
d92fc9da: posts big blind $2
*** HOLE CARDS ***
Dealt to e426790e 
Dealt to 6c8d8c8a 
Dealt to d92fc9da 
Dealt to 2a7ba492 
Dealt to Hero [Tc Kd]
2a7ba492: folds
6c8d8c8a: folds
e426790e: raises $6 to $8
Hero: folds
d92fc9da: folds
Uncalled bet ($6) returned to e426790e
*** SHOWDOWN ***
e426790e collected $5 from pot
*** SUMMARY ***
Total pot $5
Seat 4: e426790ewon ($5)
Seat 3: 6c8d8c8a folded before Flop (didn't bet)
Seat 1: d92fc9da(big blind) folded before Flop
Seat 2: 2a7ba492 folded before Flop (didn't bet)
Seat 6: Hero(small blind) folded before Flop



Poker Hand #ring_862737215: NLH No Limit ($1/$2) - 2025/05/07 03:12:50
Table 'MR NLH BOMBPOT 1/2' 7-max Seat #3 is the button
Seat 4: e426790e ($213.35 in chips)
Seat 3: 6c8d8c8a ($375 in chips)
Seat 1: d92fc9da ($927.19 in chips)
Seat 2: 2a7ba492 ($408.15 in chips)
Seat 6: Hero ($144.56 in chips)
e426790e: posts small blind $1
Hero: posts big blind $2
*** HOLE CARDS ***
Dealt to e426790e 
Dealt to 6c8d8c8a 
Dealt to d92fc9da 
Dealt to 2a7ba492 
Dealt to Hero [2h Jc]
d92fc9da: raises $3 to $5
2a7ba492: folds
6c8d8c8a: raises $12 to $17
e426790e: folds
Hero: folds
d92fc9da: calls $12
*** FLOP *** [4h Kh Th]
d92fc9da: checks
6c8d8c8a: checks
*** TURN *** [4h Kh Th] [8d]
d92fc9da: checks
6c8d8c8a: bets $19
d92fc9da: calls $19
*** RIVER *** [4h Kh Th 8d] [5s]
d92fc9da: checks
6c8d8c8a: bets $50
d92fc9da: calls $50
d92fc9da: shows [Tc 9c]
6c8d8c8a: shows [3c Kc]
*** SHOWDOWN ***
6c8d8c8a collected $175 from pot
*** SUMMARY ***
Total pot $175
Board [4h Kh Th 8d 5s]
Seat 4: e426790e(small blind) folded before Flop
Seat 3: 6c8d8c8a showed [3c Kc] and won ($175) with Pair of Kings
Seat 1: d92fc9da showed [Tc 9c] and lost with Pair of Tens
Seat 2: 2a7ba492 folded before Flop (didn't bet)
Seat 6: Hero(big blind) folded before Flop



Poker Hand #ring_862735418: NLH No Limit ($1/$2) - 2025/05/07 03:11:38
Table 'MR NLH BOMBPOT 1/2' 7-max Seat #2 is the button
Seat 4: e426790e ($222.35 in chips)
Seat 3: 6c8d8c8a ($376 in chips)
Seat 1: d92fc9da ($927.19 in chips)
Seat 2: 2a7ba492 ($399 in chips)
Seat 6: Hero ($144.56 in chips)
6c8d8c8a: posts small blind $1
e426790e: posts big blind $2
*** HOLE CARDS ***
Dealt to e426790e 
Dealt to 6c8d8c8a 
Dealt to d92fc9da 
Dealt to 2a7ba492 
Dealt to Hero [5h 6d]
Hero: folds
d92fc9da: folds
2a7ba492: raises $3 to $5
6c8d8c8a: folds
e426790e: calls $3
*** FLOP *** [3c 9h Jc]
e426790e: checks
2a7ba492: bets $4
e426790e: calls $4
*** TURN *** [3c 9h Jc] [Ah]
e426790e: checks
2a7ba492: bets $24
e426790e: folds
Uncalled bet ($24) returned to 2a7ba492
*** SHOWDOWN ***
2a7ba492 collected $19 from pot
*** SUMMARY ***
Total pot $19
Board [3c 9h Jc Ah]
Seat 4: e426790e(big blind) folded on the Turn
Seat 3: 6c8d8c8a(small blind) folded before Flop
Seat 1: d92fc9da folded before Flop (didn't bet)
Seat 2: 2a7ba492won ($19) with Pair of Aces
Seat 6: Hero folded before Flop (didn't bet)



Poker Hand #ring_862733998: NLH No Limit ($1/$2) - 2025/05/07 03:10:38
Table 'MR NLH BOMBPOT 1/2' 7-max Seat #1 is the button
Seat 4: e426790e ($222.35 in chips)
Seat 3: 6c8d8c8a ($400 in chips)
Seat 1: d92fc9da ($927.19 in chips)
Seat 2: 2a7ba492 ($400 in chips)
Seat 6: Hero ($119.56 in chips)
2a7ba492: posts small blind $1
6c8d8c8a: posts big blind $2
*** HOLE CARDS ***
Dealt to e426790e 
Dealt to 6c8d8c8a 
Dealt to d92fc9da 
Dealt to 2a7ba492 
Dealt to Hero [Qs Qc]
e426790e: folds
Hero: raises $4 to $6
d92fc9da: folds
2a7ba492: folds
6c8d8c8a: raises $18 to $24
Hero: raises $39.2 to $63.2
6c8d8c8a: folds
Uncalled bet ($39.2) returned to Hero
*** SHOWDOWN ***
Hero collected $49 from pot
*** SUMMARY ***
Total pot $49
Seat 4: e426790e folded before Flop (didn't bet)
Seat 3: 6c8d8c8a(big blind) folded before Flop
Seat 1: d92fc9da folded before Flop (didn't bet)
Seat 2: 2a7ba492(small blind) folded before Flop
Seat 6: Herowon ($49)



Poker Hand #ring_862732215: NLH No Limit ($1/$2) - 2025/05/07 03:09:25
Table 'MR NLH BOMBPOT 1/2' 7-max Seat #6 is the button
Seat 4: e426790e ($170.08 in chips)
Seat 3: 6c8d8c8a ($110.8 in chips)
Seat 1: d92fc9da ($937.19 in chips)
Seat 2: 2a7ba492 ($403 in chips)
Seat 6: Hero ($146.06 in chips)
d92fc9da: posts the ante $10
2a7ba492: posts the ante $10
6c8d8c8a: posts the ante $10
e426790e: posts the ante $10
Hero: posts the ante $10
*** HOLE CARDS ***
Dealt to e426790e 
Dealt to 6c8d8c8a 
Dealt to d92fc9da 
Dealt to 2a7ba492 
Dealt to Hero [Jd Ac]
*** FLOP *** [Kc 4c Jh]
d92fc9da: checks
2a7ba492: checks
6c8d8c8a: checks
e426790e: bets $16.5
Hero: calls $16.5
d92fc9da: folds
2a7ba492: folds
6c8d8c8a: folds
*** TURN *** [Kc 4c Jh] [6d]
e426790e: bets $143.58 and is all-in
Hero: folds
Uncalled bet ($143.58) returned to e426790e
*** SHOWDOWN ***
e426790e collected $83 from pot
*** SUMMARY ***
Total pot $83
Board [Kc 4c Jh 6d]
Seat 4: e426790ewon ($83) with Pair of Kings
Seat 3: 6c8d8c8a folded on the Flop
Seat 1: d92fc9da(small blind) folded on the Flop
Seat 2: 2a7ba492(big blind) folded on the Flop
Seat 6: Hero folded on the Turn



Poker Hand #ring_862728206: NLH No Limit ($1/$2) - 2025/05/07 03:06:41
Table 'MR NLH BOMBPOT 1/2' 7-max Seat #4 is the button
Seat 4: e426790e ($170.08 in chips)
Seat 3: 6c8d8c8a ($110.8 in chips)
Seat 1: d92fc9da ($901.29 in chips)
Seat 2: 2a7ba492 ($403 in chips)
Seat 6: Hero ($186.06 in chips)
Hero: posts small blind $1
d92fc9da: posts big blind $2
*** HOLE CARDS ***
Dealt to e426790e 
Dealt to 6c8d8c8a 
Dealt to d92fc9da 
Dealt to 2a7ba492 
Dealt to Hero [8h Ks]
2a7ba492: folds
6c8d8c8a: folds
e426790e: folds
Hero: raises $3 to $5
d92fc9da: calls $3
*** FLOP *** [8c Ts Tc]
Hero: checks
d92fc9da: bets $5
Hero: calls $5
*** TURN *** [8c Ts Tc] [Kd]
Hero: checks
d92fc9da: bets $30
Hero: calls $30
*** RIVER *** [8c Ts Tc Kd] [5s]
Hero: checks
d92fc9da: bets $198
Hero: folds
Uncalled bet ($198) returned to d92fc9da
*** SHOWDOWN ***
d92fc9da collected $80 from pot
*** SUMMARY ***
Total pot $80
Board [8c Ts Tc Kd 5s]
Seat 4: e426790e folded before Flop (didn't bet)
Seat 3: 6c8d8c8a folded before Flop (didn't bet)
Seat 1: d92fc9da(big blind)won ($80) with Three Tens
Seat 2: 2a7ba492 folded before Flop (didn't bet)
Seat 6: Hero(small blind) folded on the River



Poker Hand #ring_862725851: NLH No Limit ($1/$2) - 2025/05/07 03:05:04
Table 'MR NLH BOMBPOT 1/2' 7-max Seat #3 is the button
Seat 4: e426790e ($209.68 in chips)
Seat 3: 6c8d8c8a ($110.8 in chips)
Seat 1: d92fc9da ($901.29 in chips)
Seat 2: 2a7ba492 ($403 in chips)
Seat 6: Hero ($150.52 in chips)
e426790e: posts small blind $1
Hero: posts big blind $2
*** HOLE CARDS ***
Dealt to e426790e 
Dealt to 6c8d8c8a 
Dealt to d92fc9da 
Dealt to 2a7ba492 
Dealt to Hero [Qd Jd]
d92fc9da: folds
2a7ba492: folds
6c8d8c8a: folds
e426790e: calls $1
Hero: raises $4 to $6
e426790e: calls $4
*** FLOP *** [4d 8s 9c]
e426790e: checks
Hero: bets $6
e426790e: calls $6
*** TURN *** [4d 8s 9c] [7s]
e426790e: checks
Hero: bets $27.6
e426790e: calls $27.6
*** RIVER *** [4d 8s 9c 7s] [Ks]
e426790e: checks
Hero: bets $39.6
e426790e: folds
Uncalled bet ($39.6) returned to Hero
*** SHOWDOWN ***
Hero collected $79.2 from pot
*** SUMMARY ***
Total pot $79.2
Board [4d 8s 9c 7s Ks]
Seat 4: e426790e(small blind) folded on the River
Seat 3: 6c8d8c8a folded before Flop (didn't bet)
Seat 1: d92fc9da folded before Flop (didn't bet)
Seat 2: 2a7ba492 folded before Flop (didn't bet)
Seat 6: Hero(big blind)won ($79.2) with King-High



Poker Hand #ring_862724731: NLH No Limit ($1/$2) - 2025/05/07 03:04:18
Table 'MR NLH BOMBPOT 1/2' 7-max Seat #2 is the button
Seat 4: e426790e ($211.68 in chips)
Seat 3: 6c8d8c8a ($98.8 in chips)
Seat 1: d92fc9da ($906.29 in chips)
Seat 2: 2a7ba492 ($403 in chips)
Seat 6: Hero ($155.52 in chips)
6c8d8c8a: posts small blind $1
e426790e: posts big blind $2
*** HOLE CARDS ***
Dealt to e426790e 
Dealt to 6c8d8c8a 
Dealt to d92fc9da 
Dealt to 2a7ba492 
Dealt to Hero [Ts Ac]
Hero: raises $3 to $5
d92fc9da: calls $5
2a7ba492: folds
6c8d8c8a: raises $17 to $22
e426790e: folds
Hero: folds
d92fc9da: folds
Uncalled bet ($17) returned to 6c8d8c8a
*** SHOWDOWN ***
6c8d8c8a collected $17 from pot
*** SUMMARY ***
Total pot $17
Seat 4: e426790e(big blind) folded before Flop
Seat 3: 6c8d8c8a(small blind)won ($17)
Seat 1: d92fc9da folded before Flop
Seat 2: 2a7ba492 folded before Flop (didn't bet)
Seat 6: Hero folded before Flop



Poker Hand #ring_862724070: NLH No Limit ($1/$2) - 2025/05/07 03:03:52
Table 'MR NLH BOMBPOT 1/2' 7-max Seat #1 is the button
Seat 4: e426790e ($211.68 in chips)
Seat 3: 6c8d8c8a ($100.8 in chips)
Seat 1: d92fc9da ($906.29 in chips)
Seat 2: 2a7ba492 ($401 in chips)
Seat 6: Hero ($155.52 in chips)
2a7ba492: posts small blind $1
6c8d8c8a: posts big blind $2
*** HOLE CARDS ***
Dealt to e426790e 
Dealt to 6c8d8c8a 
Dealt to d92fc9da 
Dealt to 2a7ba492 
Dealt to Hero [Qs 4s]
e426790e: folds
Hero: folds
d92fc9da: folds
2a7ba492: raises $4 to $6
6c8d8c8a: folds
Uncalled bet ($4) returned to 2a7ba492
*** SHOWDOWN ***
2a7ba492 collected $4 from pot
*** SUMMARY ***
Total pot $4
Seat 4: e426790e folded before Flop (didn't bet)
Seat 3: 6c8d8c8a(big blind) folded before Flop
Seat 1: d92fc9da folded before Flop (didn't bet)
Seat 2: 2a7ba492(small blind)won ($4)
Seat 6: Hero folded before Flop (didn't bet)



Poker Hand #ring_862723660: NLH No Limit ($1/$2) - 2025/05/07 03:03:36
Table 'MR NLH BOMBPOT 1/2' 7-max Seat #6 is the button
Seat 4: e426790e ($211.68 in chips)
Seat 3: 6c8d8c8a ($100.8 in chips)
Seat 1: d92fc9da ($907.29 in chips)
Seat 2: 2a7ba492 ($400 in chips)
Seat 6: Hero ($155.52 in chips)
d92fc9da: posts small blind $1
2a7ba492: posts big blind $2
*** HOLE CARDS ***
Dealt to e426790e 
Dealt to 6c8d8c8a 
Dealt to d92fc9da 
Dealt to 2a7ba492 
Dealt to Hero [6d 9c]
6c8d8c8a: folds
e426790e: folds
Hero: folds
d92fc9da: folds
*** SHOWDOWN ***
2a7ba492 collected $3 from pot
*** SUMMARY ***
Total pot $3
Seat 4: e426790e folded before Flop (didn't bet)
Seat 3: 6c8d8c8a folded before Flop (didn't bet)
Seat 1: d92fc9da(small blind) folded before Flop
Seat 2: 2a7ba492(big blind)won ($3)
Seat 6: Hero folded before Flop (didn't bet)



Poker Hand #ring_862722849: NLH No Limit ($1/$2) - 2025/05/07 03:03:01
Table 'MR NLH BOMBPOT 1/2' 7-max Seat #4 is the button
Seat 4: e426790e ($213.68 in chips)
Seat 3: 6c8d8c8a ($100.8 in chips)
Seat 1: d92fc9da ($901.29 in chips)
Seat 2: 2a7ba492 ($399 in chips)
Seat 6: Hero ($157.52 in chips)
Hero: posts small blind $1
d92fc9da: posts big blind $2
*** HOLE CARDS ***
Dealt to e426790e 
Dealt to 6c8d8c8a 
Dealt to d92fc9da 
Dealt to 2a7ba492 
Dealt to Hero [Js 9h]
2a7ba492: calls $2
6c8d8c8a: folds
e426790e: calls $2
Hero: calls $1
d92fc9da: raises $14 to $16
2a7ba492: folds
e426790e: folds
Hero: folds
Uncalled bet ($14) returned to d92fc9da
*** SHOWDOWN ***
d92fc9da collected $8 from pot
*** SUMMARY ***
Total pot $8
Seat 4: e426790e folded before Flop
Seat 3: 6c8d8c8a folded before Flop (didn't bet)
Seat 1: d92fc9da(big blind)won ($8)
Seat 2: 2a7ba492 folded before Flop
Seat 6: Hero(small blind) folded before Flop



Poker Hand #ring_862722037: NLH No Limit ($1/$2) - 2025/05/07 03:02:29
Table 'MR NLH BOMBPOT 1/2' 7-max Seat #3 is the button
Seat 4: e426790e ($214.68 in chips)
Seat 3: 6c8d8c8a ($100.8 in chips)
Seat 1: d92fc9da ($898.29 in chips)
Seat 2: 2a7ba492 ($399 in chips)
Seat 6: Hero ($159.52 in chips)
e426790e: posts small blind $1
Hero: posts big blind $2
*** HOLE CARDS ***
Dealt to e426790e 
Dealt to 6c8d8c8a 
Dealt to d92fc9da 
Dealt to 2a7ba492 
Dealt to Hero [6d Kc]
d92fc9da: raises $3 to $5
2a7ba492: folds
6c8d8c8a: folds
e426790e: folds
Hero: folds
Uncalled bet ($3) returned to d92fc9da
*** SHOWDOWN ***
d92fc9da collected $5 from pot
*** SUMMARY ***
Total pot $5
Seat 4: e426790e(small blind) folded before Flop
Seat 3: 6c8d8c8a folded before Flop (didn't bet)
Seat 1: d92fc9dawon ($5)
Seat 2: 2a7ba492 folded before Flop (didn't bet)
Seat 6: Hero(big blind) folded before Flop



Poker Hand #ring_862721458: NLH No Limit ($1/$2) - 2025/05/07 03:02:05
Table 'MR NLH BOMBPOT 1/2' 7-max Seat #2 is the button
Seat 5: b74ad6f2 ($548 in chips)
Seat 4: e426790e ($216.68 in chips)
Seat 3: 6c8d8c8a ($101.8 in chips)
Seat 1: d92fc9da ($898.29 in chips)
Seat 2: 2a7ba492 ($399 in chips)
Seat 6: Hero ($156.52 in chips)
6c8d8c8a: posts small blind $1
e426790e: posts big blind $2
*** HOLE CARDS ***
Dealt to b74ad6f2 
Dealt to e426790e 
Dealt to 6c8d8c8a 
Dealt to d92fc9da 
Dealt to 2a7ba492 
Dealt to Hero [Qd As]
b74ad6f2: folds
Hero: raises $4 to $6
d92fc9da: folds
2a7ba492: folds
6c8d8c8a: folds
e426790e: folds
Uncalled bet ($4) returned to Hero
*** SHOWDOWN ***
Hero collected $5 from pot
*** SUMMARY ***
Total pot $5
Seat 5: b74ad6f2 folded before Flop (didn't bet)
Seat 4: e426790e(big blind) folded before Flop
Seat 3: 6c8d8c8a(small blind) folded before Flop
Seat 1: d92fc9da folded before Flop (didn't bet)
Seat 2: 2a7ba492 folded before Flop (didn't bet)
Seat 6: Herowon ($5)



Poker Hand #ring_862720593: NLH No Limit ($1/$2) - 2025/05/07 03:01:30
Table 'MR NLH BOMBPOT 1/2' 7-max Seat #1 is the button
Seat 5: b74ad6f2 ($554.97 in chips)
Seat 4: e426790e ($216.68 in chips)
Seat 3: 6c8d8c8a ($94.5 in chips)
Seat 1: d92fc9da ($898.29 in chips)
Seat 2: 2a7ba492 ($400 in chips)
Seat 6: Hero ($156.52 in chips)
2a7ba492: posts small blind $1
6c8d8c8a: posts big blind $2
*** HOLE CARDS ***
Dealt to b74ad6f2 
Dealt to e426790e 
Dealt to 6c8d8c8a 
Dealt to d92fc9da 
Dealt to 2a7ba492 
Dealt to Hero [Kd 2c]
e426790e: folds
b74ad6f2: raises $2 to $4
Hero: folds
d92fc9da: folds
2a7ba492: folds
6c8d8c8a: calls $2
*** FLOP *** [3d 9d Qs]
6c8d8c8a: checks
b74ad6f2: bets $2.97
6c8d8c8a: raises $7.03 to $10
b74ad6f2: folds
Uncalled bet ($7.03) returned to 6c8d8c8a
*** SHOWDOWN ***
6c8d8c8a collected $14.94 from pot
*** SUMMARY ***
Total pot $14.94
Board [3d 9d Qs]
Seat 5: b74ad6f2 folded on the Flop
Seat 4: e426790e folded before Flop (didn't bet)
Seat 3: 6c8d8c8a(big blind)won ($14.94) with Pair of Nines
Seat 1: d92fc9da folded before Flop (didn't bet)
Seat 2: 2a7ba492(small blind) folded before Flop
Seat 6: Hero folded before Flop (didn't bet)



Poker Hand #ring_862719971: NLH No Limit ($1/$2) - 2025/05/07 03:01:03
Table 'MR NLH BOMBPOT 1/2' 7-max Seat #6 is the button
Seat 5: b74ad6f2 ($508.17 in chips)
Seat 4: e426790e ($226.68 in chips)
Seat 3: 6c8d8c8a ($104.5 in chips)
Seat 1: d92fc9da ($908.29 in chips)
Seat 2: 2a7ba492 ($400 in chips)
Seat 6: Hero ($166.52 in chips)
d92fc9da: posts the ante $10
2a7ba492: posts the ante $10
6c8d8c8a: posts the ante $10
e426790e: posts the ante $10
b74ad6f2: posts the ante $10
Hero: posts the ante $10
*** HOLE CARDS ***
Dealt to b74ad6f2 
Dealt to e426790e 
Dealt to 6c8d8c8a 
Dealt to d92fc9da 
Dealt to 2a7ba492 
Dealt to Hero [Qd 5d]
*** FLOP *** [Kc 8c Kd]
d92fc9da: checks
2a7ba492: checks
6c8d8c8a: checks
e426790e: checks
b74ad6f2: bets $30
Hero: folds
d92fc9da: folds
2a7ba492: folds
6c8d8c8a: folds
e426790e: folds
Uncalled bet ($30) returned to b74ad6f2
*** SHOWDOWN ***
b74ad6f2 collected $60 from pot
*** SUMMARY ***
Total pot $60
Board [Kc 8c Kd]
Seat 5: b74ad6f2won ($60) with Pair of Kings
Seat 4: e426790e folded on the Flop
Seat 3: 6c8d8c8a folded on the Flop
Seat 1: d92fc9da(small blind) folded on the Flop
Seat 2: 2a7ba492(big blind) folded on the Flop
Seat 6: Hero folded on the Flop



Poker Hand #ring_862718282: NLH No Limit ($1/$2) - 2025/05/07 02:59:55
Table 'MR NLH BOMBPOT 1/2' 7-max Seat #5 is the button
Seat 5: b74ad6f2 ($477.83 in chips)
Seat 4: e426790e ($226.68 in chips)
Seat 3: 6c8d8c8a ($119.5 in chips)
Seat 1: d92fc9da ($910.29 in chips)
Seat 2: 2a7ba492 ($402.82 in chips)
Seat 6: Hero ($167.52 in chips)
Hero: posts small blind $1
d92fc9da: posts big blind $2
*** HOLE CARDS ***
Dealt to b74ad6f2 
Dealt to e426790e 
Dealt to 6c8d8c8a 
Dealt to d92fc9da 
Dealt to 2a7ba492 
Dealt to Hero [2h 4h]
2a7ba492: raises $3 to $5
6c8d8c8a: raises $10 to $15
e426790e: folds
b74ad6f2: calls $15
Hero: folds
d92fc9da: folds
2a7ba492: calls $10
*** FLOP *** [Jd 9d 8s]
2a7ba492: checks
6c8d8c8a: checks
b74ad6f2: checks
*** TURN *** [Jd 9d 8s] [Tc]
2a7ba492: checks
6c8d8c8a: checks
b74ad6f2: checks
*** RIVER *** [Jd 9d 8s Tc] [2d]
2a7ba492: checks
6c8d8c8a: checks
b74ad6f2: checks
2a7ba492: shows [6c 5c]
6c8d8c8a: shows [Ah 3h]
b74ad6f2: shows [7h 6h]
*** SHOWDOWN ***
b74ad6f2 collected $48 from pot
*** SUMMARY ***
Total pot $48
Board [Jd 9d 8s Tc 2d]
Seat 5: b74ad6f2 showed [7h 6h] and won ($48) with Jacks-High Straight
Seat 4: e426790e folded before Flop (didn't bet)
Seat 3: 6c8d8c8a showed [Ah 3h] and lost with Ace-High
Seat 1: d92fc9da(big blind) folded before Flop
Seat 2: 2a7ba492 showed [6c 5c] and lost with Jack-High
Seat 6: Hero(small blind) folded before Flop



Poker Hand #ring_862717319: NLH No Limit ($1/$2) - 2025/05/07 02:59:15
Table 'MR NLH BOMBPOT 1/2' 7-max Seat #4 is the button
Seat 5: b74ad6f2 ($478.83 in chips)
Seat 4: e426790e ($223.68 in chips)
Seat 3: 6c8d8c8a ($119.5 in chips)
Seat 1: d92fc9da ($910.29 in chips)
Seat 2: 2a7ba492 ($402.82 in chips)
Seat 6: Hero ($169.52 in chips)
b74ad6f2: posts small blind $1
Hero: posts big blind $2
*** HOLE CARDS ***
Dealt to b74ad6f2 
Dealt to e426790e 
Dealt to 6c8d8c8a 
Dealt to d92fc9da 
Dealt to 2a7ba492 
Dealt to Hero [2d 4d]
d92fc9da: folds
2a7ba492: folds
6c8d8c8a: folds
e426790e: raises $6 to $8
b74ad6f2: folds
Hero: folds
Uncalled bet ($6) returned to e426790e
*** SHOWDOWN ***
e426790e collected $5 from pot
*** SUMMARY ***
Total pot $5
Seat 5: b74ad6f2(small blind) folded before Flop
Seat 4: e426790ewon ($5)
Seat 3: 6c8d8c8a folded before Flop (didn't bet)
Seat 1: d92fc9da folded before Flop (didn't bet)
Seat 2: 2a7ba492 folded before Flop (didn't bet)
Seat 6: Hero(big blind) folded before Flop



Poker Hand #ring_862716355: NLH No Limit ($1/$2) - 2025/05/07 02:58:38
Table 'MR NLH BOMBPOT 1/2' 7-max Seat #3 is the button
Seat 5: b74ad6f2 ($480.83 in chips)
Seat 4: e426790e ($221.86 in chips)
Seat 3: 6c8d8c8a ($119.5 in chips)
Seat 1: d92fc9da ($910.29 in chips)
Seat 2: 2a7ba492 ($402.82 in chips)
Seat 6: Hero ($169.52 in chips)
e426790e: posts small blind $1
b74ad6f2: posts big blind $2
*** HOLE CARDS ***
Dealt to b74ad6f2 
Dealt to e426790e 
Dealt to 6c8d8c8a 
Dealt to d92fc9da 
Dealt to 2a7ba492 
Dealt to Hero [4h 2d]
Hero: folds
d92fc9da: folds
2a7ba492: folds
6c8d8c8a: folds
e426790e: calls $1
b74ad6f2: checks
*** FLOP *** [8d 9s 2h]
e426790e: bets $4
b74ad6f2: folds
Uncalled bet ($4) returned to e426790e
*** SHOWDOWN ***
e426790e collected $4 from pot
*** SUMMARY ***
Total pot $4
Board [8d 9s 2h]
Seat 5: b74ad6f2(big blind) folded on the Flop
Seat 4: e426790e(small blind)won ($4) with Pair of Nines
Seat 3: 6c8d8c8a folded before Flop (didn't bet)
Seat 1: d92fc9da folded before Flop (didn't bet)
Seat 2: 2a7ba492 folded before Flop (didn't bet)
Seat 6: Hero folded before Flop (didn't bet)



Poker Hand #ring_862715874: NLH No Limit ($1/$2) - 2025/05/07 02:58:17
Table 'MR NLH BOMBPOT 1/2' 7-max Seat #2 is the button
Seat 5: b74ad6f2 ($480.83 in chips)
Seat 4: e426790e ($223.86 in chips)
Seat 3: 6c8d8c8a ($120.5 in chips)
Seat 1: d92fc9da ($907.29 in chips)
Seat 2: 2a7ba492 ($402.82 in chips)
Seat 6: Hero ($169.52 in chips)
6c8d8c8a: posts small blind $1
e426790e: posts big blind $2
*** HOLE CARDS ***
Dealt to b74ad6f2 
Dealt to e426790e 
Dealt to 6c8d8c8a 
Dealt to d92fc9da 
Dealt to 2a7ba492 
Dealt to Hero [Ad 6h]
b74ad6f2: folds
Hero: folds
d92fc9da: raises $3 to $5
2a7ba492: folds
6c8d8c8a: folds
e426790e: folds
Uncalled bet ($3) returned to d92fc9da
*** SHOWDOWN ***
d92fc9da collected $5 from pot
*** SUMMARY ***
Total pot $5
Seat 5: b74ad6f2 folded before Flop (didn't bet)
Seat 4: e426790e(big blind) folded before Flop
Seat 3: 6c8d8c8a(small blind) folded before Flop
Seat 1: d92fc9dawon ($5)
Seat 2: 2a7ba492 folded before Flop (didn't bet)
Seat 6: Hero folded before Flop (didn't bet)



Poker Hand #ring_862714846: NLH No Limit ($1/$2) - 2025/05/07 02:57:36
Table 'MR NLH BOMBPOT 1/2' 7-max Seat #1 is the button
Seat 5: b74ad6f2 ($480.83 in chips)
Seat 4: e426790e ($223.86 in chips)
Seat 3: 6c8d8c8a ($112.31 in chips)
Seat 1: d92fc9da ($907.29 in chips)
Seat 2: 2a7ba492 ($411.82 in chips)
Seat 6: Hero ($169.52 in chips)
2a7ba492: posts small blind $1
6c8d8c8a: posts big blind $2
*** HOLE CARDS ***
Dealt to b74ad6f2 
Dealt to e426790e 
Dealt to 6c8d8c8a 
Dealt to d92fc9da 
Dealt to 2a7ba492 
Dealt to Hero [3c 6s]
e426790e: folds
b74ad6f2: folds
Hero: folds
d92fc9da: folds
2a7ba492: raises $4 to $6
6c8d8c8a: calls $4
*** FLOP *** [2h Ad 8c]
2a7ba492: bets $3
6c8d8c8a: calls $3
*** TURN *** [2h Ad 8c] [Ks]
2a7ba492: checks
6c8d8c8a: bets $8
2a7ba492: folds
Uncalled bet ($8) returned to 6c8d8c8a
*** SHOWDOWN ***
6c8d8c8a collected $18 from pot
*** SUMMARY ***
Total pot $18
Board [2h Ad 8c Ks]
Seat 5: b74ad6f2 folded before Flop (didn't bet)
Seat 4: e426790e folded before Flop (didn't bet)
Seat 3: 6c8d8c8a(big blind)won ($18) with Ace-High
Seat 1: d92fc9da folded before Flop (didn't bet)
Seat 2: 2a7ba492(small blind) folded on the Turn
Seat 6: Hero folded before Flop (didn't bet)



Poker Hand #ring_862714068: NLH No Limit ($1/$2) - 2025/05/07 02:57:03
Table 'MR NLH BOMBPOT 1/2' 7-max Seat #6 is the button
Seat 5: b74ad6f2 ($480.83 in chips)
Seat 4: e426790e ($223.86 in chips)
Seat 1: d92fc9da ($908.29 in chips)
Seat 2: 2a7ba492 ($400 in chips)
Seat 6: Hero ($182 in chips)
d92fc9da: posts small blind $1
2a7ba492: posts big blind $2
*** HOLE CARDS ***
Dealt to b74ad6f2 
Dealt to e426790e 
Dealt to d92fc9da 
Dealt to 2a7ba492 
Dealt to Hero [7c Ad]
e426790e: folds
b74ad6f2: folds
Hero: raises $3 to $5
d92fc9da: folds
2a7ba492: calls $3
*** FLOP *** [2s 5d 3c]
2a7ba492: bets $7.48
Hero: calls $7.48
*** TURN *** [2s 5d 3c] [Qh]
2a7ba492: bets $20.77
Hero: folds
Uncalled bet ($20.77) returned to 2a7ba492
*** SHOWDOWN ***
2a7ba492 collected $25.96 from pot
*** SUMMARY ***
Total pot $25.96
Board [2s 5d 3c Qh]
Seat 5: b74ad6f2 folded before Flop (didn't bet)
Seat 4: e426790e folded before Flop (didn't bet)
Seat 1: d92fc9da(small blind) folded before Flop
Seat 2: 2a7ba492(big blind)won ($25.96) with Fives-High Straight
Seat 6: Hero folded on the Turn



Poker Hand #ring_862713230: NLH No Limit ($1/$2) - 2025/05/07 02:56:30
Table 'MR NLH BOMBPOT 1/2' 7-max Seat #5 is the button
Seat 5: b74ad6f2 ($484.83 in chips)
Seat 4: e426790e ($223.86 in chips)
Seat 1: d92fc9da ($903.29 in chips)
Seat 2: 2a7ba492 ($400 in chips)
Seat 6: Hero ($183 in chips)
Hero: posts small blind $1
d92fc9da: posts big blind $2
*** HOLE CARDS ***
Dealt to b74ad6f2 
Dealt to e426790e 
Dealt to d92fc9da 
Dealt to 2a7ba492 
Dealt to Hero [8s 4c]
2a7ba492: folds
e426790e: folds
b74ad6f2: raises $2 to $4
Hero: folds
d92fc9da: raises $20 to $24
b74ad6f2: folds
Uncalled bet ($20) returned to d92fc9da
*** SHOWDOWN ***
d92fc9da collected $9 from pot
*** SUMMARY ***
Total pot $9
Seat 5: b74ad6f2 folded before Flop
Seat 4: e426790e folded before Flop (didn't bet)
Seat 1: d92fc9da(big blind)won ($9)
Seat 2: 2a7ba492 folded before Flop (didn't bet)
Seat 6: Hero(small blind) folded before Flop



Poker Hand #ring_862712320: NLH No Limit ($1/$2) - 2025/05/07 02:55:54
Table 'MR NLH BOMBPOT 1/2' 7-max Seat #4 is the button
Seat 5: b74ad6f2 ($476.83 in chips)
Seat 4: e426790e ($229.86 in chips)
Seat 1: d92fc9da ($903.29 in chips)
Seat 2: 2a7ba492 ($400 in chips)
Seat 6: Hero ($185 in chips)
b74ad6f2: posts small blind $1
Hero: posts big blind $2
*** HOLE CARDS ***
Dealt to b74ad6f2 
Dealt to e426790e 
Dealt to d92fc9da 
Dealt to 2a7ba492 
Dealt to Hero [9h 7h]
d92fc9da: folds
2a7ba492: folds
e426790e: raises $4 to $6
b74ad6f2: raises $14 to $20
Hero: folds
e426790e: folds
Uncalled bet ($14) returned to b74ad6f2
*** SHOWDOWN ***
b74ad6f2 collected $14 from pot
*** SUMMARY ***
Total pot $14
Seat 5: b74ad6f2(small blind)won ($14)
Seat 4: e426790e folded before Flop
Seat 1: d92fc9da folded before Flop (didn't bet)
Seat 2: 2a7ba492 folded before Flop (didn't bet)
Seat 6: Hero(big blind) folded before Flop



Poker Hand #ring_862711869: NLH No Limit ($1/$2) - 2025/05/07 02:55:36
Table 'MR NLH BOMBPOT 1/2' 7-max Seat #2 is the button
Seat 5: b74ad6f2 ($478.83 in chips)
Seat 4: e426790e ($230.86 in chips)
Seat 1: d92fc9da ($903.29 in chips)
Seat 2: 2a7ba492 ($400 in chips)
Seat 6: Hero ($182 in chips)
e426790e: posts small blind $1
b74ad6f2: posts big blind $2
*** HOLE CARDS ***
Dealt to b74ad6f2 
Dealt to e426790e 
Dealt to d92fc9da 
Dealt to 2a7ba492 
Dealt to Hero [5h 5s]
Hero: raises $4 to $6
d92fc9da: folds
2a7ba492: folds
e426790e: folds
b74ad6f2: folds
Uncalled bet ($4) returned to Hero
*** SHOWDOWN ***
Hero collected $5 from pot
*** SUMMARY ***
Total pot $5
Seat 5: b74ad6f2(big blind) folded before Flop
Seat 4: e426790e(small blind) folded before Flop
Seat 1: d92fc9da folded before Flop (didn't bet)
Seat 2: 2a7ba492 folded before Flop (didn't bet)
Seat 6: Herowon ($5)



Poker Hand #ring_862709407: NLH No Limit ($1/$2) - 2025/05/07 02:53:56
Table 'MR NLH BOMBPOT 1/2' 7-max Seat #1 is the button
Seat 5: b74ad6f2 ($488.83 in chips)
Seat 4: e426790e ($240.86 in chips)
Seat 1: d92fc9da ($829.64 in chips)
Seat 2: 2a7ba492 ($400 in chips)
Seat 6: Hero ($192 in chips)
2a7ba492: posts the ante $10
e426790e: posts the ante $10
b74ad6f2: posts the ante $10
Hero: posts the ante $10
d92fc9da: posts the ante $10
*** HOLE CARDS ***
Dealt to b74ad6f2 
Dealt to e426790e 
Dealt to d92fc9da 
Dealt to 2a7ba492 
Dealt to Hero [Ac Js]
*** FLOP *** [6d 5c Ts]
2a7ba492: checks
e426790e: checks
b74ad6f2: checks
Hero: checks
d92fc9da: checks
*** TURN *** [6d 5c Ts] [2d]
2a7ba492: bets $40
e426790e: folds
b74ad6f2: folds
Hero: folds
d92fc9da: calls $40
*** RIVER *** [6d 5c Ts 2d] [Td]
2a7ba492: checks
d92fc9da: bets $200
2a7ba492: folds
Uncalled bet ($200) returned to d92fc9da
*** SHOWDOWN ***
d92fc9da collected $130 from pot
*** SUMMARY ***
Total pot $130
Board [6d 5c Ts 2d Td]
Seat 5: b74ad6f2 folded on the Turn
Seat 4: e426790e(big blind) folded on the Turn
Seat 1: d92fc9dawon ($130) with Ace High Flush
Seat 2: 2a7ba492(small blind) folded on the River
Seat 6: Hero folded on the Turn



Poker Hand #ring_862708397: NLH No Limit ($1/$2) - 2025/05/07 02:53:17
Table 'MR NLH BOMBPOT 1/2' 7-max Seat #6 is the button
Seat 5: b74ad6f2 ($488.83 in chips)
Seat 4: e426790e ($240.86 in chips)
Seat 1: d92fc9da ($802.57 in chips)
Seat 2: 2a7ba492 ($408.93 in chips)
Seat 6: Hero ($198 in chips)
d92fc9da: posts small blind $1
2a7ba492: posts big blind $2
*** HOLE CARDS ***
Dealt to b74ad6f2 
Dealt to e426790e 
Dealt to d92fc9da 
Dealt to 2a7ba492 
Dealt to Hero [8s 9d]
e426790e: folds
b74ad6f2: folds
Hero: raises $4 to $6
d92fc9da: raises $18 to $24
2a7ba492: calls $22
Hero: folds
*** FLOP *** [Ah Kc 2s]
d92fc9da: bets $27
2a7ba492: folds
Uncalled bet ($27) returned to d92fc9da
*** SHOWDOWN ***
d92fc9da collected $54 from pot
*** SUMMARY ***
Total pot $54
Board [Ah Kc 2s]
Seat 5: b74ad6f2 folded before Flop (didn't bet)
Seat 4: e426790e folded before Flop (didn't bet)
Seat 1: d92fc9da(small blind)won ($54) with Pair of Aces and Pair of Kings
Seat 2: 2a7ba492(big blind) folded on the Flop
Seat 6: Hero folded before Flop



Poker Hand #ring_862707199: NLH No Limit ($1/$2) - 2025/05/07 02:52:28
Table 'MR NLH BOMBPOT 1/2' 7-max Seat #5 is the button
Seat 5: b74ad6f2 ($495.8 in chips)
Seat 4: e426790e ($240.86 in chips)
Seat 1: d92fc9da ($795.27 in chips)
Seat 2: 2a7ba492 ($408.93 in chips)
Seat 6: Hero ($199 in chips)
Hero: posts small blind $1
d92fc9da: posts big blind $2
*** HOLE CARDS ***
Dealt to b74ad6f2 
Dealt to e426790e 
Dealt to d92fc9da 
Dealt to 2a7ba492 
Dealt to Hero [9c 5s]
2a7ba492: folds
e426790e: folds
b74ad6f2: raises $2 to $4
Hero: folds
d92fc9da: calls $2
*** FLOP *** [2d Ac 6c]
d92fc9da: checks
b74ad6f2: bets $2.97
d92fc9da: calls $2.97
*** TURN *** [2d Ac 6c] [2s]
d92fc9da: checks
b74ad6f2: checks
*** RIVER *** [2d Ac 6c 2s] [5h]
d92fc9da: bets $3.74
b74ad6f2: folds
Uncalled bet ($3.74) returned to d92fc9da
*** SHOWDOWN ***
d92fc9da collected $14.94 from pot
*** SUMMARY ***
Total pot $14.94
Board [2d Ac 6c 2s 5h]
Seat 5: b74ad6f2 folded on the River
Seat 4: e426790e folded before Flop (didn't bet)
Seat 1: d92fc9da(big blind)won ($14.94) with Pair of Sixes and Pair of Twos
Seat 2: 2a7ba492 folded before Flop (didn't bet)
Seat 6: Hero(small blind) folded before Flop



Poker Hand #ring_862706066: NLH No Limit ($1/$2) - 2025/05/07 02:51:41
Table 'MR NLH BOMBPOT 1/2' 7-max Seat #4 is the button
Seat 5: b74ad6f2 ($496.8 in chips)
Seat 4: e426790e ($245.86 in chips)
Seat 1: d92fc9da ($795.27 in chips)
Seat 2: 2a7ba492 ($413.93 in chips)
Seat 6: Hero ($188 in chips)
b74ad6f2: posts small blind $1
Hero: posts big blind $2
*** HOLE CARDS ***
Dealt to b74ad6f2 
Dealt to e426790e 
Dealt to d92fc9da 
Dealt to 2a7ba492 
Dealt to Hero [Ad Ah]
d92fc9da: folds
2a7ba492: raises $3 to $5
e426790e: calls $5
b74ad6f2: folds
Hero: raises $19 to $24
2a7ba492: folds
e426790e: folds
Uncalled bet ($19) returned to Hero
*** SHOWDOWN ***
Hero collected $16 from pot
*** SUMMARY ***
Total pot $16
Seat 5: b74ad6f2(small blind) folded before Flop
Seat 4: e426790e folded before Flop
Seat 1: d92fc9da folded before Flop (didn't bet)
Seat 2: 2a7ba492 folded before Flop
Seat 6: Hero(big blind)won ($16)



Poker Hand #ring_862705399: NLH No Limit ($1/$2) - 2025/05/07 02:51:14
Table 'MR NLH BOMBPOT 1/2' 7-max Seat #2 is the button
Seat 5: b74ad6f2 ($498.8 in chips)
Seat 4: e426790e ($246.86 in chips)
Seat 1: d92fc9da ($792.27 in chips)
Seat 2: 2a7ba492 ($413.93 in chips)
Seat 6: Hero ($188 in chips)
e426790e: posts small blind $1
b74ad6f2: posts big blind $2
*** HOLE CARDS ***
Dealt to b74ad6f2 
Dealt to e426790e 
Dealt to d92fc9da 
Dealt to 2a7ba492 
Dealt to Hero [Qd Js]
Hero: folds
d92fc9da: raises $3 to $5
2a7ba492: folds
e426790e: folds
b74ad6f2: folds
Uncalled bet ($3) returned to d92fc9da
*** SHOWDOWN ***
d92fc9da collected $5 from pot
*** SUMMARY ***
Total pot $5
Seat 5: b74ad6f2(big blind) folded before Flop
Seat 4: e426790e(small blind) folded before Flop
Seat 1: d92fc9dawon ($5)
Seat 2: 2a7ba492 folded before Flop (didn't bet)
Seat 6: Hero folded before Flop (didn't bet)



Poker Hand #ring_862704093: NLH No Limit ($1/$2) - 2025/05/07 02:50:21
Table 'MR NLH BOMBPOT 1/2' 7-max Seat #1 is the button
Seat 5: b74ad6f2 ($498.8 in chips)
Seat 4: e426790e ($248.86 in chips)
Seat 1: d92fc9da ($783.27 in chips)
Seat 2: 2a7ba492 ($414.93 in chips)
Seat 6: Hero ($194 in chips)
2a7ba492: posts small blind $1
e426790e: posts big blind $2
*** HOLE CARDS ***
Dealt to b74ad6f2 
Dealt to e426790e 
Dealt to d92fc9da 
Dealt to 2a7ba492 
Dealt to Hero [Kc Jc]
b74ad6f2: folds
Hero: raises $4 to $6
d92fc9da: raises $14 to $20
2a7ba492: folds
e426790e: folds
Hero: folds
Uncalled bet ($14) returned to d92fc9da
*** SHOWDOWN ***
d92fc9da collected $15 from pot
*** SUMMARY ***
Total pot $15
Seat 5: b74ad6f2 folded before Flop (didn't bet)
Seat 4: e426790e(big blind) folded before Flop
Seat 1: d92fc9dawon ($15)
Seat 2: 2a7ba492(small blind) folded before Flop
Seat 6: Hero folded before Flop



Poker Hand #ring_862702268: NLH No Limit ($1/$2) - 2025/05/07 02:49:06
Table 'MR NLH BOMBPOT 1/2' 7-max Seat #6 is the button
Seat 5: b74ad6f2 ($498.8 in chips)
Seat 4: e426790e ($237.44 in chips)
Seat 1: d92fc9da ($794.27 in chips)
Seat 2: 2a7ba492 ($416.93 in chips)
Seat 6: Hero ($194 in chips)
d92fc9da: posts small blind $1
2a7ba492: posts big blind $2
*** HOLE CARDS ***
Dealt to b74ad6f2 
Dealt to e426790e 
Dealt to d92fc9da 
Dealt to 2a7ba492 
Dealt to Hero [7d 3d]
e426790e: calls $2
b74ad6f2: folds
Hero: folds
d92fc9da: raises $5 to $7
2a7ba492: folds
e426790e: calls $5
*** FLOP *** [8h 2s Ac]
d92fc9da: bets $4
e426790e: calls $4
*** TURN *** [8h 2s Ac] [4h]
d92fc9da: checks
e426790e: checks
*** RIVER *** [8h 2s Ac 4h] [6c]
d92fc9da: checks
e426790e: checks
d92fc9da: shows [Kc Qs]
e426790e: shows [8s 5s]
*** SHOWDOWN ***
e426790e collected $24 from pot
*** SUMMARY ***
Total pot $24
Board [8h 2s Ac 4h 6c]
Seat 5: b74ad6f2 folded before Flop (didn't bet)
Seat 4: e426790e showed [8s 5s] and won ($24) with Pair of Eights
Seat 1: d92fc9da(small blind) showed [Kc Qs] and lost with Ace-High
Seat 2: 2a7ba492(big blind) folded before Flop
Seat 6: Hero folded before Flop (didn't bet)



Poker Hand #ring_862700579: NLH No Limit ($1/$2) - 2025/05/07 02:47:59
Table 'MR NLH BOMBPOT 1/2' 7-max Seat #5 is the button
Seat 5: b74ad6f2 ($442.83 in chips)
Seat 4: e426790e ($237.44 in chips)
Seat 1: d92fc9da ($855.27 in chips)
Seat 2: 2a7ba492 ($416.93 in chips)
Seat 6: Hero ($195 in chips)
Hero: posts small blind $1
d92fc9da: posts big blind $2
*** HOLE CARDS ***
Dealt to b74ad6f2 
Dealt to e426790e 
Dealt to d92fc9da 
Dealt to 2a7ba492 
Dealt to Hero [4s 7c]
2a7ba492: folds
e426790e: folds
b74ad6f2: raises $2 to $4
Hero: folds
d92fc9da: raises $16 to $20
b74ad6f2: calls $16
*** FLOP *** [Ah Kh Ad]
d92fc9da: bets $10.25
b74ad6f2: calls $10.25
*** TURN *** [Ah Kh Ad] [5h]
d92fc9da: checks
b74ad6f2: bets $30.75
d92fc9da: calls $30.75
*** RIVER *** [Ah Kh Ad 5h] [Qh]
d92fc9da: checks
b74ad6f2: checks
d92fc9da: shows [6c Ac]
b74ad6f2: shows [6h 9h]
*** SHOWDOWN ***
b74ad6f2 collected $123 from pot
*** SUMMARY ***
Total pot $123
Board [Ah Kh Ad 5h Qh]
Seat 5: b74ad6f2 showed [6h 9h] and won ($123) with Ace High Flush
Seat 4: e426790e folded before Flop (didn't bet)
Seat 1: d92fc9da(big blind) showed [6c Ac] and lost with Three Aces
Seat 2: 2a7ba492 folded before Flop (didn't bet)
Seat 6: Hero(small blind) folded before Flop



Poker Hand #ring_862700124: NLH No Limit ($1/$2) - 2025/05/07 02:47:40
Table 'MR NLH BOMBPOT 1/2' 7-max Seat #4 is the button
Seat 5: b74ad6f2 ($443.83 in chips)
Seat 4: e426790e ($237.44 in chips)
Seat 1: d92fc9da ($855.27 in chips)
Seat 2: 2a7ba492 ($416.93 in chips)
Seat 6: Hero ($194 in chips)
b74ad6f2: posts small blind $1
Hero: posts big blind $2
*** HOLE CARDS ***
Dealt to b74ad6f2 
Dealt to e426790e 
Dealt to d92fc9da 
Dealt to 2a7ba492 
Dealt to Hero [3s 8c]
d92fc9da: folds
2a7ba492: folds
e426790e: folds
b74ad6f2: folds
*** SHOWDOWN ***
Hero collected $3 from pot
*** SUMMARY ***
Total pot $3
Seat 5: b74ad6f2(small blind) folded before Flop
Seat 4: e426790e folded before Flop (didn't bet)
Seat 1: d92fc9da folded before Flop (didn't bet)
Seat 2: 2a7ba492 folded before Flop (didn't bet)
Seat 6: Hero(big blind)won ($3)



