Poker Hand #ring_877139762: NLH No Limit ($1/$2) - 2025/05/14 17:43:19
Table 'MR NLH 1/2' 7-max Seat #2 is the button
Seat 4: c66a0b6e ($177.18 in chips)
Seat 7: b72c9129 ($1,207.6 in chips)
Seat 2: 9a60fd58 ($403.98 in chips)
Seat 5: 446fa0f3 ($386.33 in chips)
Seat 1: cacd3d1d ($111.83 in chips)
Seat 6: Hero ($335.1 in chips)
c66a0b6e: posts small blind $1
446fa0f3: posts big blind $2
*** HOLE CARDS ***
Dealt to c66a0b6e 
Dealt to b72c9129 
Dealt to 9a60fd58 
Dealt to 446fa0f3 
Dealt to cacd3d1d 
Dealt to Hero [3s 4d]
Hero: folds
b72c9129: folds
cacd3d1d: raises $4 to $6
9a60fd58: folds
c66a0b6e: calls $5
446fa0f3: folds
*** FLOP *** [Ts 6d As]
c66a0b6e: checks
cacd3d1d: bets $7
c66a0b6e: folds
Uncalled bet ($7) returned to cacd3d1d
*** SHOWDOWN ***
cacd3d1d collected $14 from pot
*** SUMMARY ***
Total pot $14
Board [Ts 6d As]
Seat 4: c66a0b6e(small blind) folded on the Flop
Seat 7: b72c9129 folded before Flop (didn't bet)
Seat 2: 9a60fd58 folded before Flop (didn't bet)
Seat 5: 446fa0f3(big blind) folded before Flop
Seat 1: cacd3d1dwon ($14) with Pair of Jacks
Seat 6: Hero folded before Flop (didn't bet)



Poker Hand #ring_877138456: NLH No Limit ($1/$2) - 2025/05/14 17:42:26
Table 'MR NLH 1/2' 7-max Seat #1 is the button
Seat 4: c66a0b6e ($179.18 in chips)
Seat 7: b72c9129 ($1,198.6 in chips)
Seat 2: 9a60fd58 ($404.98 in chips)
Seat 5: 446fa0f3 ($386.33 in chips)
Seat 1: cacd3d1d ($111.83 in chips)
Seat 6: Hero ($341.1 in chips)
9a60fd58: posts small blind $1
c66a0b6e: posts big blind $2
*** HOLE CARDS ***
Dealt to c66a0b6e 
Dealt to b72c9129 
Dealt to 9a60fd58 
Dealt to 446fa0f3 
Dealt to cacd3d1d 
Dealt to Hero [Tc As]
446fa0f3: folds
Hero: raises $4 to $6
b72c9129: raises $11.25 to $17.25
cacd3d1d: folds
9a60fd58: folds
c66a0b6e: folds
Hero: folds
Uncalled bet ($11.25) returned to b72c9129
*** SHOWDOWN ***
b72c9129 collected $15 from pot
*** SUMMARY ***
Total pot $15
Seat 4: c66a0b6e(big blind) folded before Flop
Seat 7: b72c9129won ($15)
Seat 2: 9a60fd58(small blind) folded before Flop
Seat 5: 446fa0f3 folded before Flop (didn't bet)
Seat 1: cacd3d1d folded before Flop (didn't bet)
Seat 6: Hero folded before Flop



Poker Hand #ring_877137679: NLH No Limit ($1/$2) - 2025/05/14 17:41:51
Table 'MR NLH 1/2' 7-max Seat #7 is the button
Seat 4: c66a0b6e ($181.18 in chips)
Seat 7: b72c9129 ($1,198.6 in chips)
Seat 2: 9a60fd58 ($412.98 in chips)
Seat 5: 446fa0f3 ($386.33 in chips)
Seat 1: cacd3d1d ($112.83 in chips)
Seat 6: Hero ($330.95 in chips)
cacd3d1d: posts small blind $1
9a60fd58: posts big blind $2
*** HOLE CARDS ***
Dealt to c66a0b6e 
Dealt to b72c9129 
Dealt to 9a60fd58 
Dealt to 446fa0f3 
Dealt to cacd3d1d 
Dealt to Hero [Qc Qh]
c66a0b6e: calls $2
446fa0f3: folds
Hero: raises $6 to $8
b72c9129: folds
cacd3d1d: folds
9a60fd58: calls $6
c66a0b6e: folds
*** FLOP *** [7c 4d 8s]
9a60fd58: checks
Hero: bets $9.5
9a60fd58: folds
Uncalled bet ($9.5) returned to Hero
*** SHOWDOWN ***
Hero collected $19 from pot
*** SUMMARY ***
Total pot $19
Board [7c 4d 8s]
Seat 4: c66a0b6e folded before Flop
Seat 7: b72c9129 folded before Flop (didn't bet)
Seat 2: 9a60fd58(big blind) folded on the Flop
Seat 5: 446fa0f3 folded before Flop (didn't bet)
Seat 1: cacd3d1d(small blind) folded before Flop
Seat 6: Herowon ($19) with Pair of Queens



Poker Hand #ring_877136229: NLH No Limit ($1/$2) - 2025/05/14 17:40:52
Table 'MR NLH 1/2' 7-max Seat #6 is the button
Seat 4: c66a0b6e ($203.18 in chips)
Seat 7: b72c9129 ($1,175.26 in chips)
Seat 2: 9a60fd58 ($412.98 in chips)
Seat 5: 446fa0f3 ($386.33 in chips)
Seat 1: cacd3d1d ($114.83 in chips)
Seat 6: Hero ($332.95 in chips)
b72c9129: posts small blind $1
cacd3d1d: posts big blind $2
*** HOLE CARDS ***
Dealt to c66a0b6e 
Dealt to b72c9129 
Dealt to 9a60fd58 
Dealt to 446fa0f3 
Dealt to cacd3d1d 
Dealt to Hero [Qc 7c]
9a60fd58: folds
c66a0b6e: calls $2
446fa0f3: folds
Hero: calls $2
b72c9129: raises $8 to $10
cacd3d1d: folds
c66a0b6e: calls $8
Hero: folds
*** FLOP *** [Jh 6c Tc]
b72c9129: bets $12
c66a0b6e: calls $12
*** TURN *** [Jh 6c Tc] [As]
b72c9129: bets $24
c66a0b6e: folds
Uncalled bet ($24) returned to b72c9129
*** SHOWDOWN ***
b72c9129 collected $48 from pot
*** SUMMARY ***
Total pot $48
Board [Jh 6c Tc As]
Seat 4: c66a0b6e folded on the Turn
Seat 7: b72c9129(small blind)won ($48) with Ace-High
Seat 2: 9a60fd58 folded before Flop (didn't bet)
Seat 5: 446fa0f3 folded before Flop (didn't bet)
Seat 1: cacd3d1d(big blind) folded before Flop
Seat 6: Hero folded before Flop



Poker Hand #ring_877134621: NLH No Limit ($1/$2) - 2025/05/14 17:39:45
Table 'MR NLH 1/2' 7-max Seat #5 is the button
Seat 4: c66a0b6e ($100 in chips)
Seat 7: b72c9129 ($1,187.53 in chips)
Seat 2: 9a60fd58 ($512.98 in chips)
Seat 5: 446fa0f3 ($386.33 in chips)
Seat 1: cacd3d1d ($114.83 in chips)
Seat 6: Hero ($333.95 in chips)
Hero: posts small blind $1
b72c9129: posts big blind $2
c66a0b6e: posts big blind $2
*** HOLE CARDS ***
Dealt to c66a0b6e 
Dealt to b72c9129 
Dealt to 9a60fd58 
Dealt to 446fa0f3 
Dealt to cacd3d1d 
Dealt to Hero [7d 5h]
cacd3d1d: folds
9a60fd58: raises $4 to $6
c66a0b6e: calls $4
446fa0f3: folds
Hero: folds
b72c9129: calls $4
*** FLOP *** [8s 7c 4s]
b72c9129: checks
9a60fd58: checks
c66a0b6e: bets $6.27
b72c9129: calls $6.27
9a60fd58: raises $20.42 to $26.69
c66a0b6e: calls $20.42
b72c9129: folds
*** TURN *** [8s 7c 4s] [Qh]
9a60fd58: bets $78.65
c66a0b6e: calls $67.31 and is all-in
Uncalled bet ($11.34) returned to 9a60fd58
9a60fd58: shows [Ks Kc]
c66a0b6e: shows [4d 4h]
*** RIVER *** [8s 7c 4s Qh] [Qc]
*** SHOWDOWN ***
c66a0b6e collected $213.27 from pot
*** SUMMARY ***
Total pot $213.27
Board [8s 7c 4s Qh Qc]
Seat 4: c66a0b6e showed [4d 4h] and won ($213.27) with Fours Full over Queens
Seat 7: b72c9129(big blind) folded on the Flop
Seat 2: 9a60fd58 showed [Ks Kc] and lost with Pair of Kings and Pair of Queens
Seat 5: 446fa0f3 folded before Flop (didn't bet)
Seat 1: cacd3d1d folded before Flop (didn't bet)
Seat 6: Hero(small blind) folded before Flop



Poker Hand #ring_877132949: NLH No Limit ($1/$2) - 2025/05/14 17:38:38
Table 'MR NLH 1/2' 7-max Seat #2 is the button
Seat 7: b72c9129 ($1,187.53 in chips)
Seat 2: 9a60fd58 ($512.98 in chips)
Seat 5: 446fa0f3 ($387.33 in chips)
Seat 1: cacd3d1d ($103 in chips)
Seat 6: Hero ($346.45 in chips)
446fa0f3: posts small blind $1
Hero: posts big blind $2
*** HOLE CARDS ***
Dealt to b72c9129 
Dealt to 9a60fd58 
Dealt to 446fa0f3 
Dealt to cacd3d1d 
Dealt to Hero [8s Ts]
b72c9129: folds
cacd3d1d: raises $4 to $6
9a60fd58: folds
446fa0f3: folds
Hero: calls $4
*** FLOP *** [5h Js 8d]
Hero: checks
cacd3d1d: bets $6.5
Hero: calls $6.5
*** TURN *** [5h Js 8d] [6s]
Hero: checks
cacd3d1d: checks
*** RIVER *** [5h Js 8d 6s] [7c]
Hero: checks
cacd3d1d: checks
cacd3d1d: shows [Jh Kh]
Hero: shows [8s Ts]
*** SHOWDOWN ***
cacd3d1d collected $26 from pot
*** SUMMARY ***
Total pot $26
Board [5h Js 8d 6s 7c]
Seat 7: b72c9129 folded before Flop (didn't bet)
Seat 2: 9a60fd58 folded before Flop (didn't bet)
Seat 5: 446fa0f3(small blind) folded before Flop
Seat 1: cacd3d1d showed [Jh Kh] and won ($26) with Pair of Jacks
Seat 6: Hero(big blind) showed [8s Ts] and lost with Pair of Eights



Poker Hand #ring_877132347: NLH No Limit ($1/$2) - 2025/05/14 17:38:13
Table 'MR NLH 1/2' 7-max Seat #1 is the button
Seat 7: b72c9129 ($1,187.53 in chips)
Seat 2: 9a60fd58 ($513.98 in chips)
Seat 5: 446fa0f3 ($389.33 in chips)
Seat 1: cacd3d1d ($100 in chips)
Seat 6: Hero ($346.45 in chips)
9a60fd58: posts small blind $1
446fa0f3: posts big blind $2
*** HOLE CARDS ***
Dealt to b72c9129 
Dealt to 9a60fd58 
Dealt to 446fa0f3 
Dealt to cacd3d1d 
Dealt to Hero [Ks 7h]
Hero: folds
b72c9129: folds
cacd3d1d: raises $4 to $6
9a60fd58: folds
446fa0f3: folds
Uncalled bet ($4) returned to cacd3d1d
*** SHOWDOWN ***
cacd3d1d collected $5 from pot
*** SUMMARY ***
Total pot $5
Seat 7: b72c9129 folded before Flop (didn't bet)
Seat 2: 9a60fd58(small blind) folded before Flop
Seat 5: 446fa0f3(big blind) folded before Flop
Seat 1: cacd3d1dwon ($5)
Seat 6: Hero folded before Flop (didn't bet)



Poker Hand #ring_877130789: NLH No Limit ($1/$2) - 2025/05/14 17:37:10
Table 'MR NLH 1/2' 7-max Seat #7 is the button
Seat 7: b72c9129 ($1,187.53 in chips)
Seat 2: 9a60fd58 ($515.98 in chips)
Seat 5: 446fa0f3 ($395.33 in chips)
Seat 1: cacd3d1d ($100 in chips)
Seat 6: Hero ($248.31 in chips)
cacd3d1d: posts small blind $1
9a60fd58: posts big blind $2
*** HOLE CARDS ***
Dealt to b72c9129 
Dealt to 9a60fd58 
Dealt to 446fa0f3 
Dealt to cacd3d1d 
Dealt to Hero [4s 4h]
446fa0f3: raises $4 to $6
Hero: calls $6
b72c9129: folds
cacd3d1d: raises $20 to $26
9a60fd58: folds
446fa0f3: folds
Hero: raises $87 to $113
cacd3d1d: calls $74 and is all-in
Uncalled bet ($13) returned to Hero
cacd3d1d: shows [Jc Kh]
Hero: shows [4s 4h]
*** FLOP *** [4c 9s 7h]
*** TURN *** [4c 9s 7h] [9d]
*** RIVER *** [4c 9s 7h 9d] [9c]
*** SHOWDOWN ***
Hero collected $208 from pot
*** SUMMARY ***
Total pot $208
Board [4c 9s 7h 9d 9c]
Seat 7: b72c9129 folded before Flop (didn't bet)
Seat 2: 9a60fd58(big blind) folded before Flop
Seat 5: 446fa0f3 folded before Flop
Seat 1: cacd3d1d(small blind) showed [Jc Kh] and lost with Three Nines
Seat 6: Hero showed [4s 4h] and won ($208) with Nines Full over Fours



Poker Hand #ring_877127211: NLH No Limit ($1/$2) - 2025/05/14 17:34:45
Table 'MR NLH 1/2' 7-max Seat #6 is the button
Seat 7: b72c9129 ($1,098.76 in chips)
Seat 2: 9a60fd58 ($515.98 in chips)
Seat 5: 446fa0f3 ($395.33 in chips)
Seat 1: cacd3d1d ($102 in chips)
Seat 6: Hero ($344.31 in chips)
b72c9129: posts small blind $1
cacd3d1d: posts big blind $2
*** HOLE CARDS ***
Dealt to b72c9129 
Dealt to 9a60fd58 
Dealt to 446fa0f3 
Dealt to cacd3d1d 
Dealt to Hero [Ah Qh]
9a60fd58: folds
446fa0f3: folds
Hero: raises $4 to $6
b72c9129: raises $14 to $20
cacd3d1d: folds
Hero: calls $14
*** FLOP *** [Ac Jh 9d]
b72c9129: bets $21
Hero: calls $21
*** TURN *** [Ac Jh 9d] [4s]
b72c9129: checks
Hero: checks
*** RIVER *** [Ac Jh 9d 4s] [As]
b72c9129: checks
Hero: bets $55
b72c9129: raises $1,002.76 to $1,057.76 and is all-in
Hero: folds
Uncalled bet ($1,002.76) returned to b72c9129
*** SHOWDOWN ***
b72c9129 collected $194 from pot
*** SUMMARY ***
Total pot $194
Board [Ac Jh 9d 4s As]
Seat 7: b72c9129(small blind)won ($194) with Jacks Full over Aces
Seat 2: 9a60fd58 folded before Flop (didn't bet)
Seat 5: 446fa0f3 folded before Flop (didn't bet)
Seat 1: cacd3d1d(big blind) folded before Flop
Seat 6: Hero folded on the River



Poker Hand #ring_877126597: NLH No Limit ($1/$2) - 2025/05/14 17:34:20
Table 'MR NLH 1/2' 7-max Seat #5 is the button
Seat 7: b72c9129 ($1,100.76 in chips)
Seat 2: 9a60fd58 ($512.98 in chips)
Seat 5: 446fa0f3 ($395.33 in chips)
Seat 1: cacd3d1d ($102 in chips)
Seat 6: Hero ($345.31 in chips)
Hero: posts small blind $1
b72c9129: posts big blind $2
*** HOLE CARDS ***
Dealt to b72c9129 
Dealt to 9a60fd58 
Dealt to 446fa0f3 
Dealt to cacd3d1d 
Dealt to Hero [8h 2d]
cacd3d1d: folds
9a60fd58: raises $4 to $6
446fa0f3: folds
Hero: folds
b72c9129: folds
Uncalled bet ($4) returned to 9a60fd58
*** SHOWDOWN ***
9a60fd58 collected $5 from pot
*** SUMMARY ***
Total pot $5
Seat 7: b72c9129(big blind) folded before Flop
Seat 2: 9a60fd58won ($5)
Seat 5: 446fa0f3 folded before Flop (didn't bet)
Seat 1: cacd3d1d folded before Flop (didn't bet)
Seat 6: Hero(small blind) folded before Flop



Poker Hand #ring_877125955: NLH No Limit ($1/$2) - 2025/05/14 17:33:55
Table 'MR NLH 1/2' 7-max Seat #2 is the button
Seat 7: b72c9129 ($1,100.76 in chips)
Seat 2: 9a60fd58 ($512.98 in chips)
Seat 5: 446fa0f3 ($396.33 in chips)
Seat 1: cacd3d1d ($99 in chips)
Seat 6: Hero ($347.31 in chips)
446fa0f3: posts small blind $1
Hero: posts big blind $2
*** HOLE CARDS ***
Dealt to b72c9129 
Dealt to 9a60fd58 
Dealt to 446fa0f3 
Dealt to cacd3d1d 
Dealt to Hero [3c Jd]
b72c9129: folds
cacd3d1d: raises $4 to $6
9a60fd58: folds
446fa0f3: folds
Hero: folds
Uncalled bet ($4) returned to cacd3d1d
*** SHOWDOWN ***
cacd3d1d collected $5 from pot
*** SUMMARY ***
Total pot $5
Seat 7: b72c9129 folded before Flop (didn't bet)
Seat 2: 9a60fd58 folded before Flop (didn't bet)
Seat 5: 446fa0f3(small blind) folded before Flop
Seat 1: cacd3d1dwon ($5)
Seat 6: Hero(big blind) folded before Flop



Poker Hand #ring_877125452: NLH No Limit ($1/$2) - 2025/05/14 17:33:35
Table 'MR NLH 1/2' 7-max Seat #1 is the button
Seat 7: b72c9129 ($1,100.76 in chips)
Seat 2: 9a60fd58 ($513.98 in chips)
Seat 5: 446fa0f3 ($398.33 in chips)
Seat 1: cacd3d1d ($99 in chips)
Seat 6: Hero ($344.31 in chips)
9a60fd58: posts small blind $1
446fa0f3: posts big blind $2
*** HOLE CARDS ***
Dealt to b72c9129 
Dealt to 9a60fd58 
Dealt to 446fa0f3 
Dealt to cacd3d1d 
Dealt to Hero [5s As]
Hero: raises $4 to $6
b72c9129: folds
cacd3d1d: folds
9a60fd58: folds
446fa0f3: folds
Uncalled bet ($4) returned to Hero
*** SHOWDOWN ***
Hero collected $5 from pot
*** SUMMARY ***
Total pot $5
Seat 7: b72c9129 folded before Flop (didn't bet)
Seat 2: 9a60fd58(small blind) folded before Flop
Seat 5: 446fa0f3(big blind) folded before Flop
Seat 1: cacd3d1d folded before Flop (didn't bet)
Seat 6: Herowon ($5)



Poker Hand #ring_877124333: NLH No Limit ($1/$2) - 2025/05/14 17:32:48
Table 'MR NLH 1/2' 7-max Seat #7 is the button
Seat 7: b72c9129 ($1,088.61 in chips)
Seat 2: 9a60fd58 ($519.98 in chips)
Seat 5: 446fa0f3 ($404.33 in chips)
Seat 1: cacd3d1d ($100 in chips)
Seat 6: Hero ($344.31 in chips)
cacd3d1d: posts small blind $1
9a60fd58: posts big blind $2
*** HOLE CARDS ***
Dealt to b72c9129 
Dealt to 9a60fd58 
Dealt to 446fa0f3 
Dealt to cacd3d1d 
Dealt to Hero [4c 7d]
446fa0f3: raises $4 to $6
Hero: folds
b72c9129: calls $6
cacd3d1d: folds
9a60fd58: calls $4
*** FLOP *** [3c 5s 2d]
9a60fd58: checks
446fa0f3: checks
b72c9129: bets $9.5
9a60fd58: folds
446fa0f3: folds
Uncalled bet ($9.5) returned to b72c9129
*** SHOWDOWN ***
b72c9129 collected $19 from pot
*** SUMMARY ***
Total pot $19
Board [3c 5s 2d]
Seat 7: b72c9129won ($19) with Ace-High
Seat 2: 9a60fd58(big blind) folded on the Flop
Seat 5: 446fa0f3 folded on the Flop
Seat 1: cacd3d1d(small blind) folded before Flop
Seat 6: Hero folded before Flop (didn't bet)



Poker Hand #ring_877123394: NLH No Limit ($1/$2) - 2025/05/14 17:32:09
Table 'MR NLH 1/2' 7-max Seat #6 is the button
Seat 7: b72c9129 ($1,089.61 in chips)
Seat 2: 9a60fd58 ($513.56 in chips)
Seat 5: 446fa0f3 ($404.33 in chips)
Seat 1: cacd3d1d ($100 in chips)
Seat 6: Hero ($344.31 in chips)
b72c9129: posts small blind $1
cacd3d1d: posts big blind $2
*** HOLE CARDS ***
Dealt to b72c9129 
Dealt to 9a60fd58 
Dealt to 446fa0f3 
Dealt to cacd3d1d 
Dealt to Hero [4d Ac]
9a60fd58: raises $4 to $6
446fa0f3: folds
Hero: folds
b72c9129: folds
cacd3d1d: calls $4
*** FLOP *** [2s 4s 2c]
cacd3d1d: checks
9a60fd58: bets $7.02
cacd3d1d: folds
Uncalled bet ($7.02) returned to 9a60fd58
*** SHOWDOWN ***
9a60fd58 collected $13 from pot
*** SUMMARY ***
Total pot $13
Board [2s 4s 2c]
Seat 7: b72c9129(small blind) folded before Flop
Seat 2: 9a60fd58won ($13) with Pair of Sevens and Pair of Twos
Seat 5: 446fa0f3 folded before Flop (didn't bet)
Seat 1: cacd3d1d(big blind) folded on the Flop
Seat 6: Hero folded before Flop (didn't bet)



Poker Hand #ring_877122148: NLH No Limit ($1/$2) - 2025/05/14 17:31:16
Table 'MR NLH 1/2' 7-max Seat #5 is the button
Seat 7: b72c9129 ($1,091.61 in chips)
Seat 2: 9a60fd58 ($513.56 in chips)
Seat 5: 446fa0f3 ($396 in chips)
Seat 6: Hero ($345.31 in chips)
Seat 3: 754eb ($169.42 in chips)
Hero: posts small blind $1
b72c9129: posts big blind $2
*** HOLE CARDS ***
Dealt to b72c9129 
Dealt to 9a60fd58 
Dealt to 446fa0f3 
Dealt to Hero [9c As]
Dealt to 754eb 
9a60fd58: folds
754eb: calls $2
446fa0f3: raises $4 to $6
Hero: folds
b72c9129: folds
754eb: calls $4
*** FLOP *** [Qc 5d Ah]
754eb: checks
446fa0f3: bets $16
754eb: folds
Uncalled bet ($16) returned to 446fa0f3
*** SHOWDOWN ***
446fa0f3 collected $15 from pot
*** SUMMARY ***
Total pot $15
Board [Qc 5d Ah]
Seat 7: b72c9129(big blind) folded before Flop
Seat 2: 9a60fd58 folded before Flop (didn't bet)
Seat 5: 446fa0f3won ($15) with Pair of Twos
Seat 6: Hero(small blind) folded before Flop
Seat 3: 754eb folded on the Flop



Poker Hand #ring_877120747: NLH No Limit ($1/$2) - 2025/05/14 17:30:21
Table 'MR NLH 1/2' 7-max Seat #3 is the button
Seat 7: b72c9129 ($1,091.61 in chips)
Seat 2: 9a60fd58 ($513.56 in chips)
Seat 5: 446fa0f3 ($398 in chips)
Seat 6: Hero ($315.69 in chips)
Seat 3: 754eb ($200.42 in chips)
446fa0f3: posts small blind $1
Hero: posts big blind $2
*** HOLE CARDS ***
Dealt to b72c9129 
Dealt to 9a60fd58 
Dealt to 446fa0f3 
Dealt to Hero [Td Ah]
Dealt to 754eb 
b72c9129: folds
9a60fd58: folds
754eb: calls $2
446fa0f3: calls $1
Hero: raises $5 to $7
754eb: calls $5
446fa0f3: folds
*** FLOP *** [2d Js 6c]
Hero: bets $8
754eb: calls $8
*** TURN *** [2d Js 6c] [Tc]
Hero: checks
754eb: checks
*** RIVER *** [2d Js 6c Tc] [7d]
Hero: bets $16
754eb: calls $16
754eb: shows [2h Ac]
Hero: shows [Td Ah]
*** SHOWDOWN ***
Hero collected $64 from pot
*** SUMMARY ***
Total pot $64
Board [2d Js 6c Tc 7d]
Seat 7: b72c9129 folded before Flop (didn't bet)
Seat 2: 9a60fd58 folded before Flop (didn't bet)
Seat 5: 446fa0f3(small blind) folded before Flop
Seat 6: Hero(big blind) showed [Td Ah] and won ($64) with Pair of Tens
Seat 3: 754eb showed [2h Ac] and lost with Pair of Twos



Poker Hand #ring_877120250: NLH No Limit ($1/$2) - 2025/05/14 17:29:59
Table 'MR NLH 1/2' 7-max Seat #2 is the button
Seat 7: b72c9129 ($1,091.61 in chips)
Seat 2: 9a60fd58 ($513.56 in chips)
Seat 5: 446fa0f3 ($400 in chips)
Seat 6: Hero ($315.69 in chips)
Seat 3: 754eb ($198.42 in chips)
754eb: posts small blind $1
446fa0f3: posts big blind $2
*** HOLE CARDS ***
Dealt to b72c9129 
Dealt to 9a60fd58 
Dealt to 446fa0f3 
Dealt to Hero [5s Qd]
Dealt to 754eb 
Hero: folds
b72c9129: folds
9a60fd58: folds
754eb: raises $4 to $6
446fa0f3: folds
Uncalled bet ($4) returned to 754eb
*** SHOWDOWN ***
754eb collected $4 from pot
*** SUMMARY ***
Total pot $4
Seat 7: b72c9129 folded before Flop (didn't bet)
Seat 2: 9a60fd58 folded before Flop (didn't bet)
Seat 5: 446fa0f3(big blind) folded before Flop
Seat 6: Hero folded before Flop (didn't bet)
Seat 3: 754eb(small blind)won ($4)



Poker Hand #ring_877119464: NLH No Limit ($1/$2) - 2025/05/14 17:29:26
Table 'MR NLH 1/2' 7-max Seat #7 is the button
Seat 7: b72c9129 ($1,091.61 in chips)
Seat 2: 9a60fd58 ($506.28 in chips)
Seat 6: Hero ($315.69 in chips)
Seat 3: 754eb ($206.42 in chips)
9a60fd58: posts small blind $1
754eb: posts big blind $2
*** HOLE CARDS ***
Dealt to b72c9129 
Dealt to 9a60fd58 
Dealt to Hero [3c Tc]
Dealt to 754eb 
Hero: folds
b72c9129: folds
9a60fd58: raises $6 to $8
754eb: calls $6
*** FLOP *** [Qh 2d Kc]
9a60fd58: bets $11.84
754eb: folds
Uncalled bet ($11.84) returned to 9a60fd58
*** SHOWDOWN ***
9a60fd58 collected $16 from pot
*** SUMMARY ***
Total pot $16
Board [Qh 2d Kc]
Seat 7: b72c9129 folded before Flop (didn't bet)
Seat 2: 9a60fd58(small blind)won ($16) with Pair of Aces
Seat 6: Hero folded before Flop (didn't bet)
Seat 3: 754eb(big blind) folded on the Flop



Poker Hand #ring_877118475: NLH No Limit ($1/$2) - 2025/05/14 17:28:44
Table 'MR NLH 1/2' 7-max Seat #6 is the button
Seat 7: b72c9129 ($1,080.42 in chips)
Seat 2: 9a60fd58 ($512.28 in chips)
Seat 6: Hero ($321.69 in chips)
Seat 3: 754eb ($206.42 in chips)
b72c9129: posts small blind $1
9a60fd58: posts big blind $2
*** HOLE CARDS ***
Dealt to b72c9129 
Dealt to 9a60fd58 
Dealt to Hero [7d 9c]
Dealt to 754eb 
754eb: folds
Hero: raises $4 to $6
b72c9129: calls $5
9a60fd58: calls $4
*** FLOP *** [Qs Ah 2c]
b72c9129: checks
9a60fd58: checks
Hero: checks
*** TURN *** [Qs Ah 2c] [5h]
b72c9129: bets $9
9a60fd58: folds
Hero: folds
Uncalled bet ($9) returned to b72c9129
*** SHOWDOWN ***
b72c9129 collected $18 from pot
*** SUMMARY ***
Total pot $18
Board [Qs Ah 2c 5h]
Seat 7: b72c9129(small blind)won ($18) with Ace-High
Seat 2: 9a60fd58(big blind) folded on the Turn
Seat 6: Hero folded on the Turn
Seat 3: 754eb folded before Flop (didn't bet)



Poker Hand #ring_877117396: NLH No Limit ($1/$2) - 2025/05/14 17:27:59
Table 'MR NLH 1/2' 7-max Seat #3 is the button
Seat 7: b72c9129 ($1,093.44 in chips)
Seat 2: 9a60fd58 ($499.97 in chips)
Seat 6: Hero ($322.69 in chips)
Seat 3: 754eb ($206.42 in chips)
Hero: posts small blind $1
b72c9129: posts big blind $2
*** HOLE CARDS ***
Dealt to b72c9129 
Dealt to 9a60fd58 
Dealt to Hero [Jh 7c]
Dealt to 754eb 
9a60fd58: raises $4 to $6
754eb: folds
Hero: folds
b72c9129: calls $4
*** FLOP *** [7s 9c 7h]
b72c9129: checks
9a60fd58: bets $7.02
b72c9129: calls $7.02
*** TURN *** [7s 9c 7h] [9h]
b72c9129: checks
9a60fd58: bets $14.61
b72c9129: folds
Uncalled bet ($14.61) returned to 9a60fd58
*** SHOWDOWN ***
9a60fd58 collected $27.04 from pot
*** SUMMARY ***
Total pot $27.04
Board [7s 9c 7h 9h]
Seat 7: b72c9129(big blind) folded on the Turn
Seat 2: 9a60fd58won ($27.04) with Nines Full over Sevens
Seat 6: Hero(small blind) folded before Flop
Seat 3: 754eb folded before Flop (didn't bet)



Poker Hand #ring_877116670: NLH No Limit ($1/$2) - 2025/05/14 17:27:28
Table 'MR NLH 1/2' 7-max Seat #2 is the button
Seat 7: b72c9129 ($1,085.16 in chips)
Seat 2: 9a60fd58 ($499.97 in chips)
Seat 6: Hero ($324.69 in chips)
Seat 3: 754eb ($213.42 in chips)
754eb: posts small blind $1
Hero: posts big blind $2
*** HOLE CARDS ***
Dealt to b72c9129 
Dealt to 9a60fd58 
Dealt to Hero [Js 7d]
Dealt to 754eb 
b72c9129: raises $5 to $7
9a60fd58: folds
754eb: calls $6
Hero: folds
*** FLOP *** [5c Qd 6d]
754eb: checks
b72c9129: bets $12
754eb: folds
Uncalled bet ($12) returned to b72c9129
*** SHOWDOWN ***
b72c9129 collected $16 from pot
*** SUMMARY ***
Total pot $16
Board [5c Qd 6d]
Seat 7: b72c9129won ($16) with Pair of Queens
Seat 2: 9a60fd58 folded before Flop (didn't bet)
Seat 6: Hero(big blind) folded before Flop
Seat 3: 754eb(small blind) folded on the Flop



Poker Hand #ring_877116174: NLH No Limit ($1/$2) - 2025/05/14 17:27:06
Table 'MR NLH 1/2' 7-max Seat #7 is the button
Seat 7: b72c9129 ($1,085.16 in chips)
Seat 2: 9a60fd58 ($500.97 in chips)
Seat 6: Hero ($321.69 in chips)
Seat 3: 754eb ($215.42 in chips)
9a60fd58: posts small blind $1
754eb: posts big blind $2
*** HOLE CARDS ***
Dealt to b72c9129 
Dealt to 9a60fd58 
Dealt to Hero [Qh 7h]
Dealt to 754eb 
Hero: raises $3 to $5
b72c9129: folds
9a60fd58: folds
754eb: folds
Uncalled bet ($3) returned to Hero
*** SHOWDOWN ***
Hero collected $5 from pot
*** SUMMARY ***
Total pot $5
Seat 7: b72c9129 folded before Flop (didn't bet)
Seat 2: 9a60fd58(small blind) folded before Flop
Seat 6: Herowon ($5)
Seat 3: 754eb(big blind) folded before Flop



Poker Hand #ring_877115249: NLH No Limit ($1/$2) - 2025/05/14 17:26:27
Table 'MR NLH 1/2' 7-max Seat #6 is the button
Seat 7: b72c9129 ($1,086.16 in chips)
Seat 2: 9a60fd58 ($494.55 in chips)
Seat 6: Hero ($327.69 in chips)
Seat 3: 754eb ($215.42 in chips)
b72c9129: posts small blind $1
9a60fd58: posts big blind $2
*** HOLE CARDS ***
Dealt to b72c9129 
Dealt to 9a60fd58 
Dealt to Hero [Ks Tc]
Dealt to 754eb 
754eb: folds
Hero: raises $4 to $6
b72c9129: folds
9a60fd58: calls $4
*** FLOP *** [8c 8h 8s]
9a60fd58: checks
Hero: checks
*** TURN *** [8c 8h 8s] [Ac]
9a60fd58: checks
Hero: checks
*** RIVER *** [8c 8h 8s Ac] [Jc]
9a60fd58: checks
Hero: checks
9a60fd58: shows [3d 3h]
Hero: shows [Ks Tc]
*** SHOWDOWN ***
9a60fd58 collected $13 from pot
*** SUMMARY ***
Total pot $13
Board [8c 8h 8s Ac Jc]
Seat 7: b72c9129(small blind) folded before Flop
Seat 2: 9a60fd58(big blind) showed [3d 3h] and won ($13) with Eights Full over Treys
Seat 6: Hero showed [Ks Tc] and lost with Three Eights
Seat 3: 754eb folded before Flop (didn't bet)



Poker Hand #ring_877114280: NLH No Limit ($1/$2) - 2025/05/14 17:25:47
Table 'MR NLH 1/2' 7-max Seat #3 is the button
Seat 7: b72c9129 ($1,092.16 in chips)
Seat 2: 9a60fd58 ($494.55 in chips)
Seat 6: Hero ($328.69 in chips)
Seat 3: 754eb ($209 in chips)
Hero: posts small blind $1
b72c9129: posts big blind $2
*** HOLE CARDS ***
Dealt to b72c9129 
Dealt to 9a60fd58 
Dealt to Hero [5d 3h]
Dealt to 754eb 
9a60fd58: folds
754eb: raises $4 to $6
Hero: folds
b72c9129: calls $4
*** FLOP *** [Kc Ad Ah]
b72c9129: checks
754eb: bets $6.5
b72c9129: folds
Uncalled bet ($6.5) returned to 754eb
*** SHOWDOWN ***
754eb collected $13 from pot
*** SUMMARY ***
Total pot $13
Board [Kc Ad Ah]
Seat 7: b72c9129(big blind) folded on the Flop
Seat 2: 9a60fd58 folded before Flop (didn't bet)
Seat 6: Hero(small blind) folded before Flop
Seat 3: 754ebwon ($13) with Pair of Aces and Pair of Kings



Poker Hand #ring_877113739: NLH No Limit ($1/$2) - 2025/05/14 17:25:25
Table 'MR NLH 1/2' 7-max Seat #2 is the button
Seat 7: b72c9129 ($1,089.16 in chips)
Seat 2: 9a60fd58 ($494.55 in chips)
Seat 6: Hero ($330.69 in chips)
Seat 3: 754eb ($210 in chips)
754eb: posts small blind $1
Hero: posts big blind $2
*** HOLE CARDS ***
Dealt to b72c9129 
Dealt to 9a60fd58 
Dealt to Hero [Td 5d]
Dealt to 754eb 
b72c9129: raises $5 to $7
9a60fd58: folds
754eb: folds
Hero: folds
Uncalled bet ($5) returned to b72c9129
*** SHOWDOWN ***
b72c9129 collected $5 from pot
*** SUMMARY ***
Total pot $5
Seat 7: b72c9129won ($5)
Seat 2: 9a60fd58 folded before Flop (didn't bet)
Seat 6: Hero(big blind) folded before Flop
Seat 3: 754eb(small blind) folded before Flop



Poker Hand #ring_877113280: NLH No Limit ($1/$2) - 2025/05/14 17:25:05
Table 'MR NLH 1/2' 7-max Seat #7 is the button
Seat 7: b72c9129 ($1,089.16 in chips)
Seat 2: 9a60fd58 ($486.55 in chips)
Seat 6: Hero ($336.69 in chips)
Seat 3: 754eb ($212 in chips)
9a60fd58: posts small blind $1
754eb: posts big blind $2
*** HOLE CARDS ***
Dealt to b72c9129 
Dealt to 9a60fd58 
Dealt to Hero [8s Ah]
Dealt to 754eb 
Hero: raises $4 to $6
b72c9129: folds
9a60fd58: raises $20 to $26
754eb: folds
Hero: folds
Uncalled bet ($20) returned to 9a60fd58
*** SHOWDOWN ***
9a60fd58 collected $14 from pot
*** SUMMARY ***
Total pot $14
Seat 7: b72c9129 folded before Flop (didn't bet)
Seat 2: 9a60fd58(small blind)won ($14)
Seat 6: Hero folded before Flop
Seat 3: 754eb(big blind) folded before Flop



Poker Hand #ring_877112786: NLH No Limit ($1/$2) - 2025/05/14 17:24:45
Table 'MR NLH 1/2' 7-max Seat #6 is the button
Seat 7: b72c9129 ($1,090.16 in chips)
Seat 2: 9a60fd58 ($483.55 in chips)
Seat 6: Hero ($336.69 in chips)
Seat 3: 754eb ($214 in chips)
b72c9129: posts small blind $1
9a60fd58: posts big blind $2
754eb: posts big blind $2
*** HOLE CARDS ***
Dealt to b72c9129 
Dealt to 9a60fd58 
Dealt to Hero [Tc 2h]
Dealt to 754eb 
754eb: checks
Hero: folds
b72c9129: folds
9a60fd58: raises $6 to $8
754eb: folds
Uncalled bet ($6) returned to 9a60fd58
*** SHOWDOWN ***
9a60fd58 collected $5 from pot
*** SUMMARY ***
Total pot $5
Seat 7: b72c9129(small blind) folded before Flop
Seat 2: 9a60fd58(big blind)won ($5)
Seat 6: Hero folded before Flop (didn't bet)
Seat 3: 754eb folded before Flop



Poker Hand #ring_877112021: NLH No Limit ($1/$2) - 2025/05/14 17:24:13
Table 'MR NLH 1/2' 7-max Seat #2 is the button
Seat 7: b72c9129 ($1,079.24 in chips)
Seat 2: 9a60fd58 ($483.55 in chips)
Seat 6: Hero ($348.69 in chips)
Hero: posts small blind $1
b72c9129: posts big blind $2
*** HOLE CARDS ***
Dealt to b72c9129 
Dealt to 9a60fd58 
Dealt to Hero [6s Qs]
9a60fd58: folds
Hero: raises $4 to $6
b72c9129: calls $4
*** FLOP *** [9c 8c 8s]
Hero: bets $6
b72c9129: calls $6
*** TURN *** [9c 8c 8s] [4h]
Hero: checks
b72c9129: bets $12
Hero: folds
Uncalled bet ($12) returned to b72c9129
*** SHOWDOWN ***
b72c9129 collected $24 from pot
*** SUMMARY ***
Total pot $24
Board [9c 8c 8s 4h]
Seat 7: b72c9129(big blind)won ($24) with Pair of Nines and Pair of Eights
Seat 2: 9a60fd58 folded before Flop (didn't bet)
Seat 6: Hero(small blind) folded on the Turn



Poker Hand #ring_877111504: NLH No Limit ($1/$2) - 2025/05/14 17:23:50
Table 'MR NLH 1/2' 7-max Seat #7 is the button
Seat 7: b72c9129 ($1,079.24 in chips)
Seat 2: 9a60fd58 ($484.55 in chips)
Seat 6: Hero ($347.69 in chips)
9a60fd58: posts small blind $1
Hero: posts big blind $2
*** HOLE CARDS ***
Dealt to b72c9129 
Dealt to 9a60fd58 
Dealt to Hero [4c 6h]
b72c9129: folds
9a60fd58: folds
*** SHOWDOWN ***
Hero collected $3 from pot
*** SUMMARY ***
Total pot $3
Seat 7: b72c9129 folded before Flop (didn't bet)
Seat 2: 9a60fd58(small blind) folded before Flop
Seat 6: Hero(big blind)won ($3)



Poker Hand #ring_877110686: NLH No Limit ($1/$2) - 2025/05/14 17:23:16
Table 'MR NLH 1/2' 7-max Seat #6 is the button
Seat 7: b72c9129 ($1,046.51 in chips)
Seat 2: 9a60fd58 ($486.55 in chips)
Seat 6: Hero ($381.55 in chips)
b72c9129: posts small blind $1
9a60fd58: posts big blind $2
*** HOLE CARDS ***
Dealt to b72c9129 
Dealt to 9a60fd58 
Dealt to Hero [3s 3d]
Hero: raises $4 to $6
b72c9129: raises $14 to $20
9a60fd58: folds
Hero: calls $14
*** FLOP *** [6d Th Kh]
b72c9129: bets $13.86
Hero: calls $13.86
*** TURN *** [6d Th Kh] [6c]
b72c9129: bets $34.86
Hero: folds
Uncalled bet ($34.86) returned to b72c9129
*** SHOWDOWN ***
b72c9129 collected $69.72 from pot
*** SUMMARY ***
Total pot $69.72
Board [6d Th Kh 6c]
Seat 7: b72c9129(small blind)won ($69.72) with Pair of Sixes
Seat 2: 9a60fd58(big blind) folded before Flop
Seat 6: Hero folded on the Turn



Poker Hand #ring_877110351: NLH No Limit ($1/$2) - 2025/05/14 17:23:03
Table 'MR NLH 1/2' 7-max Seat #2 is the button
Seat 7: b72c9129 ($1,045.51 in chips)
Seat 2: 9a60fd58 ($486.55 in chips)
Seat 6: Hero ($382.55 in chips)
Hero: posts small blind $1
b72c9129: posts big blind $2
*** HOLE CARDS ***
Dealt to b72c9129 
Dealt to 9a60fd58 
Dealt to Hero [Qd 5s]
9a60fd58: folds
Hero: folds
*** SHOWDOWN ***
b72c9129 collected $3 from pot
*** SUMMARY ***
Total pot $3
Seat 7: b72c9129(big blind)won ($3)
Seat 2: 9a60fd58 folded before Flop (didn't bet)
Seat 6: Hero(small blind) folded before Flop



Poker Hand #ring_877108822: NLH No Limit ($1/$2) - 2025/05/14 17:21:55
Table 'MR NLH 1/2' 7-max Seat #7 is the button
Seat 7: b72c9129 ($988.36 in chips)
Seat 2: 9a60fd58 ($487.55 in chips)
Seat 6: Hero ($444.3 in chips)
9a60fd58: posts small blind $1
Hero: posts big blind $2
*** HOLE CARDS ***
Dealt to b72c9129 
Dealt to 9a60fd58 
Dealt to Hero [2s Qs]
b72c9129: raises $5 to $7
9a60fd58: folds
Hero: calls $5
*** FLOP *** [6c Qc Js]
Hero: checks
b72c9129: bets $11.25
Hero: calls $11.25
*** TURN *** [6c Qc Js] [Qh]
Hero: checks
b72c9129: bets $18.75
Hero: calls $18.75
*** RIVER *** [6c Qc Js Qh] [5h]
Hero: checks
b72c9129: bets $24.75
Hero: calls $24.75
Hero: shows [2s Qs]
b72c9129: shows [Qd 7d]
*** SHOWDOWN ***
b72c9129 collected $124.5 from pot
*** SUMMARY ***
Total pot $124.5
Board [6c Qc Js Qh 5h]
Seat 7: b72c9129 showed [Qd 7d] and won ($124.5) with Three Queens
Seat 2: 9a60fd58(small blind) folded before Flop
Seat 6: Hero(big blind) showed [2s Qs] and lost with Three Queens



Poker Hand #ring_877108333: NLH No Limit ($1/$2) - 2025/05/14 17:21:35
Table 'MR NLH 1/2' 7-max Seat #6 is the button
Seat 7: b72c9129 ($989.36 in chips)
Seat 2: 9a60fd58 ($489.55 in chips)
Seat 6: Hero ($441.3 in chips)
b72c9129: posts small blind $1
9a60fd58: posts big blind $2
*** HOLE CARDS ***
Dealt to b72c9129 
Dealt to 9a60fd58 
Dealt to Hero [9c Kh]
Hero: raises $4 to $6
b72c9129: folds
9a60fd58: folds
Uncalled bet ($4) returned to Hero
*** SHOWDOWN ***
Hero collected $5 from pot
*** SUMMARY ***
Total pot $5
Seat 7: b72c9129(small blind) folded before Flop
Seat 2: 9a60fd58(big blind) folded before Flop
Seat 6: Herowon ($5)



Poker Hand #ring_877107169: NLH No Limit ($1/$2) - 2025/05/14 17:20:45
Table 'MR NLH 1/2' 7-max Seat #2 is the button
Seat 7: b72c9129 ($991.36 in chips)
Seat 2: 9a60fd58 ($532.55 in chips)
Seat 6: Hero ($400.26 in chips)
Hero: posts small blind $1
b72c9129: posts big blind $2
*** HOLE CARDS ***
Dealt to b72c9129 
Dealt to 9a60fd58 
Dealt to Hero [Tc 9s]
9a60fd58: raises $3 to $5
Hero: calls $4
b72c9129: folds
*** FLOP *** [8h 7c 5s]
Hero: checks
9a60fd58: bets $4.08
Hero: raises $11.92 to $16
9a60fd58: calls $11.92
*** TURN *** [8h 7c 5s] [Th]
Hero: checks
9a60fd58: checks
*** RIVER *** [8h 7c 5s Th] [6d]
Hero: bets $22
9a60fd58: calls $22
9a60fd58: shows [4d 4s]
Hero: shows [Tc 9s]
*** SHOWDOWN ***
Hero collected $88 from pot
*** SUMMARY ***
Total pot $88
Board [8h 7c 5s Th 6d]
Seat 7: b72c9129(big blind) folded before Flop
Seat 2: 9a60fd58 showed [4d 4s] and lost with Eights-High Straight
Seat 6: Hero(small blind) showed [Tc 9s] and won ($88) with Tens-High Straight



Poker Hand #ring_877106206: NLH No Limit ($1/$2) - 2025/05/14 17:20:05
Table 'MR NLH 1/2' 7-max Seat #7 is the button
Seat 7: b72c9129 ($991.36 in chips)
Seat 2: 9a60fd58 ($523.37 in chips)
Seat 6: Hero ($410.34 in chips)
9a60fd58: posts small blind $1
Hero: posts big blind $2
*** HOLE CARDS ***
Dealt to b72c9129 
Dealt to 9a60fd58 
Dealt to Hero [7c Ks]
b72c9129: folds
9a60fd58: raises $4 to $6
Hero: calls $4
*** FLOP *** [3c 2s As]
9a60fd58: bets $4.08
Hero: calls $4.08
*** TURN *** [3c 2s As] [8c]
9a60fd58: checks
Hero: checks
*** RIVER *** [3c 2s As 8c] [5d]
9a60fd58: checks
Hero: checks
9a60fd58: shows [Qd Qc]
Hero: shows [7c Ks]
*** SHOWDOWN ***
9a60fd58 collected $20.16 from pot
*** SUMMARY ***
Total pot $20.16
Board [3c 2s As 8c 5d]
Seat 7: b72c9129 folded before Flop (didn't bet)
Seat 2: 9a60fd58(small blind) showed [Qd Qc] and won ($20.16) with Pair of Queens
Seat 6: Hero(big blind) showed [7c Ks] and lost with Ace-High



Poker Hand #ring_877105414: NLH No Limit ($1/$2) - 2025/05/14 17:19:31
Table 'MR NLH 1/2' 7-max Seat #6 is the button
Seat 7: b72c9129 ($992.36 in chips)
Seat 2: 9a60fd58 ($533.79 in chips)
Seat 6: Hero ($399.9 in chips)
b72c9129: posts small blind $1
9a60fd58: posts big blind $2
*** HOLE CARDS ***
Dealt to b72c9129 
Dealt to 9a60fd58 
Dealt to Hero [9s Ac]
Hero: raises $4 to $6
b72c9129: folds
9a60fd58: calls $4
*** FLOP *** [9d As Kh]
9a60fd58: checks
Hero: checks
*** TURN *** [9d As Kh] [3d]
9a60fd58: bets $4.42
Hero: raises $17.48 to $21.9
9a60fd58: folds
Uncalled bet ($17.48) returned to Hero
*** SHOWDOWN ***
Hero collected $21.84 from pot
*** SUMMARY ***
Total pot $21.84
Board [9d As Kh 3d]
Seat 7: b72c9129(small blind) folded before Flop
Seat 2: 9a60fd58(big blind) folded on the Turn
Seat 6: Herowon ($21.84) with Pair of Aces and Pair of Nines



Poker Hand #ring_877104672: NLH No Limit ($1/$2) - 2025/05/14 17:18:59
Table 'MR NLH 1/2' 7-max Seat #2 is the button
Seat 7: b72c9129 ($976.84 in chips)
Seat 2: 9a60fd58 ($549.79 in chips)
Seat 6: Hero ($400.9 in chips)
Hero: posts small blind $1
b72c9129: posts big blind $2
*** HOLE CARDS ***
Dealt to b72c9129 
Dealt to 9a60fd58 
Dealt to Hero [7s Ad]
9a60fd58: raises $3 to $5
Hero: folds
b72c9129: raises $11 to $16
9a60fd58: calls $11
*** FLOP *** [8c 3h Jd]
b72c9129: bets $16.5
9a60fd58: folds
Uncalled bet ($16.5) returned to b72c9129
*** SHOWDOWN ***
b72c9129 collected $33 from pot
*** SUMMARY ***
Total pot $33
Board [8c 3h Jd]
Seat 7: b72c9129(big blind)won ($33) with Pair of Jacks
Seat 2: 9a60fd58 folded on the Flop
Seat 6: Hero(small blind) folded before Flop



Poker Hand #ring_877103623: NLH No Limit ($1/$2) - 2025/05/14 17:18:16
Table 'MR NLH 1/2' 7-max Seat #7 is the button
Seat 7: b72c9129 ($976.84 in chips)
Seat 2: 9a60fd58 ($559.87 in chips)
Seat 6: Hero ($391.72 in chips)
9a60fd58: posts small blind $1
Hero: posts big blind $2
*** HOLE CARDS ***
Dealt to b72c9129 
Dealt to 9a60fd58 
Dealt to Hero [Ad 2d]
b72c9129: folds
9a60fd58: raises $4 to $6
Hero: calls $4
*** FLOP *** [Ac 5s Td]
9a60fd58: bets $4.08
Hero: calls $4.08
*** TURN *** [Ac 5s Td] [6s]
9a60fd58: checks
Hero: checks
*** RIVER *** [Ac 5s Td 6s] [Jd]
9a60fd58: checks
Hero: checks
9a60fd58: shows [5h 7h]
Hero: shows [Ad 2d]
*** SHOWDOWN ***
Hero collected $20.16 from pot
*** SUMMARY ***
Total pot $20.16
Board [Ac 5s Td 6s Jd]
Seat 7: b72c9129 folded before Flop (didn't bet)
Seat 2: 9a60fd58(small blind) showed [5h 7h] and lost with Pair of Fives
Seat 6: Hero(big blind) showed [Ad 2d] and won ($20.16) with Pair of Aces



Poker Hand #ring_877103170: NLH No Limit ($1/$2) - 2025/05/14 17:17:57
Table 'MR NLH 1/2' 7-max Seat #6 is the button
Seat 7: b72c9129 ($974.84 in chips)
Seat 2: 9a60fd58 ($561.87 in chips)
Seat 6: Hero ($391.72 in chips)
b72c9129: posts small blind $1
9a60fd58: posts big blind $2
*** HOLE CARDS ***
Dealt to b72c9129 
Dealt to 9a60fd58 
Dealt to Hero [Qs 3d]
Hero: folds
b72c9129: raises $4 to $6
9a60fd58: folds
Uncalled bet ($4) returned to b72c9129
*** SHOWDOWN ***
b72c9129 collected $4 from pot
*** SUMMARY ***
Total pot $4
Seat 7: b72c9129(small blind)won ($4)
Seat 2: 9a60fd58(big blind) folded before Flop
Seat 6: Hero folded before Flop (didn't bet)



Poker Hand #ring_877102044: NLH No Limit ($1/$2) - 2025/05/14 17:17:09
Table 'MR NLH 1/2' 7-max Seat #0 is the button
Seat 7: b72c9129 ($979.84 in chips)
Seat 2: 9a60fd58 ($561.87 in chips)
Seat 6: Hero ($387.17 in chips)
Hero: posts small blind $1
b72c9129: posts big blind $2
*** HOLE CARDS ***
Dealt to b72c9129 
Dealt to 9a60fd58 
Dealt to Hero [Qd 7s]
9a60fd58: folds
Hero: calls $1
b72c9129: checks
*** FLOP *** [Js 5s Kh]
Hero: checks
b72c9129: checks
*** TURN *** [Js 5s Kh] [As]
Hero: checks
b72c9129: bets $3
Hero: calls $3
*** RIVER *** [Js 5s Kh As] [Td]
Hero: checks
b72c9129: checks
Hero: shows [Qd 7s]
b72c9129: shows [6c Ad]
*** SHOWDOWN ***
Hero collected $10 from pot
*** SUMMARY ***
Total pot $10
Board [Js 5s Kh As Td]
Seat 7: b72c9129(big blind) showed [6c Ad] and lost with Pair of Aces
Seat 2: 9a60fd58 folded before Flop (didn't bet)
Seat 6: Hero(small blind) showed [Qd 7s] and won ($10) with Aces-High Straight



Poker Hand #ring_877101521: NLH No Limit ($1/$2) - 2025/05/14 17:16:47
Table 'MR NLH 1/2' 7-max Seat #0 is the button
Seat 7: b72c9129 ($977.84 in chips)
Seat 2: 9a60fd58 ($561.87 in chips)
Seat 6: Hero ($389.17 in chips)
Hero: posts big blind $2
*** HOLE CARDS ***
Dealt to b72c9129 
Dealt to 9a60fd58 
Dealt to Hero [Qc 8d]
b72c9129: raises $4 to $6
9a60fd58: folds
Hero: folds
Uncalled bet ($4) returned to b72c9129
*** SHOWDOWN ***
b72c9129 collected $4 from pot
*** SUMMARY ***
Total pot $4
Seat 7: b72c9129won ($4)
Seat 2: 9a60fd58 folded before Flop (didn't bet)
Seat 6: Hero(big blind) folded before Flop



Poker Hand #ring_877101016: NLH No Limit ($1/$2) - 2025/05/14 17:16:26
Table 'MR NLH 1/2' 7-max Seat #2 is the button
Seat 7: b72c9129 ($977.84 in chips)
Seat 2: 9a60fd58 ($561.87 in chips)
Seat 4: 3f3f1f0a ($237.28 in chips)
Seat 6: Hero ($387.17 in chips)
3f3f1f0a: posts big blind $2
*** HOLE CARDS ***
Dealt to b72c9129 
Dealt to 9a60fd58 
Dealt to 3f3f1f0a 
Dealt to Hero [Qd Qc]
Hero: raises $4 to $6
b72c9129: folds
9a60fd58: folds
3f3f1f0a: folds
Uncalled bet ($4) returned to Hero
*** SHOWDOWN ***
Hero collected $4 from pot
*** SUMMARY ***
Total pot $4
Seat 7: b72c9129 folded before Flop (didn't bet)
Seat 2: 9a60fd58 folded before Flop (didn't bet)
Seat 4: 3f3f1f0a(big blind) folded before Flop
Seat 6: Herowon ($4)



Poker Hand #ring_877100577: NLH No Limit ($1/$2) - 2025/05/14 17:16:08
Table 'MR NLH 1/2' 7-max Seat #7 is the button
Seat 7: b72c9129 ($977.84 in chips)
Seat 2: 9a60fd58 ($562.87 in chips)
Seat 3: deec5a5 ($52.92 in chips)
Seat 4: 3f3f1f0a ($234.28 in chips)
Seat 6: Hero ($387.17 in chips)
9a60fd58: posts small blind $1
deec5a5: posts big blind $2
*** HOLE CARDS ***
Dealt to b72c9129 
Dealt to 9a60fd58 
Dealt to deec5a5 
Dealt to 3f3f1f0a 
Dealt to Hero [Ts 8d]
3f3f1f0a: raises $3 to $5
Hero: folds
b72c9129: folds
9a60fd58: folds
deec5a5: folds
Uncalled bet ($3) returned to 3f3f1f0a
*** SHOWDOWN ***
3f3f1f0a collected $5 from pot
*** SUMMARY ***
Total pot $5
Seat 7: b72c9129 folded before Flop (didn't bet)
Seat 2: 9a60fd58(small blind) folded before Flop
Seat 3: deec5a5(big blind) folded before Flop
Seat 4: 3f3f1f0awon ($5)
Seat 6: Hero folded before Flop (didn't bet)



Poker Hand #ring_877099850: NLH No Limit ($1/$2) - 2025/05/14 17:15:36
Table 'MR NLH 1/2' 7-max Seat #6 is the button
Seat 7: b72c9129 ($978.84 in chips)
Seat 2: 9a60fd58 ($564.87 in chips)
Seat 3: deec5a5 ($54.92 in chips)
Seat 4: 3f3f1f0a ($234.28 in chips)
Seat 6: Hero ($382.48 in chips)
b72c9129: posts small blind $1
9a60fd58: posts big blind $2
*** HOLE CARDS ***
Dealt to b72c9129 
Dealt to 9a60fd58 
Dealt to deec5a5 
Dealt to 3f3f1f0a 
Dealt to Hero [8s 5s]
deec5a5: calls $2
3f3f1f0a: folds
Hero: calls $2
b72c9129: folds
9a60fd58: checks
*** FLOP *** [5h 2s 7d]
9a60fd58: checks
deec5a5: checks
Hero: bets $5.6
9a60fd58: folds
deec5a5: folds
Uncalled bet ($5.6) returned to Hero
*** SHOWDOWN ***
Hero collected $7 from pot
*** SUMMARY ***
Total pot $7
Board [5h 2s 7d]
Seat 7: b72c9129(small blind) folded before Flop
Seat 2: 9a60fd58(big blind) folded on the Flop
Seat 3: deec5a5 folded on the Flop
Seat 4: 3f3f1f0a folded before Flop (didn't bet)
Seat 6: Herowon ($7) with Pair of Fives



Poker Hand #ring_877098718: NLH No Limit ($1/$2) - 2025/05/14 17:14:46
Table 'MR NLH 1/2' 7-max Seat #4 is the button
Seat 7: b72c9129 ($980.84 in chips)
Seat 2: 9a60fd58 ($564.87 in chips)
Seat 3: deec5a5 ($78.92 in chips)
Seat 4: 3f3f1f0a ($210.07 in chips)
Seat 6: Hero ($383.48 in chips)
Hero: posts small blind $1
b72c9129: posts big blind $2
*** HOLE CARDS ***
Dealt to b72c9129 
Dealt to 9a60fd58 
Dealt to deec5a5 
Dealt to 3f3f1f0a 
Dealt to Hero [7c Ad]
9a60fd58: folds
deec5a5: raises $5 to $7
3f3f1f0a: raises $17 to $24
Hero: folds
b72c9129: folds
deec5a5: calls $17
*** FLOP *** [2c 3h Tc]
deec5a5: checks
3f3f1f0a: bets $16.83
deec5a5: folds
Uncalled bet ($16.83) returned to 3f3f1f0a
*** SHOWDOWN ***
3f3f1f0a collected $51 from pot
*** SUMMARY ***
Total pot $51
Board [2c 3h Tc]
Seat 7: b72c9129(big blind) folded before Flop
Seat 2: 9a60fd58 folded before Flop (didn't bet)
Seat 3: deec5a5 folded on the Flop
Seat 4: 3f3f1f0awon ($51) with Pair of Aces
Seat 6: Hero(small blind) folded before Flop



Poker Hand #ring_877098299: NLH No Limit ($1/$2) - 2025/05/14 17:14:29
Table 'MR NLH 1/2' 7-max Seat #3 is the button
Seat 7: b72c9129 ($980.84 in chips)
Seat 2: 9a60fd58 ($564.87 in chips)
Seat 3: deec5a5 ($78.92 in chips)
Seat 4: 3f3f1f0a ($211.07 in chips)
Seat 6: Hero ($382.48 in chips)
3f3f1f0a: posts small blind $1
Hero: posts big blind $2
*** HOLE CARDS ***
Dealt to b72c9129 
Dealt to 9a60fd58 
Dealt to deec5a5 
Dealt to 3f3f1f0a 
Dealt to Hero [7c 6c]
b72c9129: folds
9a60fd58: folds
deec5a5: folds
3f3f1f0a: folds
*** SHOWDOWN ***
Hero collected $3 from pot
*** SUMMARY ***
Total pot $3
Seat 7: b72c9129 folded before Flop (didn't bet)
Seat 2: 9a60fd58 folded before Flop (didn't bet)
Seat 3: deec5a5 folded before Flop (didn't bet)
Seat 4: 3f3f1f0a(small blind) folded before Flop
Seat 6: Hero(big blind)won ($3)



Poker Hand #ring_877097019: NLH No Limit ($1/$2) - 2025/05/14 17:13:34
Table 'MR NLH 1/2' 7-max Seat #2 is the button
Seat 7: b72c9129 ($966.37 in chips)
Seat 2: 9a60fd58 ($571.87 in chips)
Seat 3: deec5a5 ($85.92 in chips)
Seat 4: 3f3f1f0a ($213.07 in chips)
Seat 6: Hero ($382.48 in chips)
deec5a5: posts small blind $1
3f3f1f0a: posts big blind $2
*** HOLE CARDS ***
Dealt to b72c9129 
Dealt to 9a60fd58 
Dealt to deec5a5 
Dealt to 3f3f1f0a 
Dealt to Hero [7d 5c]
Hero: folds
b72c9129: raises $5 to $7
9a60fd58: calls $7
deec5a5: calls $6
3f3f1f0a: folds
*** FLOP *** [3c 4s 3s]
deec5a5: checks
b72c9129: bets $11.5
9a60fd58: folds
deec5a5: folds
Uncalled bet ($11.5) returned to b72c9129
*** SHOWDOWN ***
b72c9129 collected $23 from pot
*** SUMMARY ***
Total pot $23
Board [3c 4s 3s]
Seat 7: b72c9129won ($23) with Pair of Treys
Seat 2: 9a60fd58 folded on the Flop
Seat 3: deec5a5(small blind) folded on the Flop
Seat 4: 3f3f1f0a(big blind) folded before Flop
Seat 6: Hero folded before Flop (didn't bet)



Poker Hand #ring_877096088: NLH No Limit ($1/$2) - 2025/05/14 17:12:54
Table 'MR NLH 1/2' 7-max Seat #7 is the button
Seat 7: b72c9129 ($966.37 in chips)
Seat 2: 9a60fd58 ($544.85 in chips)
Seat 3: deec5a5 ($116.16 in chips)
Seat 6: Hero ($382.48 in chips)
9a60fd58: posts small blind $1
deec5a5: posts big blind $2
*** HOLE CARDS ***
Dealt to b72c9129 
Dealt to 9a60fd58 
Dealt to deec5a5 
Dealt to Hero [Jd 9c]
Hero: folds
b72c9129: folds
9a60fd58: raises $4 to $6
deec5a5: calls $4
*** FLOP *** [5s 7s 3c]
9a60fd58: checks
deec5a5: bets $12
9a60fd58: calls $12
*** TURN *** [5s 7s 3c] [Jh]
9a60fd58: checks
deec5a5: checks
*** RIVER *** [5s 7s 3c Jh] [9s]
9a60fd58: bets $12.24
deec5a5: calls $12.24
9a60fd58: shows [9d 6c]
deec5a5: shows [As 3h]
*** SHOWDOWN ***
9a60fd58 collected $60.48 from pot
*** SUMMARY ***
Total pot $60.48
Board [5s 7s 3c Jh 9s]
Seat 7: b72c9129 folded before Flop (didn't bet)
Seat 2: 9a60fd58(small blind) showed [9d 6c] and won ($60.48) with Pair of Nines
Seat 3: deec5a5(big blind) showed [As 3h] and lost with Pair of Treys
Seat 6: Hero folded before Flop (didn't bet)



Poker Hand #ring_877095825: NLH No Limit ($1/$2) - 2025/05/14 17:12:42
Table 'MR NLH 1/2' 7-max Seat #6 is the button
Seat 7: b72c9129 ($967.37 in chips)
Seat 2: 9a60fd58 ($543.85 in chips)
Seat 6: Hero ($382.48 in chips)
b72c9129: posts small blind $1
9a60fd58: posts big blind $2
*** HOLE CARDS ***
Dealt to b72c9129 
Dealt to 9a60fd58 
Dealt to Hero [6c Th]
Hero: folds
b72c9129: folds
*** SHOWDOWN ***
9a60fd58 collected $3 from pot
*** SUMMARY ***
Total pot $3
Seat 7: b72c9129(small blind) folded before Flop
Seat 2: 9a60fd58(big blind)won ($3)
Seat 6: Hero folded before Flop (didn't bet)



Poker Hand #ring_877095467: NLH No Limit ($1/$2) - 2025/05/14 17:12:27
Table 'MR NLH 1/2' 7-max Seat #2 is the button
Seat 7: b72c9129 ($966.37 in chips)
Seat 2: 9a60fd58 ($543.85 in chips)
Seat 6: Hero ($383.48 in chips)
Hero: posts small blind $1
b72c9129: posts big blind $2
*** HOLE CARDS ***
Dealt to b72c9129 
Dealt to 9a60fd58 
Dealt to Hero [8d 3c]
9a60fd58: folds
Hero: folds
*** SHOWDOWN ***
b72c9129 collected $3 from pot
*** SUMMARY ***
Total pot $3
Seat 7: b72c9129(big blind)won ($3)
Seat 2: 9a60fd58 folded before Flop (didn't bet)
Seat 6: Hero(small blind) folded before Flop



Poker Hand #ring_877094679: NLH No Limit ($1/$2) - 2025/05/14 17:11:51
Table 'MR NLH 1/2' 7-max Seat #7 is the button
Seat 7: b72c9129 ($966.37 in chips)
Seat 2: 9a60fd58 ($541.85 in chips)
Seat 6: Hero ($385.48 in chips)
9a60fd58: posts small blind $1
Hero: posts big blind $2
*** HOLE CARDS ***
Dealt to b72c9129 
Dealt to 9a60fd58 
Dealt to Hero [7d Ts]
b72c9129: folds
9a60fd58: raises $4 to $6
Hero: folds
Uncalled bet ($4) returned to 9a60fd58
*** SHOWDOWN ***
9a60fd58 collected $4 from pot
*** SUMMARY ***
Total pot $4
Seat 7: b72c9129 folded before Flop (didn't bet)
Seat 2: 9a60fd58(small blind)won ($4)
Seat 6: Hero(big blind) folded before Flop



Poker Hand #ring_877094185: NLH No Limit ($1/$2) - 2025/05/14 17:11:30
Table 'MR NLH 1/2' 7-max Seat #6 is the button
Seat 7: b72c9129 ($967.37 in chips)
Seat 2: 9a60fd58 ($540.85 in chips)
Seat 6: Hero ($385.48 in chips)
b72c9129: posts small blind $1
9a60fd58: posts big blind $2
*** HOLE CARDS ***
Dealt to b72c9129 
Dealt to 9a60fd58 
Dealt to Hero [Kh 3d]
Hero: folds
b72c9129: folds
*** SHOWDOWN ***
9a60fd58 collected $3 from pot
*** SUMMARY ***
Total pot $3
Seat 7: b72c9129(small blind) folded before Flop
Seat 2: 9a60fd58(big blind)won ($3)
Seat 6: Hero folded before Flop (didn't bet)



Poker Hand #ring_877093814: NLH No Limit ($1/$2) - 2025/05/14 17:11:14
Table 'MR NLH 1/2' 7-max Seat #2 is the button
Seat 7: b72c9129 ($969.37 in chips)
Seat 2: 9a60fd58 ($537.85 in chips)
Seat 6: Hero ($386.48 in chips)
Hero: posts small blind $1
b72c9129: posts big blind $2
*** HOLE CARDS ***
Dealt to b72c9129 
Dealt to 9a60fd58 
Dealt to Hero [2c 3d]
9a60fd58: raises $3 to $5
Hero: folds
b72c9129: folds
Uncalled bet ($3) returned to 9a60fd58
*** SHOWDOWN ***
9a60fd58 collected $5 from pot
*** SUMMARY ***
Total pot $5
Seat 7: b72c9129(big blind) folded before Flop
Seat 2: 9a60fd58won ($5)
Seat 6: Hero(small blind) folded before Flop



Poker Hand #ring_877092841: NLH No Limit ($1/$2) - 2025/05/14 17:10:32
Table 'MR NLH 1/2' 7-max Seat #7 is the button
Seat 7: b72c9129 ($969.37 in chips)
Seat 2: 9a60fd58 ($543.85 in chips)
Seat 6: Hero ($381.02 in chips)
9a60fd58: posts small blind $1
Hero: posts big blind $2
*** HOLE CARDS ***
Dealt to b72c9129 
Dealt to 9a60fd58 
Dealt to Hero [Jh 8h]
b72c9129: folds
9a60fd58: raises $4 to $6
Hero: calls $4
*** FLOP *** [9c 8s Tc]
9a60fd58: checks
Hero: checks
*** TURN *** [9c 8s Tc] [Js]
9a60fd58: checks
Hero: checks
*** RIVER *** [9c 8s Tc Js] [Ah]
9a60fd58: checks
Hero: checks
9a60fd58: shows [5c 5s]
Hero: shows [Jh 8h]
*** SHOWDOWN ***
Hero collected $12 from pot
*** SUMMARY ***
Total pot $12
Board [9c 8s Tc Js Ah]
Seat 7: b72c9129 folded before Flop (didn't bet)
Seat 2: 9a60fd58(small blind) showed [5c 5s] and lost with Pair of Fives
Seat 6: Hero(big blind) showed [Jh 8h] and won ($12) with Pair of Jacks and Pair of Eights



Poker Hand #ring_877092214: NLH No Limit ($1/$2) - 2025/05/14 17:10:05
Table 'MR NLH 1/2' 7-max Seat #6 is the button
Seat 7: b72c9129 ($970.37 in chips)
Seat 2: 9a60fd58 ($542.85 in chips)
Seat 6: Hero ($381.02 in chips)
b72c9129: posts small blind $1
9a60fd58: posts big blind $2
*** HOLE CARDS ***
Dealt to b72c9129 
Dealt to 9a60fd58 
Dealt to Hero [3d 6c]
Hero: folds
b72c9129: folds
*** SHOWDOWN ***
9a60fd58 collected $3 from pot
*** SUMMARY ***
Total pot $3
Seat 7: b72c9129(small blind) folded before Flop
Seat 2: 9a60fd58(big blind)won ($3)
Seat 6: Hero folded before Flop (didn't bet)



Poker Hand #ring_877091089: NLH No Limit ($1/$2) - 2025/05/14 17:09:15
Table 'MR NLH 1/2' 7-max Seat #2 is the button
Seat 7: b72c9129 ($972.37 in chips)
Seat 2: 9a60fd58 ($513.45 in chips)
Seat 6: Hero ($411.22 in chips)
Hero: posts small blind $1
b72c9129: posts big blind $2
*** HOLE CARDS ***
Dealt to b72c9129 
Dealt to 9a60fd58 
Dealt to Hero [9s 9d]
9a60fd58: raises $3 to $5
Hero: raises $9.6 to $14.6
b72c9129: folds
9a60fd58: calls $9.6
*** FLOP *** [Ac 7c Th]
Hero: checks
9a60fd58: checks
*** TURN *** [Ac 7c Th] [5d]
Hero: bets $15.6
9a60fd58: calls $15.6
*** RIVER *** [Ac 7c Th 5d] [4c]
Hero: checks
9a60fd58: checks
9a60fd58: shows [Jd Ts]
Hero: shows [9s 9d]
*** SHOWDOWN ***
9a60fd58 collected $62.4 from pot
*** SUMMARY ***
Total pot $62.4
Board [Ac 7c Th 5d 4c]
Seat 7: b72c9129(big blind) folded before Flop
Seat 2: 9a60fd58 showed [Jd Ts] and won ($62.4) with Pair of Tens
Seat 6: Hero(small blind) showed [9s 9d] and lost with Pair of Nines



Poker Hand #ring_877090827: NLH No Limit ($1/$2) - 2025/05/14 17:09:04
Table 'MR NLH 1/2' 7-max Seat #7 is the button
Seat 7: b72c9129 ($972.37 in chips)
Seat 2: 9a60fd58 ($514.45 in chips)
Seat 6: Hero ($410.22 in chips)
9a60fd58: posts small blind $1
Hero: posts big blind $2
*** HOLE CARDS ***
Dealt to b72c9129 
Dealt to 9a60fd58 
Dealt to Hero [Qs 2h]
b72c9129: folds
9a60fd58: folds
*** SHOWDOWN ***
Hero collected $3 from pot
*** SUMMARY ***
Total pot $3
Seat 7: b72c9129 folded before Flop (didn't bet)
Seat 2: 9a60fd58(small blind) folded before Flop
Seat 6: Hero(big blind)won ($3)



Poker Hand #ring_877089991: NLH No Limit ($1/$2) - 2025/05/14 17:08:28
Table 'MR NLH 1/2' 7-max Seat #6 is the button
Seat 7: b72c9129 ($988.37 in chips)
Seat 2: 9a60fd58 ($499.89 in chips)
Seat 6: Hero ($410.22 in chips)
b72c9129: posts small blind $1
9a60fd58: posts big blind $2
*** HOLE CARDS ***
Dealt to b72c9129 
Dealt to 9a60fd58 
Dealt to Hero [4s Jd]
Hero: folds
b72c9129: raises $6 to $8
9a60fd58: calls $6
*** FLOP *** [9s 6d Qd]
b72c9129: bets $8
9a60fd58: raises $23.68 to $31.68
b72c9129: folds
Uncalled bet ($23.68) returned to 9a60fd58
*** SHOWDOWN ***
9a60fd58 collected $32 from pot
*** SUMMARY ***
Total pot $32
Board [9s 6d Qd]
Seat 7: b72c9129(small blind) folded on the Flop
Seat 2: 9a60fd58(big blind)won ($32) with Pair of Queens and Pair of Nines
Seat 6: Hero folded before Flop (didn't bet)



Poker Hand #ring_877088640: NLH No Limit ($1/$2) - 2025/05/14 17:07:29
Table 'MR NLH 1/2' 7-max Seat #0 is the button
Seat 7: b72c9129 ($990.37 in chips)
Seat 2: 9a60fd58 ($546.49 in chips)
Seat 6: Hero ($361.62 in chips)
Hero: posts small blind $1
b72c9129: posts big blind $2
*** HOLE CARDS ***
Dealt to b72c9129 
Dealt to 9a60fd58 
Dealt to Hero [As Kd]
9a60fd58: raises $4 to $6
Hero: raises $13 to $19
b72c9129: folds
9a60fd58: raises $27.6 to $46.6
Hero: raises $65.68 to $112.28
9a60fd58: folds
Uncalled bet ($65.68) returned to Hero
*** SHOWDOWN ***
Hero collected $95.2 from pot
*** SUMMARY ***
Total pot $95.2
Seat 7: b72c9129(big blind) folded before Flop
Seat 2: 9a60fd58 folded before Flop
Seat 6: Hero(small blind)won ($95.2)



Poker Hand #ring_877088143: NLH No Limit ($1/$2) - 2025/05/14 17:07:09
Table 'MR NLH 1/2' 7-max Seat #2 is the button
Seat 7: b72c9129 ($990.37 in chips)
Seat 2: 9a60fd58 ($544.49 in chips)
Seat 6: Hero ($363.62 in chips)
Hero: posts big blind $2
*** HOLE CARDS ***
Dealt to b72c9129 
Dealt to 9a60fd58 
Dealt to Hero [6d 7c]
b72c9129: folds
9a60fd58: raises $3 to $5
Hero: folds
Uncalled bet ($3) returned to 9a60fd58
*** SHOWDOWN ***
9a60fd58 collected $4 from pot
*** SUMMARY ***
Total pot $4
Seat 7: b72c9129 folded before Flop (didn't bet)
Seat 2: 9a60fd58won ($4)
Seat 6: Hero(big blind) folded before Flop



Poker Hand #ring_877086854: NLH No Limit ($1/$2) - 2025/05/14 17:06:13
Table 'MR NLH 1/2' 7-max Seat #7 is the button
Seat 5: d3441d5e ($108.08 in chips)
Seat 7: b72c9129 ($891.56 in chips)
Seat 2: 9a60fd58 ($545.49 in chips)
Seat 6: Hero ($363.62 in chips)
9a60fd58: posts small blind $1
d3441d5e: posts big blind $2
*** HOLE CARDS ***
Dealt to d3441d5e 
Dealt to b72c9129 
Dealt to 9a60fd58 
Dealt to Hero [Qd 8c]
Hero: folds
b72c9129: raises $5 to $7
9a60fd58: folds
d3441d5e: raises $7.5 to $14.5
b72c9129: calls $7.5
*** FLOP *** [6s 4d 4c]
d3441d5e: bets $15
b72c9129: raises $60 to $75
d3441d5e: raises $18.58 to $93.58 and is all-in
b72c9129: calls $18.58
d3441d5e: shows [6d Ad] (Pair of Sixes and Pair of Fours)
b72c9129: shows [7s 7c] (Pair of Sevens and Pair of Fours)
*** TURN *** [6s 4d 4c] [4s]
*** RIVER *** [6s 4d 4c 4s] [2s]
*** SHOWDOWN ***
b72c9129 collected $217.16 from pot
*** SUMMARY ***
Total pot $217.16
Board [6s 4d 4c 4s 2s]
Seat 5: d3441d5e(big blind) showed [6d Ad] and lost with Fours Full over Sixes
Seat 7: b72c9129 showed [7s 7c] and won ($217.16) with Fours Full over Sevens
Seat 2: 9a60fd58(small blind) folded before Flop
Seat 6: Hero folded before Flop (didn't bet)



Poker Hand #ring_877086197: NLH No Limit ($1/$2) - 2025/05/14 17:05:44
Table 'MR NLH 1/2' 7-max Seat #6 is the button
Seat 5: d3441d5e ($108.08 in chips)
Seat 7: b72c9129 ($892.56 in chips)
Seat 2: 9a60fd58 ($538.49 in chips)
Seat 6: Hero ($369.62 in chips)
b72c9129: posts small blind $1
9a60fd58: posts big blind $2
*** HOLE CARDS ***
Dealt to d3441d5e 
Dealt to b72c9129 
Dealt to 9a60fd58 
Dealt to Hero [Jd 7d]
d3441d5e: folds
Hero: raises $4 to $6
b72c9129: folds
9a60fd58: raises $20 to $26
Hero: folds
Uncalled bet ($20) returned to 9a60fd58
*** SHOWDOWN ***
9a60fd58 collected $13 from pot
*** SUMMARY ***
Total pot $13
Seat 5: d3441d5e folded before Flop (didn't bet)
Seat 7: b72c9129(small blind) folded before Flop
Seat 2: 9a60fd58(big blind)won ($13)
Seat 6: Hero folded before Flop



Poker Hand #ring_877085325: NLH No Limit ($1/$2) - 2025/05/14 17:05:07
Table 'MR NLH 1/2' 7-max Seat #5 is the button
Seat 5: d3441d5e ($101.66 in chips)
Seat 7: b72c9129 ($898.56 in chips)
Seat 2: 9a60fd58 ($538.49 in chips)
Seat 6: Hero ($370.62 in chips)
Hero: posts small blind $1
b72c9129: posts big blind $2
*** HOLE CARDS ***
Dealt to d3441d5e 
Dealt to b72c9129 
Dealt to 9a60fd58 
Dealt to Hero [3d Kc]
9a60fd58: folds
d3441d5e: raises $4 to $6
Hero: folds
b72c9129: calls $4
*** FLOP *** [4d As Qs]
b72c9129: checks
d3441d5e: bets $4.29
b72c9129: folds
Uncalled bet ($4.29) returned to d3441d5e
*** SHOWDOWN ***
d3441d5e collected $13 from pot
*** SUMMARY ***
Total pot $13
Board [4d As Qs]
Seat 5: d3441d5ewon ($13) with Ace-High
Seat 7: b72c9129(big blind) folded on the Flop
Seat 2: 9a60fd58 folded before Flop (didn't bet)
Seat 6: Hero(small blind) folded before Flop



Poker Hand #ring_877084959: NLH No Limit ($1/$2) - 2025/05/14 17:04:51
Table 'MR NLH 1/2' 7-max Seat #2 is the button
Seat 5: d3441d5e ($102.66 in chips)
Seat 7: b72c9129 ($898.56 in chips)
Seat 2: 9a60fd58 ($538.49 in chips)
Seat 6: Hero ($369.62 in chips)
d3441d5e: posts small blind $1
Hero: posts big blind $2
*** HOLE CARDS ***
Dealt to d3441d5e 
Dealt to b72c9129 
Dealt to 9a60fd58 
Dealt to Hero [Qc Ac]
b72c9129: folds
9a60fd58: folds
d3441d5e: folds
*** SHOWDOWN ***
Hero collected $3 from pot
*** SUMMARY ***
Total pot $3
Seat 5: d3441d5e(small blind) folded before Flop
Seat 7: b72c9129 folded before Flop (didn't bet)
Seat 2: 9a60fd58 folded before Flop (didn't bet)
Seat 6: Hero(big blind)won ($3)



Poker Hand #ring_877084531: NLH No Limit ($1/$2) - 2025/05/14 17:04:32
Table 'MR NLH 1/2' 7-max Seat #7 is the button
Seat 5: d3441d5e ($101.66 in chips)
Seat 7: b72c9129 ($898.56 in chips)
Seat 2: 9a60fd58 ($539.49 in chips)
Seat 6: Hero ($369.62 in chips)
9a60fd58: posts small blind $1
d3441d5e: posts big blind $2
*** HOLE CARDS ***
Dealt to d3441d5e 
Dealt to b72c9129 
Dealt to 9a60fd58 
Dealt to Hero [As 7c]
Hero: folds
b72c9129: folds
9a60fd58: folds
*** SHOWDOWN ***
d3441d5e collected $3 from pot
*** SUMMARY ***
Total pot $3
Seat 5: d3441d5e(big blind)won ($3)
Seat 7: b72c9129 folded before Flop (didn't bet)
Seat 2: 9a60fd58(small blind) folded before Flop
Seat 6: Hero folded before Flop (didn't bet)



Poker Hand #ring_877083342: NLH No Limit ($1/$2) - 2025/05/14 17:03:41
Table 'MR NLH 1/2' 7-max Seat #6 is the button
Seat 5: d3441d5e ($108.66 in chips)
Seat 7: b72c9129 ($905.56 in chips)
Seat 2: 9a60fd58 ($541.49 in chips)
Seat 6: Hero ($355.15 in chips)
b72c9129: posts small blind $1
9a60fd58: posts big blind $2
*** HOLE CARDS ***
Dealt to d3441d5e 
Dealt to b72c9129 
Dealt to 9a60fd58 
Dealt to Hero [Ad Jh]
d3441d5e: calls $2
Hero: raises $5 to $7
b72c9129: calls $6
9a60fd58: folds
d3441d5e: calls $5
*** FLOP *** [Js 3d Ah]
b72c9129: checks
d3441d5e: checks
Hero: bets $11.5
b72c9129: folds
d3441d5e: folds
Uncalled bet ($11.5) returned to Hero
*** SHOWDOWN ***
Hero collected $23 from pot
*** SUMMARY ***
Total pot $23
Board [Js 3d Ah]
Seat 5: d3441d5e folded on the Flop
Seat 7: b72c9129(small blind) folded on the Flop
Seat 2: 9a60fd58(big blind) folded before Flop
Seat 6: Herowon ($23) with Pair of Aces and Pair of Jacks



Poker Hand #ring_877082730: NLH No Limit ($1/$2) - 2025/05/14 17:03:12
Table 'MR NLH 1/2' 7-max Seat #5 is the button
Seat 5: d3441d5e ($108.66 in chips)
Seat 7: b72c9129 ($907.56 in chips)
Seat 2: 9a60fd58 ($541.49 in chips)
Seat 6: Hero ($353.15 in chips)
Hero: posts small blind $1
b72c9129: posts big blind $2
*** HOLE CARDS ***
Dealt to d3441d5e 
Dealt to b72c9129 
Dealt to 9a60fd58 
Dealt to Hero [Jc Jd]
9a60fd58: folds
d3441d5e: folds
Hero: raises $4 to $6
b72c9129: folds
Uncalled bet ($4) returned to Hero
*** SHOWDOWN ***
Hero collected $4 from pot
*** SUMMARY ***
Total pot $4
Seat 5: d3441d5e folded before Flop (didn't bet)
Seat 7: b72c9129(big blind) folded before Flop
Seat 2: 9a60fd58 folded before Flop (didn't bet)
Seat 6: Hero(small blind)won ($4)



Poker Hand #ring_877082128: NLH No Limit ($1/$2) - 2025/05/14 17:02:47
Table 'MR NLH 1/2' 7-max Seat #2 is the button
Seat 5: d3441d5e ($103.2 in chips)
Seat 7: b72c9129 ($907.56 in chips)
Seat 2: 9a60fd58 ($541.49 in chips)
Seat 6: Hero ($359.15 in chips)
d3441d5e: posts small blind $1
Hero: posts big blind $2
*** HOLE CARDS ***
Dealt to d3441d5e 
Dealt to b72c9129 
Dealt to 9a60fd58 
Dealt to Hero [Kd Ts]
b72c9129: folds
9a60fd58: folds
d3441d5e: raises $4 to $6
Hero: calls $4
*** FLOP *** [2h 7h 8h]
d3441d5e: bets $6
Hero: folds
Uncalled bet ($6) returned to d3441d5e
*** SHOWDOWN ***
d3441d5e collected $12 from pot
*** SUMMARY ***
Total pot $12
Board [2h 7h 8h]
Seat 5: d3441d5e(small blind)won ($12) with King-High
Seat 7: b72c9129 folded before Flop (didn't bet)
Seat 2: 9a60fd58 folded before Flop (didn't bet)
Seat 6: Hero(big blind) folded on the Flop



Poker Hand #ring_877081481: NLH No Limit ($1/$2) - 2025/05/14 17:02:17
Table 'MR NLH 1/2' 7-max Seat #7 is the button
Seat 5: d3441d5e ($105.2 in chips)
Seat 7: b72c9129 ($904.56 in chips)
Seat 2: 9a60fd58 ($542.49 in chips)
Seat 6: Hero ($359.15 in chips)
9a60fd58: posts small blind $1
d3441d5e: posts big blind $2
*** HOLE CARDS ***
Dealt to d3441d5e 
Dealt to b72c9129 
Dealt to 9a60fd58 
Dealt to Hero [5d 8d]
Hero: folds
b72c9129: raises $3 to $5
9a60fd58: folds
d3441d5e: folds
Uncalled bet ($3) returned to b72c9129
*** SHOWDOWN ***
b72c9129 collected $5 from pot
*** SUMMARY ***
Total pot $5
Seat 5: d3441d5e(big blind) folded before Flop
Seat 7: b72c9129won ($5)
Seat 2: 9a60fd58(small blind) folded before Flop
Seat 6: Hero folded before Flop (didn't bet)



Poker Hand #ring_877080999: NLH No Limit ($1/$2) - 2025/05/14 17:01:56
Table 'MR NLH 1/2' 7-max Seat #6 is the button
Seat 5: d3441d5e ($105.2 in chips)
Seat 7: b72c9129 ($905.56 in chips)
Seat 2: 9a60fd58 ($541.49 in chips)
Seat 3: fe60cbd1 ($213.07 in chips)
Seat 6: Hero ($359.15 in chips)
b72c9129: posts small blind $1
9a60fd58: posts big blind $2
*** HOLE CARDS ***
Dealt to d3441d5e 
Dealt to b72c9129 
Dealt to 9a60fd58 
Dealt to fe60cbd1 
Dealt to Hero [9h Qs]
fe60cbd1: folds
d3441d5e: folds
Hero: folds
b72c9129: folds
*** SHOWDOWN ***
9a60fd58 collected $3 from pot
*** SUMMARY ***
Total pot $3
Seat 5: d3441d5e folded before Flop (didn't bet)
Seat 7: b72c9129(small blind) folded before Flop
Seat 2: 9a60fd58(big blind)won ($3)
Seat 3: fe60cbd1 folded before Flop (didn't bet)
Seat 6: Hero folded before Flop (didn't bet)



Poker Hand #ring_877079654: NLH No Limit ($1/$2) - 2025/05/14 17:00:55
Table 'MR NLH 1/2' 7-max Seat #5 is the button
Seat 5: d3441d5e ($117.47 in chips)
Seat 7: b72c9129 ($911.56 in chips)
Seat 2: 9a60fd58 ($524.13 in chips)
Seat 3: fe60cbd1 ($213.07 in chips)
Seat 6: Hero ($360.15 in chips)
Hero: posts small blind $1
b72c9129: posts big blind $2
*** HOLE CARDS ***
Dealt to d3441d5e 
Dealt to b72c9129 
Dealt to 9a60fd58 
Dealt to fe60cbd1 
Dealt to Hero [2d Jh]
9a60fd58: raises $4 to $6
fe60cbd1: folds
d3441d5e: calls $6
Hero: folds
b72c9129: calls $4
*** FLOP *** [7d 5s 5d]
b72c9129: checks
9a60fd58: checks
d3441d5e: bets $6.27
b72c9129: folds
9a60fd58: calls $6.27
*** TURN *** [7d 5s 5d] [6s]
9a60fd58: checks
d3441d5e: checks
*** RIVER *** [7d 5s 5d 6s] [Ac]
9a60fd58: checks
d3441d5e: checks
9a60fd58: shows [8h Ah]
d3441d5e: shows [7h Kh]
*** SHOWDOWN ***
9a60fd58 collected $31.54 from pot
*** SUMMARY ***
Total pot $31.54
Board [7d 5s 5d 6s Ac]
Seat 5: d3441d5e showed [7h Kh] and lost with Pair of Sevens and Pair of Fives
Seat 7: b72c9129(big blind) folded on the Flop
Seat 2: 9a60fd58 showed [8h Ah] and won ($31.54) with Pair of Aces and Pair of Fives
Seat 3: fe60cbd1 folded before Flop (didn't bet)
Seat 6: Hero(small blind) folded before Flop



Poker Hand #ring_877078680: NLH No Limit ($1/$2) - 2025/05/14 17:00:11
Table 'MR NLH 1/2' 7-max Seat #3 is the button
Seat 5: d3441d5e ($118.47 in chips)
Seat 7: b72c9129 ($918.56 in chips)
Seat 2: 9a60fd58 ($524.13 in chips)
Seat 3: fe60cbd1 ($213.07 in chips)
Seat 1: a62edaae ($68.63 in chips)
Seat 6: Hero ($290.55 in chips)
d3441d5e: posts small blind $1
Hero: posts big blind $2
*** HOLE CARDS ***
Dealt to d3441d5e 
Dealt to b72c9129 
Dealt to 9a60fd58 
Dealt to fe60cbd1 
Dealt to a62edaae 
Dealt to Hero [Kd Ac]
b72c9129: raises $5 to $7
a62edaae: raises $61.63 to $68.63 and is all-in
9a60fd58: folds
fe60cbd1: folds
d3441d5e: folds
Hero: calls $66.63
b72c9129: folds
a62edaae: shows [2h 7h]
Hero: shows [Kd Ac]
*** FLOP *** [Td Ad 9c]
*** TURN *** [Td Ad 9c] [Jc]
*** RIVER *** [Td Ad 9c Jc] [3c]
*** SHOWDOWN ***
Hero collected $145.26 from pot
*** SUMMARY ***
Total pot $145.26
Board [Td Ad 9c Jc 3c]
Seat 5: d3441d5e(small blind) folded before Flop
Seat 7: b72c9129 folded before Flop
Seat 2: 9a60fd58 folded before Flop (didn't bet)
Seat 3: fe60cbd1 folded before Flop (didn't bet)
Seat 1: a62edaae showed [2h 7h] and lost with Ace-High
Seat 6: Hero(big blind) showed [Kd Ac] and won ($145.26) with Pair of Aces



Poker Hand #ring_877077389: NLH No Limit ($1/$2) - 2025/05/14 16:59:14
Table 'MR NLH 1/2' 7-max Seat #2 is the button
Seat 5: d3441d5e ($128.43 in chips)
Seat 7: b72c9129 ($918.56 in chips)
Seat 2: 9a60fd58 ($524.13 in chips)
Seat 3: fe60cbd1 ($204 in chips)
Seat 1: a62edaae ($68.63 in chips)
Seat 6: Hero ($290.55 in chips)
fe60cbd1: posts small blind $1
d3441d5e: posts big blind $2
*** HOLE CARDS ***
Dealt to d3441d5e 
Dealt to b72c9129 
Dealt to 9a60fd58 
Dealt to fe60cbd1 
Dealt to a62edaae 
Dealt to Hero [Jd Ts]
Hero: folds
b72c9129: folds
a62edaae: folds
9a60fd58: folds
fe60cbd1: raises $4 to $6
d3441d5e: calls $4
*** FLOP *** [5h As 7c]
fe60cbd1: checks
d3441d5e: checks
*** TURN *** [5h As 7c] [8h]
fe60cbd1: checks
d3441d5e: bets $3.96
fe60cbd1: raises $19.92 to $23.88
d3441d5e: folds
Uncalled bet ($19.92) returned to fe60cbd1
*** SHOWDOWN ***
fe60cbd1 collected $19.92 from pot
*** SUMMARY ***
Total pot $19.92
Board [5h As 7c 8h]
Seat 5: d3441d5e(big blind) folded on the Turn
Seat 7: b72c9129 folded before Flop (didn't bet)
Seat 2: 9a60fd58 folded before Flop (didn't bet)
Seat 3: fe60cbd1(small blind)won ($19.92) with Ace-High
Seat 1: a62edaae folded before Flop (didn't bet)
Seat 6: Hero folded before Flop (didn't bet)



Poker Hand #ring_877076184: NLH No Limit ($1/$2) - 2025/05/14 16:58:20
Table 'MR NLH 1/2' 7-max Seat #1 is the button
Seat 5: d3441d5e ($128.43 in chips)
Seat 7: b72c9129 ($918.56 in chips)
Seat 2: 9a60fd58 ($525.13 in chips)
Seat 3: fe60cbd1 ($200 in chips)
Seat 1: a62edaae ($164.63 in chips)
Seat 6: Hero ($200.82 in chips)
9a60fd58: posts small blind $1
fe60cbd1: posts big blind $2
*** HOLE CARDS ***
Dealt to d3441d5e 
Dealt to b72c9129 
Dealt to 9a60fd58 
Dealt to fe60cbd1 
Dealt to a62edaae 
Dealt to Hero [Kh Kd]
d3441d5e: folds
Hero: raises $4 to $6
b72c9129: folds
a62edaae: raises $11.25 to $17.25
9a60fd58: folds
fe60cbd1: folds
Hero: raises $30 to $47.25
a62edaae: calls $30
*** FLOP *** [2d 7c 9s]
Hero: checks
a62edaae: checks
*** TURN *** [2d 7c 9s] [2h]
Hero: bets $48.75
a62edaae: calls $48.75
*** RIVER *** [2d 7c 9s 2h] [8h]
Hero: bets $104.82 and is all-in
a62edaae: folds
Uncalled bet ($104.82) returned to Hero
fe60cbd1: shows [7d 7s]
*** SHOWDOWN ***
Hero collected $195 from pot
*** SUMMARY ***
Total pot $195
Board [2d 7c 9s 2h 8h]
Seat 5: d3441d5e folded before Flop (didn't bet)
Seat 7: b72c9129 folded before Flop (didn't bet)
Seat 2: 9a60fd58(small blind) folded before Flop
Seat 3: fe60cbd1(big blind) folded before Flop
Seat 1: a62edaae folded on the River
Seat 6: Herowon ($195) with Pair of Kings and Pair of Twos



Poker Hand #ring_877075382: NLH No Limit ($1/$2) - 2025/05/14 16:57:43
Table 'MR NLH 1/2' 7-max Seat #7 is the button
Seat 5: d3441d5e ($128.43 in chips)
Seat 7: b72c9129 ($941.56 in chips)
Seat 2: 9a60fd58 ($527.13 in chips)
Seat 1: a62edaae ($142.29 in chips)
Seat 6: Hero ($200.82 in chips)
a62edaae: posts small blind $1
9a60fd58: posts big blind $2
*** HOLE CARDS ***
Dealt to d3441d5e 
Dealt to b72c9129 
Dealt to 9a60fd58 
Dealt to a62edaae 
Dealt to Hero [8s 5h]
d3441d5e: folds
Hero: folds
b72c9129: raises $5 to $7
a62edaae: raises $16 to $23
9a60fd58: folds
b72c9129: calls $16
*** FLOP *** [Qd 4d 3c]
a62edaae: bets $48
b72c9129: folds
Uncalled bet ($48) returned to a62edaae
*** SHOWDOWN ***
a62edaae collected $48 from pot
*** SUMMARY ***
Total pot $48
Board [Qd 4d 3c]
Seat 5: d3441d5e folded before Flop (didn't bet)
Seat 7: b72c9129 folded on the Flop
Seat 2: 9a60fd58(big blind) folded before Flop
Seat 1: a62edaae(small blind)won ($48) with Pair of Queens
Seat 6: Hero folded before Flop (didn't bet)



Poker Hand #ring_877073489: NLH No Limit ($1/$2) - 2025/05/14 16:56:21
Table 'MR NLH 1/2' 7-max Seat #6 is the button
Seat 5: d3441d5e ($128.43 in chips)
Seat 3: c280bc7 ($826 in chips)
Seat 7: b72c9129 ($487.22 in chips)
Seat 2: 9a60fd58 ($533.13 in chips)
Seat 4: eff3d240 ($272.45 in chips)
Seat 1: a62edaae ($629.51 in chips)
Seat 6: Hero ($200.82 in chips)
b72c9129: posts small blind $1
a62edaae: posts big blind $2
*** HOLE CARDS ***
Dealt to d3441d5e 
Dealt to c280bc7 
Dealt to b72c9129 
Dealt to 9a60fd58 
Dealt to eff3d240 
Dealt to a62edaae 
Dealt to Hero [Th Ks]
9a60fd58: raises $4 to $6
c280bc7: folds
eff3d240: calls $6
d3441d5e: folds
Hero: folds
b72c9129: raises $20 to $26
a62edaae: calls $24
9a60fd58: folds
eff3d240: folds
*** FLOP *** [Kh 9c 8d]
b72c9129: bets $21.12
a62edaae: raises $79.68 to $100.8
b72c9129: raises $360.42 to $461.22 and is all-in
a62edaae: calls $360.42
a62edaae: shows [Kd Ad] (Pair of Kings)
b72c9129: shows [8s 8h] (Three Eights)
*** TURN *** [Kh 9c 8d] [Js]
*** RIVER *** [Kh 9c 8d Js] [Tc]
*** SHOWDOWN ***
b72c9129 collected $986.44 from pot
*** SUMMARY ***
Total pot $986.44
Board [Kh 9c 8d Js Tc]
Seat 5: d3441d5e folded before Flop (didn't bet)
Seat 3: c280bc7 folded before Flop (didn't bet)
Seat 7: b72c9129(small blind) showed [8s 8h] and won ($986.44) with Three Eights
Seat 2: 9a60fd58 folded before Flop
Seat 4: eff3d240 folded before Flop
Seat 1: a62edaae(big blind) showed [Kd Ad] and lost with Pair of Kings
Seat 6: Hero folded before Flop (didn't bet)



Poker Hand #ring_877072821: NLH No Limit ($1/$2) - 2025/05/14 16:55:51
Table 'MR NLH 1/2' 7-max Seat #5 is the button
Seat 5: d3441d5e ($128.43 in chips)
Seat 3: c280bc7 ($826 in chips)
Seat 7: b72c9129 ($486.22 in chips)
Seat 2: 9a60fd58 ($533.13 in chips)
Seat 4: eff3d240 ($272.45 in chips)
Seat 1: a62edaae ($629.51 in chips)
Seat 6: Hero ($201.82 in chips)
Hero: posts small blind $1
b72c9129: posts big blind $2
*** HOLE CARDS ***
Dealt to d3441d5e 
Dealt to c280bc7 
Dealt to b72c9129 
Dealt to 9a60fd58 
Dealt to eff3d240 
Dealt to a62edaae 
Dealt to Hero [3d 2s]
a62edaae: folds
9a60fd58: folds
c280bc7: folds
eff3d240: folds
d3441d5e: folds
Hero: folds
*** SHOWDOWN ***
b72c9129 collected $3 from pot
*** SUMMARY ***
Total pot $3
Seat 5: d3441d5e folded before Flop (didn't bet)
Seat 3: c280bc7 folded before Flop (didn't bet)
Seat 7: b72c9129(big blind)won ($3)
Seat 2: 9a60fd58 folded before Flop (didn't bet)
Seat 4: eff3d240 folded before Flop (didn't bet)
Seat 1: a62edaae folded before Flop (didn't bet)
Seat 6: Hero(small blind) folded before Flop



Poker Hand #ring_877071798: NLH No Limit ($1/$2) - 2025/05/14 16:55:07
Table 'MR NLH 1/2' 7-max Seat #4 is the button
Seat 5: d3441d5e ($130.43 in chips)
Seat 3: c280bc7 ($826 in chips)
Seat 7: b72c9129 ($486.22 in chips)
Seat 2: 9a60fd58 ($533.13 in chips)
Seat 4: eff3d240 ($272.45 in chips)
Seat 1: a62edaae ($629.51 in chips)
Seat 6: Hero ($200 in chips)
d3441d5e: posts small blind $1
Hero: posts big blind $2
*** HOLE CARDS ***
Dealt to d3441d5e 
Dealt to c280bc7 
Dealt to b72c9129 
Dealt to 9a60fd58 
Dealt to eff3d240 
Dealt to a62edaae 
Dealt to Hero [Js 6d]
b72c9129: folds
a62edaae: folds
9a60fd58: folds
c280bc7: folds
eff3d240: folds
d3441d5e: calls $1
Hero: checks
*** FLOP *** [5c 6c 3d]
d3441d5e: checks
Hero: bets $3.2
d3441d5e: folds
Uncalled bet ($3.2) returned to Hero
*** SHOWDOWN ***
Hero collected $4 from pot
*** SUMMARY ***
Total pot $4
Board [5c 6c 3d]
Seat 5: d3441d5e(small blind) folded on the Flop
Seat 3: c280bc7 folded before Flop (didn't bet)
Seat 7: b72c9129 folded before Flop (didn't bet)
Seat 2: 9a60fd58 folded before Flop (didn't bet)
Seat 4: eff3d240 folded before Flop (didn't bet)
Seat 1: a62edaae folded before Flop (didn't bet)
Seat 6: Hero(big blind)won ($4) with Pair of Sixes



