Poker Hand #ring_899577361: NLH No Limit ($2/$4) - 2025/05/26 13:21:39
Table 'MR NLH 2/4' 7-max Seat #3 is the button
Seat 4: e29f0e36 ($366.56 in chips)
Seat 3: Hero ($627.01 in chips)
Hero: posts small blind $2
e29f0e36: posts big blind $4
*** HOLE CARDS ***
Dealt to e29f0e36 
Dealt to Hero [Td 7h]
Hero: calls $2
e29f0e36: checks
*** FLOP *** [4c 8h Js]
e29f0e36: checks
Hero: checks
*** TURN *** [4c 8h Js] [8c]
e29f0e36: checks
Hero: checks
*** RIVER *** [4c 8h Js 8c] [4s]
e29f0e36: checks
Hero: checks
Hero: shows [Td 7h]
e29f0e36: shows [2h 9s]
*** SHOWDOWN ***
Hero collected $4 from pot
e29f0e36 collected $4 from pot
*** SUMMARY ***
Total pot $8
Board [4c 8h Js 8c 4s]
Seat 4: e29f0e36(big blind) showed [2h 9s] and won ($4) with Pair of Eights and Pair of Fours
Seat 3: Hero(small blind) showed [Td 7h] and won ($4) with Pair of Eights and Pair of Fours



Poker Hand #ring_899577114: NLH No Limit ($2/$4) - 2025/05/26 13:21:25
Table 'MR NLH 2/4' 7-max Seat #4 is the button
Seat 4: e29f0e36 ($368.56 in chips)
Seat 3: Hero ($625.01 in chips)
e29f0e36: posts small blind $2
Hero: posts big blind $4
*** HOLE CARDS ***
Dealt to e29f0e36 
Dealt to Hero [Jd 8h]
e29f0e36: folds
*** SHOWDOWN ***
Hero collected $6 from pot
*** SUMMARY ***
Total pot $6
Seat 4: e29f0e36(small blind) folded before Flop
Seat 3: Hero(big blind)won ($6)



Poker Hand #ring_899576676: NLH No Limit ($2/$4) - 2025/05/26 13:21:00
Table 'MR NLH 2/4' 7-max Seat #3 is the button
Seat 4: e29f0e36 ($378.56 in chips)
Seat 3: Hero ($615.46 in chips)
Hero: posts small blind $2
e29f0e36: posts big blind $4
*** HOLE CARDS ***
Dealt to e29f0e36 
Dealt to Hero [Kc Ah]
Hero: raises $6 to $10
e29f0e36: calls $6
*** FLOP *** [8c Ad Qh]
e29f0e36: checks
Hero: bets $10
e29f0e36: folds
Uncalled bet ($10) returned to Hero
*** SHOWDOWN ***
Hero collected $20 from pot
*** SUMMARY ***
Total pot $20
Board [8c Ad Qh]
Seat 4: e29f0e36(big blind) folded on the Flop
Seat 3: Hero(small blind)won ($20) with Pair of Aces



Poker Hand #ring_899576464: NLH No Limit ($2/$4) - 2025/05/26 13:20:48
Table 'MR NLH 2/4' 7-max Seat #4 is the button
Seat 4: e29f0e36 ($380.56 in chips)
Seat 3: Hero ($613.46 in chips)
e29f0e36: posts small blind $2
Hero: posts big blind $4
*** HOLE CARDS ***
Dealt to e29f0e36 
Dealt to Hero [Kc Jd]
e29f0e36: folds
*** SHOWDOWN ***
Hero collected $6 from pot
*** SUMMARY ***
Total pot $6
Seat 4: e29f0e36(small blind) folded before Flop
Seat 3: Hero(big blind)won ($6)



Poker Hand #ring_899576279: NLH No Limit ($2/$4) - 2025/05/26 13:20:37
Table 'MR NLH 2/4' 7-max Seat #3 is the button
Seat 4: e29f0e36 ($378.56 in chips)
Seat 3: Hero ($615.46 in chips)
Hero: posts small blind $2
e29f0e36: posts big blind $4
*** HOLE CARDS ***
Dealt to e29f0e36 
Dealt to Hero [Qd 3h]
Hero: folds
*** SHOWDOWN ***
e29f0e36 collected $6 from pot
*** SUMMARY ***
Total pot $6
Seat 4: e29f0e36(big blind)won ($6)
Seat 3: Hero(small blind) folded before Flop



Poker Hand #ring_899575851: NLH No Limit ($2/$4) - 2025/05/26 13:20:11
Table 'MR NLH 2/4' 7-max Seat #4 is the button
Seat 4: e29f0e36 ($367.1 in chips)
Seat 3: Hero ($627.46 in chips)
e29f0e36: posts small blind $2
Hero: posts big blind $4
*** HOLE CARDS ***
Dealt to e29f0e36 
Dealt to Hero [2s 9s]
e29f0e36: calls $2
Hero: checks
*** FLOP *** [5h 8h 6d]
Hero: checks
e29f0e36: bets $8
Hero: calls $8
*** TURN *** [5h 8h 6d] [4c]
Hero: checks
e29f0e36: bets $24
Hero: folds
Uncalled bet ($24) returned to e29f0e36
*** SHOWDOWN ***
e29f0e36 collected $24 from pot
*** SUMMARY ***
Total pot $24
Board [5h 8h 6d 4c]
Seat 4: e29f0e36(small blind)won ($24) with Eights-High Straight
Seat 3: Hero(big blind) folded on the Turn



Poker Hand #ring_899575366: NLH No Limit ($2/$4) - 2025/05/26 13:19:44
Table 'MR NLH 2/4' 7-max Seat #3 is the button
Seat 4: e29f0e36 ($338.45 in chips)
Seat 3: Hero ($657.46 in chips)
Hero: posts small blind $2
e29f0e36: posts big blind $4
*** HOLE CARDS ***
Dealt to e29f0e36 
Dealt to Hero [Th Jd]
Hero: raises $6 to $10
e29f0e36: raises $20 to $30
Hero: calls $20
*** FLOP *** [6s 6c 3h]
e29f0e36: bets $30
Hero: folds
Uncalled bet ($30) returned to e29f0e36
*** SHOWDOWN ***
e29f0e36 collected $60 from pot
*** SUMMARY ***
Total pot $60
Board [6s 6c 3h]
Seat 4: e29f0e36(big blind)won ($60) with Pair of Eights and Pair of Sixes
Seat 3: Hero(small blind) folded on the Flop



Poker Hand #ring_899575155: NLH No Limit ($2/$4) - 2025/05/26 13:19:32
Table 'MR NLH 2/4' 7-max Seat #4 is the button
Seat 4: e29f0e36 ($334.45 in chips)
Seat 3: Hero ($661.46 in chips)
e29f0e36: posts small blind $2
Hero: posts big blind $4
*** HOLE CARDS ***
Dealt to e29f0e36 
Dealt to Hero [2c Qd]
e29f0e36: raises $8 to $12
Hero: folds
Uncalled bet ($8) returned to e29f0e36
*** SHOWDOWN ***
e29f0e36 collected $8 from pot
*** SUMMARY ***
Total pot $8
Seat 4: e29f0e36(small blind)won ($8)
Seat 3: Hero(big blind) folded before Flop



Poker Hand #ring_899573756: NLH No Limit ($2/$4) - 2025/05/26 13:18:09
Table 'MR NLH 2/4' 7-max Seat #3 is the button
Seat 4: e29f0e36 ($534.45 in chips)
Seat 3: Hero ($470.46 in chips)
Hero: posts small blind $2
e29f0e36: posts big blind $4
*** HOLE CARDS ***
Dealt to e29f0e36 
Dealt to Hero [Th Tc]
Hero: calls $2
e29f0e36: checks
*** FLOP *** [9d 7h Qh]
e29f0e36: checks
Hero: bets $4
e29f0e36: raises $8 to $12
Hero: calls $8
*** TURN *** [9d 7h Qh] [Qd]
e29f0e36: bets $24
Hero: calls $24
*** RIVER *** [9d 7h Qh Qd] [3c]
e29f0e36: checks
Hero: bets $40
e29f0e36: raises $120 to $160
Hero: calls $120
Hero: shows [Th Tc]
e29f0e36: shows [5c 6d]
*** SHOWDOWN ***
Hero collected $400 from pot
*** SUMMARY ***
Total pot $400
Board [9d 7h Qh Qd 3c]
Seat 4: e29f0e36(big blind) showed [5c 6d] and lost with Pair of Queens
Seat 3: Hero(small blind) showed [Th Tc] and won ($400) with Pair of Queens and Pair of Tens



Poker Hand #ring_899573515: NLH No Limit ($2/$4) - 2025/05/26 13:17:55
Table 'MR NLH 2/4' 7-max Seat #4 is the button
Seat 4: e29f0e36 ($536.45 in chips)
Seat 3: Hero ($468.46 in chips)
e29f0e36: posts small blind $2
Hero: posts big blind $4
*** HOLE CARDS ***
Dealt to e29f0e36 
Dealt to Hero [7h 6h]
e29f0e36: folds
*** SHOWDOWN ***
Hero collected $6 from pot
*** SUMMARY ***
Total pot $6
Seat 4: e29f0e36(small blind) folded before Flop
Seat 3: Hero(big blind)won ($6)



Poker Hand #ring_899573352: NLH No Limit ($2/$4) - 2025/05/26 13:17:45
Table 'MR NLH 2/4' 7-max Seat #3 is the button
Seat 4: e29f0e36 ($534.45 in chips)
Seat 3: Hero ($470.46 in chips)
Hero: posts small blind $2
e29f0e36: posts big blind $4
*** HOLE CARDS ***
Dealt to e29f0e36 
Dealt to Hero [2h 4c]
Hero: folds
*** SHOWDOWN ***
e29f0e36 collected $6 from pot
*** SUMMARY ***
Total pot $6
Seat 4: e29f0e36(big blind)won ($6)
Seat 3: Hero(small blind) folded before Flop



Poker Hand #ring_899573142: NLH No Limit ($2/$4) - 2025/05/26 13:17:32
Table 'MR NLH 2/4' 7-max Seat #4 is the button
Seat 4: e29f0e36 ($536.45 in chips)
Seat 3: Hero ($468.46 in chips)
e29f0e36: posts small blind $2
Hero: posts big blind $4
*** HOLE CARDS ***
Dealt to e29f0e36 
Dealt to Hero [4c 7h]
e29f0e36: folds
*** SHOWDOWN ***
Hero collected $6 from pot
*** SUMMARY ***
Total pot $6
Seat 4: e29f0e36(small blind) folded before Flop
Seat 3: Hero(big blind)won ($6)



Poker Hand #ring_899572971: NLH No Limit ($2/$4) - 2025/05/26 13:17:22
Table 'MR NLH 2/4' 7-max Seat #3 is the button
Seat 4: e29f0e36 ($534.45 in chips)
Seat 3: Hero ($470.46 in chips)
Hero: posts small blind $2
e29f0e36: posts big blind $4
*** HOLE CARDS ***
Dealt to e29f0e36 
Dealt to Hero [7h 3c]
Hero: folds
*** SHOWDOWN ***
e29f0e36 collected $6 from pot
*** SUMMARY ***
Total pot $6
Seat 4: e29f0e36(big blind)won ($6)
Seat 3: Hero(small blind) folded before Flop



Poker Hand #ring_899572799: NLH No Limit ($2/$4) - 2025/05/26 13:17:12
Table 'MR NLH 2/4' 7-max Seat #4 is the button
Seat 4: e29f0e36 ($536.45 in chips)
Seat 3: Hero ($468.46 in chips)
e29f0e36: posts small blind $2
Hero: posts big blind $4
*** HOLE CARDS ***
Dealt to e29f0e36 
Dealt to Hero [5d 9h]
e29f0e36: folds
*** SHOWDOWN ***
Hero collected $6 from pot
*** SUMMARY ***
Total pot $6
Seat 4: e29f0e36(small blind) folded before Flop
Seat 3: Hero(big blind)won ($6)



Poker Hand #ring_899572324: NLH No Limit ($2/$4) - 2025/05/26 13:16:44
Table 'MR NLH 2/4' 7-max Seat #3 is the button
Seat 4: e29f0e36 ($513.53 in chips)
Seat 3: Hero ($492.46 in chips)
Hero: posts small blind $2
e29f0e36: posts big blind $4
*** HOLE CARDS ***
Dealt to e29f0e36 
Dealt to Hero [Ah 2d]
Hero: calls $2
e29f0e36: raises $8 to $12
Hero: calls $8
*** FLOP *** [Qh 3d Ks]
e29f0e36: bets $12
Hero: calls $12
*** TURN *** [Qh 3d Ks] [Qs]
e29f0e36: bets $24
Hero: folds
Uncalled bet ($24) returned to e29f0e36
*** SHOWDOWN ***
e29f0e36 collected $48 from pot
*** SUMMARY ***
Total pot $48
Board [Qh 3d Ks Qs]
Seat 4: e29f0e36(big blind)won ($48) with Pair of Kings and Pair of Queens
Seat 3: Hero(small blind) folded on the Turn



Poker Hand #ring_899572102: NLH No Limit ($2/$4) - 2025/05/26 13:16:31
Table 'MR NLH 2/4' 7-max Seat #4 is the button
Seat 4: e29f0e36 ($509.53 in chips)
Seat 3: Hero ($496.46 in chips)
e29f0e36: posts small blind $2
Hero: posts big blind $4
*** HOLE CARDS ***
Dealt to e29f0e36 
Dealt to Hero [6s 5h]
e29f0e36: raises $8 to $12
Hero: folds
Uncalled bet ($8) returned to e29f0e36
*** SHOWDOWN ***
e29f0e36 collected $8 from pot
*** SUMMARY ***
Total pot $8
Seat 4: e29f0e36(small blind)won ($8)
Seat 3: Hero(big blind) folded before Flop



Poker Hand #ring_899571912: NLH No Limit ($2/$4) - 2025/05/26 13:16:20
Table 'MR NLH 2/4' 7-max Seat #3 is the button
Seat 4: e29f0e36 ($507.53 in chips)
Seat 3: Hero ($498.46 in chips)
Hero: posts small blind $2
e29f0e36: posts big blind $4
*** HOLE CARDS ***
Dealt to e29f0e36 
Dealt to Hero [5s Jc]
Hero: folds
*** SHOWDOWN ***
e29f0e36 collected $6 from pot
*** SUMMARY ***
Total pot $6
Seat 4: e29f0e36(big blind)won ($6)
Seat 3: Hero(small blind) folded before Flop



Poker Hand #ring_899571753: NLH No Limit ($2/$4) - 2025/05/26 13:16:10
Table 'MR NLH 2/4' 7-max Seat #4 is the button
Seat 4: e29f0e36 ($509.53 in chips)
Seat 3: Hero ($496.46 in chips)
e29f0e36: posts small blind $2
Hero: posts big blind $4
*** HOLE CARDS ***
Dealt to e29f0e36 
Dealt to Hero [7c Tc]
e29f0e36: folds
*** SHOWDOWN ***
Hero collected $6 from pot
*** SUMMARY ***
Total pot $6
Seat 4: e29f0e36(small blind) folded before Flop
Seat 3: Hero(big blind)won ($6)



Poker Hand #ring_899571405: NLH No Limit ($2/$4) - 2025/05/26 13:15:51
Table 'MR NLH 2/4' 7-max Seat #3 is the button
Seat 4: e29f0e36 ($505.71 in chips)
Seat 3: Hero ($500.46 in chips)
Hero: posts small blind $2
e29f0e36: posts big blind $4
*** HOLE CARDS ***
Dealt to e29f0e36 
Dealt to Hero [3c Ts]
Hero: calls $2
e29f0e36: checks
*** FLOP *** [7h 2h 5h]
e29f0e36: bets $8
Hero: folds
Uncalled bet ($8) returned to e29f0e36
*** SHOWDOWN ***
e29f0e36 collected $8 from pot
*** SUMMARY ***
Total pot $8
Board [7h 2h 5h]
Seat 4: e29f0e36(big blind)won ($8) with Pair of Fives
Seat 3: Hero(small blind) folded on the Flop



Poker Hand #ring_899571249: NLH No Limit ($2/$4) - 2025/05/26 13:15:41
Table 'MR NLH 2/4' 7-max Seat #4 is the button
Seat 4: e29f0e36 ($507.71 in chips)
Seat 3: Hero ($498.46 in chips)
e29f0e36: posts small blind $2
Hero: posts big blind $4
*** HOLE CARDS ***
Dealt to e29f0e36 
Dealt to Hero [8h 9h]
e29f0e36: folds
*** SHOWDOWN ***
Hero collected $6 from pot
*** SUMMARY ***
Total pot $6
Seat 4: e29f0e36(small blind) folded before Flop
Seat 3: Hero(big blind)won ($6)



Poker Hand #ring_899571040: NLH No Limit ($2/$4) - 2025/05/26 13:15:28
Table 'MR NLH 2/4' 7-max Seat #3 is the button
Seat 4: e29f0e36 ($497.71 in chips)
Seat 3: Hero ($508.46 in chips)
Hero: posts small blind $2
e29f0e36: posts big blind $4
*** HOLE CARDS ***
Dealt to e29f0e36 
Dealt to Hero [Td 7c]
Hero: raises $6 to $10
e29f0e36: raises $20 to $30
Hero: folds
Uncalled bet ($20) returned to e29f0e36
*** SHOWDOWN ***
e29f0e36 collected $20 from pot
*** SUMMARY ***
Total pot $20
Seat 4: e29f0e36(big blind)won ($20)
Seat 3: Hero(small blind) folded before Flop



Poker Hand #ring_899570876: NLH No Limit ($2/$4) - 2025/05/26 13:15:18
Table 'MR NLH 2/4' 7-max Seat #4 is the button
Seat 4: e29f0e36 ($499.71 in chips)
Seat 3: Hero ($506.46 in chips)
e29f0e36: posts small blind $2
Hero: posts big blind $4
*** HOLE CARDS ***
Dealt to e29f0e36 
Dealt to Hero [3d 8c]
e29f0e36: folds
*** SHOWDOWN ***
Hero collected $6 from pot
*** SUMMARY ***
Total pot $6
Seat 4: e29f0e36(small blind) folded before Flop
Seat 3: Hero(big blind)won ($6)



Poker Hand #ring_899570698: NLH No Limit ($2/$4) - 2025/05/26 13:15:08
Table 'MR NLH 2/4' 7-max Seat #3 is the button
Seat 4: e29f0e36 ($497.71 in chips)
Seat 3: Hero ($508.46 in chips)
Hero: posts small blind $2
e29f0e36: posts big blind $4
*** HOLE CARDS ***
Dealt to e29f0e36 
Dealt to Hero [3d 9h]
Hero: folds
*** SHOWDOWN ***
e29f0e36 collected $6 from pot
*** SUMMARY ***
Total pot $6
Seat 4: e29f0e36(big blind)won ($6)
Seat 3: Hero(small blind) folded before Flop



Poker Hand #ring_899570508: NLH No Limit ($2/$4) - 2025/05/26 13:14:58
Table 'MR NLH 2/4' 7-max Seat #4 is the button
Seat 4: e29f0e36 ($499.71 in chips)
Seat 3: Hero ($506.46 in chips)
e29f0e36: posts small blind $2
Hero: posts big blind $4
*** HOLE CARDS ***
Dealt to e29f0e36 
Dealt to Hero [4c 7s]
e29f0e36: folds
*** SHOWDOWN ***
Hero collected $6 from pot
*** SUMMARY ***
Total pot $6
Seat 4: e29f0e36(small blind) folded before Flop
Seat 3: Hero(big blind)won ($6)



Poker Hand #ring_899570326: NLH No Limit ($2/$4) - 2025/05/26 13:14:47
Table 'MR NLH 2/4' 7-max Seat #3 is the button
Seat 4: e29f0e36 ($497.71 in chips)
Seat 3: Hero ($508.46 in chips)
Hero: posts small blind $2
e29f0e36: posts big blind $4
*** HOLE CARDS ***
Dealt to e29f0e36 
Dealt to Hero [Qh 2d]
Hero: folds
*** SHOWDOWN ***
e29f0e36 collected $6 from pot
*** SUMMARY ***
Total pot $6
Seat 4: e29f0e36(big blind)won ($6)
Seat 3: Hero(small blind) folded before Flop



Poker Hand #ring_899569341: NLH No Limit ($2/$4) - 2025/05/26 13:13:52
Table 'MR NLH 2/4' 7-max Seat #4 is the button
Seat 4: e29f0e36 ($569.71 in chips)
Seat 3: Hero ($439.7 in chips)
e29f0e36: posts small blind $2
Hero: posts big blind $4
*** HOLE CARDS ***
Dealt to e29f0e36 
Dealt to Hero [Jh Ac]
e29f0e36: raises $8 to $12
Hero: raises $24 to $36
e29f0e36: calls $24
*** FLOP *** [Kd Jc 5d]
Hero: checks
e29f0e36: bets $36
Hero: calls $36
*** TURN *** [Kd Jc 5d] [7s]
Hero: checks
e29f0e36: checks
*** RIVER *** [Kd Jc 5d 7s] [2h]
Hero: checks
e29f0e36: checks
Hero: shows [Jh Ac]
e29f0e36: shows [Ts Qh]
*** SHOWDOWN ***
Hero collected $144 from pot
*** SUMMARY ***
Total pot $144
Board [Kd Jc 5d 7s 2h]
Seat 4: e29f0e36(small blind) showed [Ts Qh] and lost with King-High
Seat 3: Hero(big blind) showed [Jh Ac] and won ($144) with Pair of Jacks



Poker Hand #ring_899568814: NLH No Limit ($2/$4) - 2025/05/26 13:13:22
Table 'MR NLH 2/4' 7-max Seat #3 is the button
Seat 4: e29f0e36 ($581.71 in chips)
Seat 3: Hero ($428.24 in chips)
Hero: posts small blind $2
e29f0e36: posts big blind $4
*** HOLE CARDS ***
Dealt to e29f0e36 
Dealt to Hero [8c Ks]
Hero: raises $8 to $12
e29f0e36: calls $8
*** FLOP *** [Tc 6c Kh]
e29f0e36: checks
Hero: checks
*** TURN *** [Tc 6c Kh] [5c]
e29f0e36: checks
Hero: bets $12
e29f0e36: folds
Uncalled bet ($12) returned to Hero
*** SHOWDOWN ***
Hero collected $24 from pot
*** SUMMARY ***
Total pot $24
Board [Tc 6c Kh 5c]
Seat 4: e29f0e36(big blind) folded on the Turn
Seat 3: Hero(small blind)won ($24) with Pair of Kings



Poker Hand #ring_899568548: NLH No Limit ($2/$4) - 2025/05/26 13:13:06
Table 'MR NLH 2/4' 7-max Seat #4 is the button
Seat 4: e29f0e36 ($583.71 in chips)
Seat 3: Hero ($426.24 in chips)
e29f0e36: posts small blind $2
Hero: posts big blind $4
*** HOLE CARDS ***
Dealt to e29f0e36 
Dealt to Hero [Ac 8h]
e29f0e36: folds
*** SHOWDOWN ***
Hero collected $6 from pot
*** SUMMARY ***
Total pot $6
Seat 4: e29f0e36(small blind) folded before Flop
Seat 3: Hero(big blind)won ($6)



Poker Hand #ring_899568364: NLH No Limit ($2/$4) - 2025/05/26 13:12:55
Table 'MR NLH 2/4' 7-max Seat #3 is the button
Seat 4: e29f0e36 ($581.71 in chips)
Seat 3: Hero ($428.24 in chips)
Hero: posts small blind $2
e29f0e36: posts big blind $4
*** HOLE CARDS ***
Dealt to e29f0e36 
Dealt to Hero [2h Qc]
Hero: folds
*** SHOWDOWN ***
e29f0e36 collected $6 from pot
*** SUMMARY ***
Total pot $6
Seat 4: e29f0e36(big blind)won ($6)
Seat 3: Hero(small blind) folded before Flop



Poker Hand #ring_899568013: NLH No Limit ($2/$4) - 2025/05/26 13:12:33
Table 'MR NLH 2/4' 7-max Seat #4 is the button
Seat 4: e29f0e36 ($583.71 in chips)
Seat 3: Hero ($426.24 in chips)
e29f0e36: posts small blind $2
Hero: posts big blind $4
*** HOLE CARDS ***
Dealt to e29f0e36 
Dealt to Hero [8h 5h]
e29f0e36: folds
*** SHOWDOWN ***
Hero collected $6 from pot
*** SUMMARY ***
Total pot $6
Seat 4: e29f0e36(small blind) folded before Flop
Seat 3: Hero(big blind)won ($6)



Poker Hand #ring_899567211: NLH No Limit ($2/$4) - 2025/05/26 13:11:47
Table 'MR NLH 2/4' 7-max Seat #3 is the button
Seat 4: e29f0e36 ($555.06 in chips)
Seat 3: Hero ($456.24 in chips)
Hero: posts small blind $2
e29f0e36: posts big blind $4
*** HOLE CARDS ***
Dealt to e29f0e36 
Dealt to Hero [5h Ad]
Hero: raises $8 to $12
e29f0e36: calls $8
*** FLOP *** [3h 3s Qc]
e29f0e36: checks
Hero: checks
*** TURN *** [3h 3s Qc] [9d]
e29f0e36: checks
Hero: checks
*** RIVER *** [3h 3s Qc 9d] [Kh]
e29f0e36: bets $18
Hero: calls $18
Hero: shows [5h Ad]
e29f0e36: shows [7h Ks]
*** SHOWDOWN ***
e29f0e36 collected $60 from pot
*** SUMMARY ***
Total pot $60
Board [3h 3s Qc 9d Kh]
Seat 4: e29f0e36(big blind) showed [7h Ks] and won ($60) with Pair of Kings and Pair of Treys
Seat 3: Hero(small blind) showed [5h Ad] and lost with Pair of Treys



Poker Hand #ring_899567012: NLH No Limit ($2/$4) - 2025/05/26 13:11:36
Table 'MR NLH 2/4' 7-max Seat #4 is the button
Seat 4: e29f0e36 ($557.06 in chips)
Seat 3: Hero ($454.24 in chips)
e29f0e36: posts small blind $2
Hero: posts big blind $4
*** HOLE CARDS ***
Dealt to e29f0e36 
Dealt to Hero [Th 5d]
e29f0e36: folds
*** SHOWDOWN ***
Hero collected $6 from pot
*** SUMMARY ***
Total pot $6
Seat 4: e29f0e36(small blind) folded before Flop
Seat 3: Hero(big blind)won ($6)



Poker Hand #ring_899566797: NLH No Limit ($2/$4) - 2025/05/26 13:11:23
Table 'MR NLH 2/4' 7-max Seat #3 is the button
Seat 4: e29f0e36 ($555.06 in chips)
Seat 3: Hero ($456.24 in chips)
Hero: posts small blind $2
e29f0e36: posts big blind $4
*** HOLE CARDS ***
Dealt to e29f0e36 
Dealt to Hero [Tc 6s]
Hero: folds
*** SHOWDOWN ***
e29f0e36 collected $6 from pot
*** SUMMARY ***
Total pot $6
Seat 4: e29f0e36(big blind)won ($6)
Seat 3: Hero(small blind) folded before Flop



Poker Hand #ring_899566544: NLH No Limit ($2/$4) - 2025/05/26 13:11:08
Table 'MR NLH 2/4' 7-max Seat #4 is the button
Seat 4: e29f0e36 ($551.06 in chips)
Seat 3: Hero ($460.24 in chips)
e29f0e36: posts small blind $2
Hero: posts big blind $4
*** HOLE CARDS ***
Dealt to e29f0e36 
Dealt to Hero [Th 6c]
e29f0e36: raises $8 to $12
Hero: folds
Uncalled bet ($8) returned to e29f0e36
*** SHOWDOWN ***
e29f0e36 collected $8 from pot
*** SUMMARY ***
Total pot $8
Seat 4: e29f0e36(small blind)won ($8)
Seat 3: Hero(big blind) folded before Flop



Poker Hand #ring_899566282: NLH No Limit ($2/$4) - 2025/05/26 13:10:53
Table 'MR NLH 2/4' 7-max Seat #5 is the button
Seat 4: e29f0e36 ($549.06 in chips)
Seat 5: 4276ff2f ($122.37 in chips)
Seat 3: Hero ($462.24 in chips)
Hero: posts small blind $2
e29f0e36: posts big blind $4
*** HOLE CARDS ***
Dealt to e29f0e36 
Dealt to 4276ff2f 
Dealt to Hero [Qc 2d]
4276ff2f: folds
Hero: folds
*** SHOWDOWN ***
e29f0e36 collected $6 from pot
*** SUMMARY ***
Total pot $6
Seat 4: e29f0e36(big blind)won ($6)
Seat 5: 4276ff2f folded before Flop (didn't bet)
Seat 3: Hero(small blind) folded before Flop



Poker Hand #ring_899566019: NLH No Limit ($2/$4) - 2025/05/26 13:10:37
Table 'MR NLH 2/4' 7-max Seat #4 is the button
Seat 4: e29f0e36 ($549.06 in chips)
Seat 5: 4276ff2f ($118.37 in chips)
Seat 3: Hero ($466.24 in chips)
4276ff2f: posts small blind $2
Hero: posts big blind $4
*** HOLE CARDS ***
Dealt to e29f0e36 
Dealt to 4276ff2f 
Dealt to Hero [6c Qd]
e29f0e36: folds
4276ff2f: raises $4 to $8
Hero: folds
Uncalled bet ($4) returned to 4276ff2f
*** SHOWDOWN ***
4276ff2f collected $8 from pot
*** SUMMARY ***
Total pot $8
Seat 4: e29f0e36 folded before Flop (didn't bet)
Seat 5: 4276ff2f(small blind)won ($8)
Seat 3: Hero(big blind) folded before Flop



Poker Hand #ring_899565720: NLH No Limit ($2/$4) - 2025/05/26 13:10:21
Table 'MR NLH 2/4' 7-max Seat #3 is the button
Seat 4: e29f0e36 ($561.06 in chips)
Seat 5: 4276ff2f ($106.37 in chips)
Seat 3: Hero ($466.24 in chips)
e29f0e36: posts small blind $2
4276ff2f: posts big blind $4
*** HOLE CARDS ***
Dealt to e29f0e36 
Dealt to 4276ff2f 
Dealt to Hero [5c 2s]
Hero: folds
e29f0e36: raises $8 to $12
4276ff2f: raises $94.37 to $106.37 and is all-in
e29f0e36: folds
Uncalled bet ($94.37) returned to 4276ff2f
*** SHOWDOWN ***
4276ff2f collected $24 from pot
*** SUMMARY ***
Total pot $24
Seat 4: e29f0e36(small blind) folded before Flop
Seat 5: 4276ff2f(big blind)won ($24)
Seat 3: Hero folded before Flop (didn't bet)



Poker Hand #ring_899565500: NLH No Limit ($2/$4) - 2025/05/26 13:10:06
Table 'MR NLH 2/4' 7-max Seat #5 is the button
Seat 4: e29f0e36 ($565.06 in chips)
Seat 5: 4276ff2f ($106.37 in chips)
Seat 3: Hero ($462.24 in chips)
Hero: posts small blind $2
e29f0e36: posts big blind $4
*** HOLE CARDS ***
Dealt to e29f0e36 
Dealt to 4276ff2f 
Dealt to Hero [Ad Jc]
4276ff2f: folds
Hero: raises $8 to $12
e29f0e36: folds
Uncalled bet ($8) returned to Hero
*** SHOWDOWN ***
Hero collected $8 from pot
*** SUMMARY ***
Total pot $8
Seat 4: e29f0e36(big blind) folded before Flop
Seat 5: 4276ff2f folded before Flop (didn't bet)
Seat 3: Hero(small blind)won ($8)



Poker Hand #ring_899564778: NLH No Limit ($2/$4) - 2025/05/26 13:09:23
Table 'MR NLH 2/4' 7-max Seat #4 is the button
Seat 4: e29f0e36 ($629.06 in chips)
Seat 5: 4276ff2f ($108.37 in chips)
Seat 3: Hero ($402.09 in chips)
4276ff2f: posts small blind $2
Hero: posts big blind $4
*** HOLE CARDS ***
Dealt to e29f0e36 
Dealt to 4276ff2f 
Dealt to Hero [5s 8s]
e29f0e36: raises $8 to $12
4276ff2f: folds
Hero: calls $8
*** FLOP *** [Qh As 6s]
Hero: checks
e29f0e36: bets $19.5
Hero: calls $19.5
*** TURN *** [Qh As 6s] [2s]
Hero: checks
e29f0e36: checks
*** RIVER *** [Qh As 6s 2s] [Jc]
Hero: bets $32.5
e29f0e36: calls $32.5
Hero: shows [5s 8s]
e29f0e36: shows [8c Ad]
*** SHOWDOWN ***
Hero collected $130 from pot
*** SUMMARY ***
Total pot $130
Board [Qh As 6s 2s Jc]
Seat 4: e29f0e36 showed [8c Ad] and lost with Pair of Aces
Seat 5: 4276ff2f(small blind) folded before Flop
Seat 3: Hero(big blind) showed [5s 8s] and won ($130) with Ace High Flush



Poker Hand #ring_899564501: NLH No Limit ($2/$4) - 2025/05/26 13:09:06
Table 'MR NLH 2/4' 7-max Seat #3 is the button
Seat 4: e29f0e36 ($631.06 in chips)
Seat 5: 4276ff2f ($112.37 in chips)
Seat 3: Hero ($396.09 in chips)
e29f0e36: posts small blind $2
4276ff2f: posts big blind $4
*** HOLE CARDS ***
Dealt to e29f0e36 
Dealt to 4276ff2f 
Dealt to Hero [5h Qh]
Hero: raises $6 to $10
e29f0e36: folds
4276ff2f: folds
Uncalled bet ($6) returned to Hero
*** SHOWDOWN ***
Hero collected $10 from pot
*** SUMMARY ***
Total pot $10
Seat 4: e29f0e36(small blind) folded before Flop
Seat 5: 4276ff2f(big blind) folded before Flop
Seat 3: Herowon ($10)



Poker Hand #ring_899564307: NLH No Limit ($2/$4) - 2025/05/26 13:08:55
Table 'MR NLH 2/4' 7-max Seat #5 is the button
Seat 4: e29f0e36 ($629.06 in chips)
Seat 5: 4276ff2f ($112.37 in chips)
Seat 3: Hero ($398.09 in chips)
Hero: posts small blind $2
e29f0e36: posts big blind $4
*** HOLE CARDS ***
Dealt to e29f0e36 
Dealt to 4276ff2f 
Dealt to Hero [3h Js]
4276ff2f: folds
Hero: folds
*** SHOWDOWN ***
e29f0e36 collected $6 from pot
*** SUMMARY ***
Total pot $6
Seat 4: e29f0e36(big blind)won ($6)
Seat 5: 4276ff2f folded before Flop (didn't bet)
Seat 3: Hero(small blind) folded before Flop



Poker Hand #ring_899563839: NLH No Limit ($2/$4) - 2025/05/26 13:08:26
Table 'MR NLH 2/4' 7-max Seat #4 is the button
Seat 4: e29f0e36 ($629.06 in chips)
Seat 5: 4276ff2f ($120.37 in chips)
Seat 3: Hero ($390.81 in chips)
4276ff2f: posts small blind $2
Hero: posts big blind $4
*** HOLE CARDS ***
Dealt to e29f0e36 
Dealt to 4276ff2f 
Dealt to Hero [4h Js]
e29f0e36: folds
4276ff2f: calls $2
Hero: checks
*** FLOP *** [9h Jc 3h]
4276ff2f: checks
Hero: bets $4
4276ff2f: calls $4
*** TURN *** [9h Jc 3h] [2s]
4276ff2f: checks
Hero: bets $8
4276ff2f: folds
Uncalled bet ($8) returned to Hero
*** SHOWDOWN ***
Hero collected $16 from pot
*** SUMMARY ***
Total pot $16
Board [9h Jc 3h 2s]
Seat 4: e29f0e36 folded before Flop (didn't bet)
Seat 5: 4276ff2f(small blind) folded on the Turn
Seat 3: Hero(big blind)won ($16) with Pair of Jacks



Poker Hand #ring_899563438: NLH No Limit ($2/$4) - 2025/05/26 13:08:03
Table 'MR NLH 2/4' 7-max Seat #3 is the button
Seat 4: e29f0e36 ($625.42 in chips)
Seat 5: 4276ff2f ($124.37 in chips)
Seat 3: Hero ($390.81 in chips)
e29f0e36: posts small blind $2
4276ff2f: posts big blind $4
*** HOLE CARDS ***
Dealt to e29f0e36 
Dealt to 4276ff2f 
Dealt to Hero [6s 2s]
Hero: folds
e29f0e36: calls $2
4276ff2f: checks
*** FLOP *** [7d 2c 8h]
e29f0e36: bets $4
4276ff2f: folds
Uncalled bet ($4) returned to e29f0e36
*** SHOWDOWN ***
e29f0e36 collected $8 from pot
*** SUMMARY ***
Total pot $8
Board [7d 2c 8h]
Seat 4: e29f0e36(small blind)won ($8) with Pair of Sevens
Seat 5: 4276ff2f(big blind) folded on the Flop
Seat 3: Hero folded before Flop (didn't bet)



Poker Hand #ring_899563142: NLH No Limit ($2/$4) - 2025/05/26 13:07:45
Table 'MR NLH 2/4' 7-max Seat #5 is the button
Seat 4: e29f0e36 ($615.42 in chips)
Seat 5: 4276ff2f ($124.37 in chips)
Seat 3: Hero ($400.81 in chips)
Hero: posts small blind $2
e29f0e36: posts big blind $4
*** HOLE CARDS ***
Dealt to e29f0e36 
Dealt to 4276ff2f 
Dealt to Hero [As 4d]
4276ff2f: folds
Hero: raises $6 to $10
e29f0e36: raises $20 to $30
Hero: folds
Uncalled bet ($20) returned to e29f0e36
*** SHOWDOWN ***
e29f0e36 collected $20 from pot
*** SUMMARY ***
Total pot $20
Seat 4: e29f0e36(big blind)won ($20)
Seat 5: 4276ff2f folded before Flop (didn't bet)
Seat 3: Hero(small blind) folded before Flop



Poker Hand #ring_899562315: NLH No Limit ($2/$4) - 2025/05/26 13:06:59
Table 'MR NLH 2/4' 7-max Seat #4 is the button
Seat 4: e29f0e36 ($615.42 in chips)
Seat 5: 4276ff2f ($176.37 in chips)
Seat 3: Hero ($353.49 in chips)
4276ff2f: posts small blind $2
Hero: posts big blind $4
*** HOLE CARDS ***
Dealt to e29f0e36 
Dealt to 4276ff2f 
Dealt to Hero [6d Qd]
e29f0e36: folds
4276ff2f: calls $2
Hero: checks
*** FLOP *** [4d 3h 8h]
4276ff2f: bets $4
Hero: calls $4
*** TURN *** [4d 3h 8h] [Ad]
4276ff2f: bets $12
Hero: calls $12
*** RIVER *** [4d 3h 8h Ad] [7d]
4276ff2f: checks
Hero: bets $32
4276ff2f: calls $32
Hero: shows [6d Qd]
4276ff2f: shows [7h 9c]
*** SHOWDOWN ***
Hero collected $104 from pot
*** SUMMARY ***
Total pot $104
Board [4d 3h 8h Ad 7d]
Seat 4: e29f0e36 folded before Flop (didn't bet)
Seat 5: 4276ff2f(small blind) showed [7h 9c] and lost with Pair of Sevens
Seat 3: Hero(big blind) showed [6d Qd] and won ($104) with Ace High Flush



Poker Hand #ring_899562054: NLH No Limit ($2/$4) - 2025/05/26 13:06:43
Table 'MR NLH 2/4' 7-max Seat #3 is the button
Seat 4: e29f0e36 ($617.42 in chips)
Seat 5: 4276ff2f ($180.37 in chips)
Seat 3: Hero ($347.49 in chips)
e29f0e36: posts small blind $2
4276ff2f: posts big blind $4
*** HOLE CARDS ***
Dealt to e29f0e36 
Dealt to 4276ff2f 
Dealt to Hero [4c As]
Hero: raises $6 to $10
e29f0e36: folds
4276ff2f: folds
Uncalled bet ($6) returned to Hero
*** SHOWDOWN ***
Hero collected $10 from pot
*** SUMMARY ***
Total pot $10
Seat 4: e29f0e36(small blind) folded before Flop
Seat 5: 4276ff2f(big blind) folded before Flop
Seat 3: Herowon ($10)



Poker Hand #ring_899561597: NLH No Limit ($2/$4) - 2025/05/26 13:06:16
Table 'MR NLH 2/4' 7-max Seat #5 is the button
Seat 4: e29f0e36 ($633.42 in chips)
Seat 5: 4276ff2f ($180.37 in chips)
Seat 3: Hero ($332.93 in chips)
Hero: posts small blind $2
e29f0e36: posts big blind $4
*** HOLE CARDS ***
Dealt to e29f0e36 
Dealt to 4276ff2f 
Dealt to Hero [9h 2h]
4276ff2f: folds
Hero: calls $2
e29f0e36: checks
*** FLOP *** [9s 2s Jd]
Hero: checks
e29f0e36: checks
*** TURN *** [9s 2s Jd] [Td]
Hero: bets $4
e29f0e36: calls $4
*** RIVER *** [9s 2s Jd Td] [Qd]
Hero: checks
e29f0e36: bets $8
Hero: calls $8
Hero: shows [9h 2h]
e29f0e36: shows [6d Qh]
*** SHOWDOWN ***
Hero collected $32 from pot
*** SUMMARY ***
Total pot $32
Board [9s 2s Jd Td Qd]
Seat 4: e29f0e36(big blind) showed [6d Qh] and lost with Pair of Queens
Seat 5: 4276ff2f folded before Flop (didn't bet)
Seat 3: Hero(small blind) showed [9h 2h] and won ($32) with Pair of Nines and Pair of Twos



Poker Hand #ring_899561369: NLH No Limit ($2/$4) - 2025/05/26 13:06:02
Table 'MR NLH 2/4' 7-max Seat #4 is the button
Seat 4: e29f0e36 ($627.42 in chips)
Seat 5: 4276ff2f ($182.37 in chips)
Seat 3: Hero ($336.93 in chips)
4276ff2f: posts small blind $2
Hero: posts big blind $4
*** HOLE CARDS ***
Dealt to e29f0e36 
Dealt to 4276ff2f 
Dealt to Hero [5s 7c]
e29f0e36: raises $8 to $12
4276ff2f: folds
Hero: folds
Uncalled bet ($8) returned to e29f0e36
*** SHOWDOWN ***
e29f0e36 collected $10 from pot
*** SUMMARY ***
Total pot $10
Seat 4: e29f0e36won ($10)
Seat 5: 4276ff2f(small blind) folded before Flop
Seat 3: Hero(big blind) folded before Flop



Poker Hand #ring_899560789: NLH No Limit ($2/$4) - 2025/05/26 13:05:27
Table 'MR NLH 2/4' 7-max Seat #3 is the button
Seat 4: e29f0e36 ($722.9 in chips)
Seat 5: 4276ff2f ($95.48 in chips)
Seat 3: Hero ($336.93 in chips)
e29f0e36: posts small blind $2
4276ff2f: posts big blind $4
*** HOLE CARDS ***
Dealt to e29f0e36 
Dealt to 4276ff2f 
Dealt to Hero [Kd 4h]
Hero: folds
e29f0e36: raises $8 to $12
4276ff2f: raises $83.48 to $95.48 and is all-in
e29f0e36: calls $83.48
e29f0e36: shows [Js 9s]
4276ff2f: shows [7h Ah]
*** FLOP *** [Td Qd 7d]
*** TURN *** [Td Qd 7d] [5h]
*** RIVER *** [Td Qd 7d 5h] [As]
*** SHOWDOWN ***
4276ff2f collected $190.96 from pot
*** SUMMARY ***
Total pot $190.96
Board [Td Qd 7d 5h As]
Seat 4: e29f0e36(small blind) showed [Js 9s] and lost with Ace-High
Seat 5: 4276ff2f(big blind) showed [7h Ah] and won ($190.96) with Pair of Aces and Pair of Sevens
Seat 3: Hero folded before Flop (didn't bet)



Poker Hand #ring_899560567: NLH No Limit ($2/$4) - 2025/05/26 13:05:12
Table 'MR NLH 2/4' 7-max Seat #5 is the button
Seat 4: e29f0e36 ($726.9 in chips)
Seat 5: 4276ff2f ($95.48 in chips)
Seat 3: Hero ($332.93 in chips)
Hero: posts small blind $2
e29f0e36: posts big blind $4
*** HOLE CARDS ***
Dealt to e29f0e36 
Dealt to 4276ff2f 
Dealt to Hero [6s As]
4276ff2f: folds
Hero: raises $8 to $12
e29f0e36: folds
Uncalled bet ($8) returned to Hero
*** SHOWDOWN ***
Hero collected $8 from pot
*** SUMMARY ***
Total pot $8
Seat 4: e29f0e36(big blind) folded before Flop
Seat 5: 4276ff2f folded before Flop (didn't bet)
Seat 3: Hero(small blind)won ($8)



Poker Hand #ring_899559832: NLH No Limit ($2/$4) - 2025/05/26 13:04:27
Table 'MR NLH 2/4' 7-max Seat #4 is the button
Seat 4: e29f0e36 ($726.9 in chips)
Seat 5: 4276ff2f ($73.64 in chips)
Seat 3: Hero ($356.93 in chips)
4276ff2f: posts small blind $2
Hero: posts big blind $4
*** HOLE CARDS ***
Dealt to e29f0e36 
Dealt to 4276ff2f 
Dealt to Hero [Ah 3c]
e29f0e36: folds
4276ff2f: raises $8 to $12
Hero: calls $8
*** FLOP *** [6c 7c 4c]
4276ff2f: checks
Hero: checks
*** TURN *** [6c 7c 4c] [4s]
4276ff2f: bets $12
Hero: calls $12
*** RIVER *** [6c 7c 4c 4s] [9d]
4276ff2f: bets $15.84
Hero: folds
Uncalled bet ($15.84) returned to 4276ff2f
*** SHOWDOWN ***
4276ff2f collected $48 from pot
*** SUMMARY ***
Total pot $48
Board [6c 7c 4c 4s 9d]
Seat 4: e29f0e36 folded before Flop (didn't bet)
Seat 5: 4276ff2f(small blind)won ($48) with Pair of Nines and Pair of Fours
Seat 3: Hero(big blind) folded on the River



Poker Hand #ring_899559517: NLH No Limit ($2/$4) - 2025/05/26 13:04:09
Table 'MR NLH 2/4' 7-max Seat #3 is the button
Seat 4: e29f0e36 ($728.9 in chips)
Seat 5: 4276ff2f ($71.64 in chips)
Seat 3: Hero ($356.93 in chips)
e29f0e36: posts small blind $2
4276ff2f: posts big blind $4
*** HOLE CARDS ***
Dealt to e29f0e36 
Dealt to 4276ff2f 
Dealt to Hero [5c 2d]
Hero: folds
e29f0e36: folds
*** SHOWDOWN ***
4276ff2f collected $6 from pot
*** SUMMARY ***
Total pot $6
Seat 4: e29f0e36(small blind) folded before Flop
Seat 5: 4276ff2f(big blind)won ($6)
Seat 3: Hero folded before Flop (didn't bet)



Poker Hand #ring_899558796: NLH No Limit ($2/$4) - 2025/05/26 13:03:25
Table 'MR NLH 2/4' 7-max Seat #5 is the button
Seat 4: e29f0e36 ($714.16 in chips)
Seat 5: 4276ff2f ($83.64 in chips)
Seat 3: Hero ($360.93 in chips)
Hero: posts small blind $2
e29f0e36: posts big blind $4
*** HOLE CARDS ***
Dealt to e29f0e36 
Dealt to 4276ff2f 
Dealt to Hero [Kc 3h]
4276ff2f: calls $4
Hero: calls $2
e29f0e36: raises $8 to $12
4276ff2f: calls $8
Hero: folds
*** FLOP *** [8d 4d 9h]
e29f0e36: bets $21
4276ff2f: folds
Uncalled bet ($21) returned to e29f0e36
*** SHOWDOWN ***
e29f0e36 collected $28 from pot
*** SUMMARY ***
Total pot $28
Board [8d 4d 9h]
Seat 4: e29f0e36(big blind)won ($28) with Pair of Aces
Seat 5: 4276ff2f folded on the Flop
Seat 3: Hero(small blind) folded before Flop



Poker Hand #ring_899558552: NLH No Limit ($2/$4) - 2025/05/26 13:03:09
Table 'MR NLH 2/4' 7-max Seat #4 is the button
Seat 4: e29f0e36 ($714.16 in chips)
Seat 5: 4276ff2f ($85.64 in chips)
Seat 3: Hero ($358.93 in chips)
4276ff2f: posts small blind $2
Hero: posts big blind $4
*** HOLE CARDS ***
Dealt to e29f0e36 
Dealt to 4276ff2f 
Dealt to Hero [4c 3c]
e29f0e36: folds
4276ff2f: folds
*** SHOWDOWN ***
Hero collected $6 from pot
*** SUMMARY ***
Total pot $6
Seat 4: e29f0e36 folded before Flop (didn't bet)
Seat 5: 4276ff2f(small blind) folded before Flop
Seat 3: Hero(big blind)won ($6)



Poker Hand #ring_899558071: NLH No Limit ($2/$4) - 2025/05/26 13:02:40
Table 'MR NLH 2/4' 7-max Seat #3 is the button
Seat 4: e29f0e36 ($703.24 in chips)
Seat 5: 4276ff2f ($97.64 in chips)
Seat 3: Hero ($358.93 in chips)
e29f0e36: posts small blind $2
4276ff2f: posts big blind $4
*** HOLE CARDS ***
Dealt to e29f0e36 
Dealt to 4276ff2f 
Dealt to Hero [4c 6s]
Hero: folds
e29f0e36: raises $8 to $12
4276ff2f: calls $8
*** FLOP *** [Kh 2h Qd]
e29f0e36: checks
4276ff2f: checks
*** TURN *** [Kh 2h Qd] [4s]
e29f0e36: bets $18
4276ff2f: folds
Uncalled bet ($18) returned to e29f0e36
*** SHOWDOWN ***
e29f0e36 collected $24 from pot
*** SUMMARY ***
Total pot $24
Board [Kh 2h Qd 4s]
Seat 4: e29f0e36(small blind)won ($24) with King-High
Seat 5: 4276ff2f(big blind) folded on the Turn
Seat 3: Hero folded before Flop (didn't bet)



Poker Hand #ring_899557891: NLH No Limit ($2/$4) - 2025/05/26 13:02:28
Table 'MR NLH 2/4' 7-max Seat #5 is the button
Seat 4: e29f0e36 ($701.24 in chips)
Seat 5: 4276ff2f ($97.64 in chips)
Seat 3: Hero ($360.93 in chips)
Hero: posts small blind $2
e29f0e36: posts big blind $4
*** HOLE CARDS ***
Dealt to e29f0e36 
Dealt to 4276ff2f 
Dealt to Hero [9c 6h]
4276ff2f: folds
Hero: folds
*** SHOWDOWN ***
e29f0e36 collected $6 from pot
*** SUMMARY ***
Total pot $6
Seat 4: e29f0e36(big blind)won ($6)
Seat 5: 4276ff2f folded before Flop (didn't bet)
Seat 3: Hero(small blind) folded before Flop



Poker Hand #ring_899557681: NLH No Limit ($2/$4) - 2025/05/26 13:02:15
Table 'MR NLH 2/4' 7-max Seat #4 is the button
Seat 4: e29f0e36 ($701.24 in chips)
Seat 5: 4276ff2f ($93.64 in chips)
Seat 3: Hero ($364.93 in chips)
4276ff2f: posts small blind $2
Hero: posts big blind $4
*** HOLE CARDS ***
Dealt to e29f0e36 
Dealt to 4276ff2f 
Dealt to Hero [3d Jh]
e29f0e36: folds
4276ff2f: raises $12 to $16
Hero: folds
Uncalled bet ($12) returned to 4276ff2f
*** SHOWDOWN ***
4276ff2f collected $8 from pot
*** SUMMARY ***
Total pot $8
Seat 4: e29f0e36 folded before Flop (didn't bet)
Seat 5: 4276ff2f(small blind)won ($8)
Seat 3: Hero(big blind) folded before Flop



Poker Hand #ring_899557392: NLH No Limit ($2/$4) - 2025/05/26 13:01:57
Table 'MR NLH 2/4' 7-max Seat #3 is the button
Seat 4: e29f0e36 ($703.24 in chips)
Seat 5: 4276ff2f ($103.64 in chips)
Seat 3: Hero ($353.92 in chips)
e29f0e36: posts small blind $2
4276ff2f: posts big blind $4
*** HOLE CARDS ***
Dealt to e29f0e36 
Dealt to 4276ff2f 
Dealt to Hero [8s 7d]
Hero: raises $6 to $10
e29f0e36: folds
4276ff2f: calls $6
*** FLOP *** [Qc Kh Kd]
4276ff2f: checks
Hero: bets $11
4276ff2f: folds
Uncalled bet ($11) returned to Hero
*** SHOWDOWN ***
Hero collected $22 from pot
*** SUMMARY ***
Total pot $22
Board [Qc Kh Kd]
Seat 4: e29f0e36(small blind) folded before Flop
Seat 5: 4276ff2f(big blind) folded on the Flop
Seat 3: Herowon ($22) with Pair of Kings



Poker Hand #ring_899556957: NLH No Limit ($2/$4) - 2025/05/26 13:01:30
Table 'MR NLH 2/4' 7-max Seat #5 is the button
Seat 4: e29f0e36 ($694.14 in chips)
Seat 5: 4276ff2f ($103.64 in chips)
Seat 3: Hero ($363.92 in chips)
Hero: posts small blind $2
e29f0e36: posts big blind $4
*** HOLE CARDS ***
Dealt to e29f0e36 
Dealt to 4276ff2f 
Dealt to Hero [2h 3h]
4276ff2f: folds
Hero: raises $6 to $10
e29f0e36: calls $6
*** FLOP *** [Kh Js Qc]
Hero: checks
e29f0e36: bets $15
Hero: folds
Uncalled bet ($15) returned to e29f0e36
*** SHOWDOWN ***
e29f0e36 collected $20 from pot
*** SUMMARY ***
Total pot $20
Board [Kh Js Qc]
Seat 4: e29f0e36(big blind)won ($20) with Pair of Queens
Seat 5: 4276ff2f folded before Flop (didn't bet)
Seat 3: Hero(small blind) folded on the Flop



Poker Hand #ring_899556655: NLH No Limit ($2/$4) - 2025/05/26 13:01:12
Table 'MR NLH 2/4' 7-max Seat #4 is the button
Seat 4: e29f0e36 ($694.14 in chips)
Seat 5: 4276ff2f ($100 in chips)
Seat 3: Hero ($367.92 in chips)
4276ff2f: posts small blind $2
Hero: posts big blind $4
*** HOLE CARDS ***
Dealt to e29f0e36 
Dealt to 4276ff2f 
Dealt to Hero [2c Jd]
e29f0e36: folds
4276ff2f: calls $2
Hero: checks
*** FLOP *** [Qs 8h Ts]
4276ff2f: bets $8
Hero: folds
Uncalled bet ($8) returned to 4276ff2f
*** SHOWDOWN ***
4276ff2f collected $8 from pot
*** SUMMARY ***
Total pot $8
Board [Qs 8h Ts]
Seat 4: e29f0e36 folded before Flop (didn't bet)
Seat 5: 4276ff2f(small blind)won ($8) with Pair of Queens
Seat 3: Hero(big blind) folded on the Flop



Poker Hand #ring_899555822: NLH No Limit ($2/$4) - 2025/05/26 13:00:21
Table 'MR NLH 2/4' 7-max Seat #3 is the button
Seat 4: e29f0e36 ($666.84 in chips)
Seat 5: 4276ff2f ($130 in chips)
Seat 3: Hero ($367.92 in chips)
e29f0e36: posts small blind $2
4276ff2f: posts big blind $4
*** HOLE CARDS ***
Dealt to e29f0e36 
Dealt to 4276ff2f 
Dealt to Hero [5h Jh]
Hero: folds
e29f0e36: raises $8 to $12
4276ff2f: calls $8
*** FLOP *** [Ah 5s Kd]
e29f0e36: checks
4276ff2f: checks
*** TURN *** [Ah 5s Kd] [Th]
e29f0e36: checks
4276ff2f: bets $18
e29f0e36: calls $18
*** RIVER *** [Ah 5s Kd Th] [Kh]
e29f0e36: checks
4276ff2f: checks
e29f0e36: shows [8h 8s]
4276ff2f: shows [9c Js]
*** SHOWDOWN ***
e29f0e36 collected $60 from pot
*** SUMMARY ***
Total pot $60
Board [Ah 5s Kd Th Kh]
Seat 4: e29f0e36(small blind) showed [8h 8s] and won ($60) with Pair of Kings and Pair of Eights
Seat 5: 4276ff2f(big blind) showed [9c Js] and lost with Pair of Kings
Seat 3: Hero folded before Flop (didn't bet)



Poker Hand #ring_899555219: NLH No Limit ($2/$4) - 2025/05/26 12:59:44
Table 'MR NLH 2/4' 7-max Seat #5 is the button
Seat 4: e29f0e36 ($606.69 in chips)
Seat 5: 4276ff2f ($194 in chips)
Seat 3: Hero ($369.92 in chips)
Hero: posts small blind $2
e29f0e36: posts big blind $4
*** HOLE CARDS ***
Dealt to e29f0e36 
Dealt to 4276ff2f 
Dealt to Hero [6d 2h]
4276ff2f: calls $4
Hero: folds
e29f0e36: raises $8 to $12
4276ff2f: calls $8
*** FLOP *** [7s Ad Ks]
e29f0e36: bets $13
4276ff2f: calls $13
*** TURN *** [7s Ad Ks] [5h]
e29f0e36: bets $39
4276ff2f: calls $39
*** RIVER *** [7s Ad Ks 5h] [Jh]
e29f0e36: bets $130
4276ff2f: folds
Uncalled bet ($130) returned to e29f0e36
*** SHOWDOWN ***
e29f0e36 collected $130 from pot
*** SUMMARY ***
Total pot $130
Board [7s Ad Ks 5h Jh]
Seat 4: e29f0e36(big blind)won ($130) with Pair of Aces
Seat 5: 4276ff2f folded on the River
Seat 3: Hero(small blind) folded before Flop



Poker Hand #ring_899554710: NLH No Limit ($2/$4) - 2025/05/26 12:59:11
Table 'MR NLH 2/4' 7-max Seat #4 is the button
Seat 4: e29f0e36 ($582.03 in chips)
Seat 5: 4276ff2f ($196 in chips)
Seat 3: Hero ($394.92 in chips)
4276ff2f: posts small blind $2
Hero: posts big blind $4
*** HOLE CARDS ***
Dealt to e29f0e36 
Dealt to 4276ff2f 
Dealt to Hero [7s Kc]
e29f0e36: raises $8 to $12
4276ff2f: folds
Hero: calls $8
*** FLOP *** [Js 5c 8d]
Hero: checks
e29f0e36: checks
*** TURN *** [Js 5c 8d] [8s]
Hero: bets $13
e29f0e36: calls $13
*** RIVER *** [Js 5c 8d 8s] [4s]
Hero: checks
e29f0e36: checks
Hero: shows [7s Kc]
e29f0e36: shows [Qd Kh]
*** SHOWDOWN ***
e29f0e36 collected $52 from pot
*** SUMMARY ***
Total pot $52
Board [Js 5c 8d 8s 4s]
Seat 4: e29f0e36 showed [Qd Kh] and won ($52) with Pair of Eights
Seat 5: 4276ff2f(small blind) folded before Flop
Seat 3: Hero(big blind) showed [7s Kc] and lost with Pair of Eights



Poker Hand #ring_899554476: NLH No Limit ($2/$4) - 2025/05/26 12:58:58
Table 'MR NLH 2/4' 7-max Seat #3 is the button
Seat 4: e29f0e36 ($578.03 in chips)
Seat 5: 4276ff2f ($200 in chips)
Seat 3: Hero ($206.92 in chips)
e29f0e36: posts small blind $2
4276ff2f: posts big blind $4
*** HOLE CARDS ***
Dealt to e29f0e36 
Dealt to 4276ff2f 
Dealt to Hero [5s 3h]
Hero: folds
e29f0e36: raises $8 to $12
4276ff2f: folds
Uncalled bet ($8) returned to e29f0e36
*** SHOWDOWN ***
e29f0e36 collected $8 from pot
*** SUMMARY ***
Total pot $8
Seat 4: e29f0e36(small blind)won ($8)
Seat 5: 4276ff2f(big blind) folded before Flop
Seat 3: Hero folded before Flop (didn't bet)



Poker Hand #ring_899554251: NLH No Limit ($2/$4) - 2025/05/26 12:58:44
Table 'MR NLH 2/4' 7-max Seat #3 is the button
Seat 4: e29f0e36 ($566.03 in chips)
Seat 3: Hero ($218.92 in chips)
Hero: posts small blind $2
e29f0e36: posts big blind $4
*** HOLE CARDS ***
Dealt to e29f0e36 
Dealt to Hero [Qh 8c]
Hero: raises $8 to $12
e29f0e36: raises $24 to $36
Hero: folds
Uncalled bet ($24) returned to e29f0e36
*** SHOWDOWN ***
e29f0e36 collected $24 from pot
*** SUMMARY ***
Total pot $24
Seat 4: e29f0e36(big blind)won ($24)
Seat 3: Hero(small blind) folded before Flop



Poker Hand #ring_899553884: NLH No Limit ($2/$4) - 2025/05/26 12:58:20
Table 'MR NLH 2/4' 7-max Seat #4 is the button
Seat 4: e29f0e36 ($590.03 in chips)
Seat 3: Hero ($196 in chips)
e29f0e36: posts small blind $2
Hero: posts big blind $4
*** HOLE CARDS ***
Dealt to e29f0e36 
Dealt to Hero [5h Ah]
e29f0e36: raises $8 to $12
Hero: calls $8
*** FLOP *** [Tc 4s 8h]
Hero: bets $12
e29f0e36: calls $12
*** TURN *** [Tc 4s 8h] [Ad]
Hero: bets $24
e29f0e36: folds
Uncalled bet ($24) returned to Hero
*** SHOWDOWN ***
Hero collected $48 from pot
*** SUMMARY ***
Total pot $48
Board [Tc 4s 8h Ad]
Seat 4: e29f0e36(small blind) folded on the Turn
Seat 3: Hero(big blind)won ($48) with Pair of Aces



Poker Hand #ring_899553549: NLH No Limit ($2/$4) - 2025/05/26 12:57:58
Table 'MR NLH 2/4' 7-max Seat #3 is the button
Seat 4: e29f0e36 ($580.48 in chips)
Seat 3: Hero ($206 in chips)
Hero: posts small blind $2
e29f0e36: posts big blind $4
*** HOLE CARDS ***
Dealt to e29f0e36 
Dealt to Hero [5d 6s]
Hero: raises $6 to $10
e29f0e36: calls $6
*** FLOP *** [9c 7c Jh]
e29f0e36: checks
Hero: checks
*** TURN *** [9c 7c Jh] [2d]
e29f0e36: bets $20
Hero: folds
Uncalled bet ($20) returned to e29f0e36
*** SHOWDOWN ***
e29f0e36 collected $20 from pot
*** SUMMARY ***
Total pot $20
Board [9c 7c Jh 2d]
Seat 4: e29f0e36(big blind)won ($20) with Jack-High
Seat 3: Hero(small blind) folded on the Turn



Poker Hand #ring_899553377: NLH No Limit ($2/$4) - 2025/05/26 12:57:48
Table 'MR NLH 2/4' 7-max Seat #4 is the button
Seat 4: e29f0e36 ($582.48 in chips)
Seat 3: Hero ($204 in chips)
e29f0e36: posts small blind $2
Hero: posts big blind $4
*** HOLE CARDS ***
Dealt to e29f0e36 
Dealt to Hero [Ah Jh]
e29f0e36: folds
*** SHOWDOWN ***
Hero collected $6 from pot
*** SUMMARY ***
Total pot $6
Seat 4: e29f0e36(small blind) folded before Flop
Seat 3: Hero(big blind)won ($6)



Poker Hand #ring_899552841: NLH No Limit ($2/$4) - 2025/05/26 12:57:14
Table 'MR NLH 2/4' 7-max Seat #3 is the button
Seat 4: e29f0e36 ($499.56 in chips)
Seat 3: Hero ($86.82 in chips)
Hero: posts small blind $2
e29f0e36: posts big blind $4
*** HOLE CARDS ***
Dealt to e29f0e36 
Dealt to Hero [Ad 8h]
Hero: raises $8 to $12
e29f0e36: calls $8
*** FLOP *** [3s Kh Kc]
e29f0e36: checks
Hero: checks
*** TURN *** [3s Kh Kc] [4c]
e29f0e36: bets $18
Hero: calls $18
*** RIVER *** [3s Kh Kc 4c] [2h]
e29f0e36: bets $60
Hero: calls $56.82 and is all-in
Uncalled bet ($3.18) returned to e29f0e36
Hero: shows [Ad 8h]
e29f0e36: shows [5d 4s]
*** SHOWDOWN ***
e29f0e36 collected $173.64 from pot
*** SUMMARY ***
Total pot $173.64
Board [3s Kh Kc 4c 2h]
Seat 4: e29f0e36(big blind) showed [5d 4s] and won ($173.64) with Pair of Kings and Pair of Fours
Seat 3: Hero(small blind) showed [Ad 8h] and lost with Pair of Kings



Poker Hand #ring_899552690: NLH No Limit ($2/$4) - 2025/05/26 12:57:04
Table 'MR NLH 2/4' 7-max Seat #4 is the button
Seat 4: e29f0e36 ($501.56 in chips)
Seat 3: Hero ($84.82 in chips)
e29f0e36: posts small blind $2
Hero: posts big blind $4
*** HOLE CARDS ***
Dealt to e29f0e36 
Dealt to Hero [Kc Ah]
e29f0e36: folds
*** SHOWDOWN ***
Hero collected $6 from pot
*** SUMMARY ***
Total pot $6
Seat 4: e29f0e36(small blind) folded before Flop
Seat 3: Hero(big blind)won ($6)



Poker Hand #ring_899551915: NLH No Limit ($2/$4) - 2025/05/26 12:56:25
Table 'MR NLH 2/4' 7-max Seat #3 is the button
Seat 4: e29f0e36 ($429.93 in chips)
Seat 3: Hero ($159.82 in chips)
Hero: posts small blind $2
e29f0e36: posts big blind $4
*** HOLE CARDS ***
Dealt to e29f0e36 
Dealt to Hero [Js Kd]
Hero: raises $8 to $12
e29f0e36: calls $8
*** FLOP *** [5d Td Kh]
e29f0e36: checks
Hero: checks
*** TURN *** [5d Td Kh] [7d]
e29f0e36: bets $18
Hero: calls $18
*** RIVER *** [5d Td Kh 7d] [Th]
e29f0e36: bets $45
Hero: calls $45
Hero: shows [Js Kd]
e29f0e36: shows [9s Tc]
*** SHOWDOWN ***
e29f0e36 collected $150 from pot
*** SUMMARY ***
Total pot $150
Board [5d Td Kh 7d Th]
Seat 4: e29f0e36(big blind) showed [9s Tc] and won ($150) with Three Tens
Seat 3: Hero(small blind) showed [Js Kd] and lost with Pair of Kings and Pair of Tens



Poker Hand #ring_899551674: NLH No Limit ($2/$4) - 2025/05/26 12:56:09
Table 'MR NLH 2/4' 7-max Seat #4 is the button
Seat 4: e29f0e36 ($433.93 in chips)
Seat 3: Hero ($156 in chips)
e29f0e36: posts small blind $2
Hero: posts big blind $4
*** HOLE CARDS ***
Dealt to e29f0e36 
Dealt to Hero [9c 5s]
e29f0e36: calls $2
Hero: checks
*** FLOP *** [3c Th 8h]
Hero: bets $4
e29f0e36: folds
Uncalled bet ($4) returned to Hero
*** SHOWDOWN ***
Hero collected $8 from pot
*** SUMMARY ***
Total pot $8
Board [3c Th 8h]
Seat 4: e29f0e36(small blind) folded on the Flop
Seat 3: Hero(big blind)won ($8) with Ten-High



Poker Hand #ring_899551251: NLH No Limit ($2/$4) - 2025/05/26 12:55:42
Table 'MR NLH 2/4' 7-max Seat #3 is the button
Seat 4: e29f0e36 ($399.55 in chips)
Seat 3: Hero ($192 in chips)
Hero: posts small blind $2
e29f0e36: posts big blind $4
*** HOLE CARDS ***
Dealt to e29f0e36 
Dealt to Hero [Tc Ac]
Hero: raises $8 to $12
e29f0e36: raises $24 to $36
Hero: calls $24
*** FLOP *** [4h 5d 6h]
e29f0e36: bets $72
Hero: folds
Uncalled bet ($72) returned to e29f0e36
*** SHOWDOWN ***
e29f0e36 collected $72 from pot
*** SUMMARY ***
Total pot $72
Board [4h 5d 6h]
Seat 4: e29f0e36(big blind)won ($72) with Pair of Sixes
Seat 3: Hero(small blind) folded on the Flop



Poker Hand #ring_899551077: NLH No Limit ($2/$4) - 2025/05/26 12:55:29
Table 'MR NLH 2/4' 7-max Seat #4 is the button
Seat 4: e29f0e36 ($401.55 in chips)
Seat 3: Hero ($190 in chips)
e29f0e36: posts small blind $2
Hero: posts big blind $4
*** HOLE CARDS ***
Dealt to e29f0e36 
Dealt to Hero [Qc Jh]
e29f0e36: folds
*** SHOWDOWN ***
Hero collected $6 from pot
*** SUMMARY ***
Total pot $6
Seat 4: e29f0e36(small blind) folded before Flop
Seat 3: Hero(big blind)won ($6)



Poker Hand #ring_899497445: NLH No Limit ($2/$4) - 2025/05/26 12:54:55
Table 'MR NLH 2/4' 7-max Seat #3 is the button
Seat 4: e29f0e36 ($392 in chips)
Seat 3: Hero ($200 in chips)
Hero: posts small blind $2
e29f0e36: posts big blind $4
*** HOLE CARDS ***
Dealt to e29f0e36 
Dealt to Hero [Qc Kd]
Hero: raises $6 to $10
e29f0e36: calls $6
*** FLOP *** [2s 8c 9h]
e29f0e36: checks
Hero: checks
*** TURN *** [2s 8c 9h] [Jd]
e29f0e36: checks
Hero: checks
*** RIVER *** [2s 8c 9h Jd] [5d]
e29f0e36: bets $15
Hero: folds
Uncalled bet ($15) returned to e29f0e36
*** SHOWDOWN ***
e29f0e36 collected $20 from pot
*** SUMMARY ***
Total pot $20
Board [2s 8c 9h Jd 5d]
Seat 4: e29f0e36(big blind)won ($20) with Jacks-High Straight
Seat 3: Hero(small blind) folded on the River



