Poker Hand #ring_886937000: NLH No Limit ($1/$2) - 2025/05/19 21:10:07
Table 'MR NLH 1/2' 7-max Seat #6 is the button
Seat 4: c5c537aa ($400 in chips)
Seat 6: d481e505 ($435.55 in chips)
Seat 1: acb907c5 ($421.96 in chips)
Seat 7: 7db0aadf ($121.84 in chips)
Seat 3: e3e4a149 ($272.98 in chips)
Seat 5: 608b71f9 ($399 in chips)
Seat 2: Hero ($328.66 in chips)
7db0aadf: posts small blind $1
acb907c5: posts big blind $2
*** HOLE CARDS ***
Dealt to c5c537aa 
Dealt to d481e505 
Dealt to acb907c5 
Dealt to 7db0aadf 
Dealt to e3e4a149 
Dealt to 608b71f9 
Dealt to Hero [3d 7d]
Hero: folds
e3e4a149: raises $4 to $6
c5c537aa: folds
608b71f9: folds
d481e505: calls $6
7db0aadf: folds
acb907c5: folds
*** FLOP *** [Kc 8h 3s]
e3e4a149: bets $11.25
d481e505: folds
Uncalled bet ($11.25) returned to e3e4a149
*** SHOWDOWN ***
e3e4a149 collected $15 from pot
*** SUMMARY ***
Total pot $15
Board [Kc 8h 3s]
Seat 4: c5c537aa folded before Flop (didn't bet)
Seat 6: d481e505 folded on the Flop
Seat 1: acb907c5(big blind) folded before Flop
Seat 7: 7db0aadf(small blind) folded before Flop
Seat 3: e3e4a149won ($15) with Ace-High
Seat 5: 608b71f9 folded before Flop (didn't bet)
Seat 2: Hero folded before Flop (didn't bet)



Poker Hand #ring_886936289: NLH No Limit ($1/$2) - 2025/05/19 21:09:41
Table 'MR NLH 1/2' 7-max Seat #5 is the button
Seat 4: c5c537aa ($400 in chips)
Seat 6: d481e505 ($436.55 in chips)
Seat 1: acb907c5 ($421.96 in chips)
Seat 7: 7db0aadf ($123.84 in chips)
Seat 3: e3e4a149 ($269.98 in chips)
Seat 5: 608b71f9 ($399 in chips)
Seat 2: Hero ($328.66 in chips)
d481e505: posts small blind $1
7db0aadf: posts big blind $2
*** HOLE CARDS ***
Dealt to c5c537aa 
Dealt to d481e505 
Dealt to acb907c5 
Dealt to 7db0aadf 
Dealt to e3e4a149 
Dealt to 608b71f9 
Dealt to Hero [4s Qh]
acb907c5: folds
Hero: folds
e3e4a149: raises $6 to $8
c5c537aa: folds
608b71f9: folds
d481e505: folds
7db0aadf: folds
Uncalled bet ($6) returned to e3e4a149
*** SHOWDOWN ***
e3e4a149 collected $5 from pot
*** SUMMARY ***
Total pot $5
Seat 4: c5c537aa folded before Flop (didn't bet)
Seat 6: d481e505(small blind) folded before Flop
Seat 1: acb907c5 folded before Flop (didn't bet)
Seat 7: 7db0aadf(big blind) folded before Flop
Seat 3: e3e4a149won ($5)
Seat 5: 608b71f9 folded before Flop (didn't bet)
Seat 2: Hero folded before Flop (didn't bet)



Poker Hand #ring_886934748: NLH No Limit ($1/$2) - 2025/05/19 21:08:44
Table 'MR NLH 1/2' 7-max Seat #4 is the button
Seat 4: c5c537aa ($400 in chips)
Seat 6: d481e505 ($451.13 in chips)
Seat 1: acb907c5 ($421.96 in chips)
Seat 7: 7db0aadf ($110.11 in chips)
Seat 3: e3e4a149 ($269.98 in chips)
Seat 5: 608b71f9 ($400 in chips)
Seat 2: Hero ($328.66 in chips)
608b71f9: posts small blind $1
d481e505: posts big blind $2
*** HOLE CARDS ***
Dealt to c5c537aa 
Dealt to d481e505 
Dealt to acb907c5 
Dealt to 7db0aadf 
Dealt to e3e4a149 
Dealt to 608b71f9 
Dealt to Hero [Qd 5c]
7db0aadf: raises $4 to $6
acb907c5: folds
Hero: folds
e3e4a149: folds
c5c537aa: folds
608b71f9: folds
d481e505: calls $4
*** FLOP *** [9s Jc Ac]
d481e505: checks
7db0aadf: bets $8.58
d481e505: calls $8.58
*** TURN *** [9s Jc Ac] [8d]
d481e505: checks
7db0aadf: checks
*** RIVER *** [9s Jc Ac 8d] [Qc]
d481e505: checks
7db0aadf: bets $19.91
d481e505: folds
Uncalled bet ($19.91) returned to 7db0aadf
*** SHOWDOWN ***
7db0aadf collected $30.16 from pot
*** SUMMARY ***
Total pot $30.16
Board [9s Jc Ac 8d Qc]
Seat 4: c5c537aa folded before Flop (didn't bet)
Seat 6: d481e505(big blind) folded on the River
Seat 1: acb907c5 folded before Flop (didn't bet)
Seat 7: 7db0aadfwon ($30.16) with Pair of Aces
Seat 3: e3e4a149 folded before Flop (didn't bet)
Seat 5: 608b71f9(small blind) folded before Flop
Seat 2: Hero folded before Flop (didn't bet)



Poker Hand #ring_886933316: NLH No Limit ($1/$2) - 2025/05/19 21:07:51
Table 'MR NLH 1/2' 7-max Seat #3 is the button
Seat 4: c5c537aa ($401 in chips)
Seat 6: d481e505 ($451.13 in chips)
Seat 1: acb907c5 ($421.96 in chips)
Seat 7: 7db0aadf ($102.69 in chips)
Seat 3: e3e4a149 ($274.98 in chips)
Seat 5: 608b71f9 ($400 in chips)
Seat 2: Hero ($328.66 in chips)
c5c537aa: posts small blind $1
608b71f9: posts big blind $2
*** HOLE CARDS ***
Dealt to c5c537aa 
Dealt to d481e505 
Dealt to acb907c5 
Dealt to 7db0aadf 
Dealt to e3e4a149 
Dealt to 608b71f9 
Dealt to Hero [6c 2c]
d481e505: folds
7db0aadf: raises $3 to $5
acb907c5: folds
Hero: folds
e3e4a149: calls $5
c5c537aa: folds
608b71f9: folds
*** FLOP *** [Qc Kh 6d]
7db0aadf: checks
e3e4a149: checks
*** TURN *** [Qc Kh 6d] [Qs]
7db0aadf: bets $4.29
e3e4a149: folds
Uncalled bet ($4.29) returned to 7db0aadf
*** SHOWDOWN ***
7db0aadf collected $13 from pot
*** SUMMARY ***
Total pot $13
Board [Qc Kh 6d Qs]
Seat 4: c5c537aa(small blind) folded before Flop
Seat 6: d481e505 folded before Flop (didn't bet)
Seat 1: acb907c5 folded before Flop (didn't bet)
Seat 7: 7db0aadfwon ($13) with Pair of Queens
Seat 3: e3e4a149 folded on the Turn
Seat 5: 608b71f9(big blind) folded before Flop
Seat 2: Hero folded before Flop (didn't bet)



Poker Hand #ring_886932577: NLH No Limit ($1/$2) - 2025/05/19 21:07:25
Table 'MR NLH 1/2' 7-max Seat #2 is the button
Seat 4: c5c537aa ($400 in chips)
Seat 6: d481e505 ($451.13 in chips)
Seat 1: acb907c5 ($421.96 in chips)
Seat 7: 7db0aadf ($102.69 in chips)
Seat 3: e3e4a149 ($275.98 in chips)
Seat 2: Hero ($328.66 in chips)
e3e4a149: posts small blind $1
c5c537aa: posts big blind $2
*** HOLE CARDS ***
Dealt to c5c537aa 
Dealt to d481e505 
Dealt to acb907c5 
Dealt to 7db0aadf 
Dealt to e3e4a149 
Dealt to Hero [2d 5c]
d481e505: folds
7db0aadf: folds
acb907c5: folds
Hero: folds
e3e4a149: folds
*** SHOWDOWN ***
c5c537aa collected $3 from pot
*** SUMMARY ***
Total pot $3
Seat 4: c5c537aa(big blind)won ($3)
Seat 6: d481e505 folded before Flop (didn't bet)
Seat 1: acb907c5 folded before Flop (didn't bet)
Seat 7: 7db0aadf folded before Flop (didn't bet)
Seat 3: e3e4a149(small blind) folded before Flop
Seat 2: Hero folded before Flop (didn't bet)



Poker Hand #ring_886931208: NLH No Limit ($1/$2) - 2025/05/19 21:06:33
Table 'MR NLH 1/2' 7-max Seat #1 is the button
Seat 4: 4ae3b47d ($200 in chips)
Seat 6: d481e505 ($461.41 in chips)
Seat 1: acb907c5 ($421.96 in chips)
Seat 7: 7db0aadf ($88.1 in chips)
Seat 3: e3e4a149 ($280.98 in chips)
Seat 2: Hero ($329.66 in chips)
Hero: posts small blind $1
e3e4a149: posts big blind $2
*** HOLE CARDS ***
Dealt to 4ae3b47d 
Dealt to d481e505 
Dealt to acb907c5 
Dealt to 7db0aadf 
Dealt to e3e4a149 
Dealt to Hero [Jd 8h]
4ae3b47d: folds
d481e505: raises $3 to $5
7db0aadf: calls $5
acb907c5: folds
Hero: folds
e3e4a149: calls $3
*** FLOP *** [Kc 9d 6c]
e3e4a149: checks
d481e505: bets $5.28
7db0aadf: calls $5.28
e3e4a149: folds
*** TURN *** [Kc 9d 6c] [2h]
d481e505: checks
7db0aadf: bets $19
d481e505: folds
Uncalled bet ($19) returned to 7db0aadf
*** SHOWDOWN ***
7db0aadf collected $26.56 from pot
*** SUMMARY ***
Total pot $26.56
Board [Kc 9d 6c 2h]
Seat 4: 4ae3b47d folded before Flop (didn't bet)
Seat 6: d481e505 folded on the Turn
Seat 1: acb907c5 folded before Flop (didn't bet)
Seat 7: 7db0aadfwon ($26.56) with Pair of Sixes
Seat 3: e3e4a149(big blind) folded on the Flop
Seat 2: Hero(small blind) folded before Flop



Poker Hand #ring_886928685: NLH No Limit ($1/$2) - 2025/05/19 21:04:59
Table 'MR NLH 1/2' 7-max Seat #7 is the button
Seat 4: 4ae3b47d ($200.9 in chips)
Seat 6: d481e505 ($448.58 in chips)
Seat 1: acb907c5 ($422.96 in chips)
Seat 7: 7db0aadf ($88.1 in chips)
Seat 3: e3e4a149 ($280.98 in chips)
Seat 2: Hero ($331.66 in chips)
acb907c5: posts small blind $1
Hero: posts big blind $2
*** HOLE CARDS ***
Dealt to 4ae3b47d 
Dealt to d481e505 
Dealt to acb907c5 
Dealt to 7db0aadf 
Dealt to e3e4a149 
Dealt to Hero [Td 9c]
e3e4a149: folds
4ae3b47d: raises $3 to $5
d481e505: calls $5
7db0aadf: folds
acb907c5: folds
Hero: folds
*** FLOP *** [5s 4d 8c]
4ae3b47d: checks
d481e505: bets $6.5
4ae3b47d: calls $6.5
*** TURN *** [5s 4d 8c] [6c]
4ae3b47d: checks
d481e505: bets $13
4ae3b47d: folds
Uncalled bet ($13) returned to d481e505
*** SHOWDOWN ***
d481e505 collected $26 from pot
*** SUMMARY ***
Total pot $26
Board [5s 4d 8c 6c]
Seat 4: 4ae3b47d folded on the Turn
Seat 6: d481e505won ($26) with Pair of Eights
Seat 1: acb907c5(small blind) folded before Flop
Seat 7: 7db0aadf folded before Flop (didn't bet)
Seat 3: e3e4a149 folded before Flop (didn't bet)
Seat 2: Hero(big blind) folded before Flop



Poker Hand #ring_886927624: NLH No Limit ($1/$2) - 2025/05/19 21:04:20
Table 'MR NLH 1/2' 7-max Seat #6 is the button
Seat 4: 4ae3b47d ($200.9 in chips)
Seat 6: d481e505 ($448.58 in chips)
Seat 1: acb907c5 ($424.96 in chips)
Seat 7: 7db0aadf ($94.1 in chips)
Seat 3: e3e4a149 ($280.98 in chips)
Seat 2: Hero ($324.29 in chips)
7db0aadf: posts small blind $1
acb907c5: posts big blind $2
*** HOLE CARDS ***
Dealt to 4ae3b47d 
Dealt to d481e505 
Dealt to acb907c5 
Dealt to 7db0aadf 
Dealt to e3e4a149 
Dealt to Hero [Qh Qd]
Hero: raises $4 to $6
e3e4a149: folds
4ae3b47d: folds
d481e505: folds
7db0aadf: calls $5
acb907c5: folds
*** FLOP *** [Qc Ad 8d]
7db0aadf: checks
Hero: bets $7
7db0aadf: folds
Uncalled bet ($7) returned to Hero
*** SHOWDOWN ***
Hero collected $14 from pot
*** SUMMARY ***
Total pot $14
Board [Qc Ad 8d]
Seat 4: 4ae3b47d folded before Flop (didn't bet)
Seat 6: d481e505 folded before Flop (didn't bet)
Seat 1: acb907c5(big blind) folded before Flop
Seat 7: 7db0aadf(small blind) folded on the Flop
Seat 3: e3e4a149 folded before Flop (didn't bet)
Seat 2: Herowon ($14) with Three Queens



Poker Hand #ring_886926576: NLH No Limit ($1/$2) - 2025/05/19 21:03:42
Table 'MR NLH 1/2' 7-max Seat #4 is the button
Seat 4: 4ae3b47d ($200.9 in chips)
Seat 6: d481e505 ($441.21 in chips)
Seat 1: acb907c5 ($424.96 in chips)
Seat 7: 7db0aadf ($96.1 in chips)
Seat 3: e3e4a149 ($286.98 in chips)
Seat 2: Hero ($324.29 in chips)
d481e505: posts small blind $1
7db0aadf: posts big blind $2
*** HOLE CARDS ***
Dealt to 4ae3b47d 
Dealt to d481e505 
Dealt to acb907c5 
Dealt to 7db0aadf 
Dealt to e3e4a149 
Dealt to Hero [2s 5d]
acb907c5: folds
Hero: folds
e3e4a149: calls $2
4ae3b47d: folds
d481e505: raises $4 to $6
7db0aadf: folds
e3e4a149: calls $4
*** FLOP *** [Qd 8s Tc]
d481e505: bets $7
e3e4a149: folds
Uncalled bet ($7) returned to d481e505
*** SHOWDOWN ***
d481e505 collected $14 from pot
*** SUMMARY ***
Total pot $14
Board [Qd 8s Tc]
Seat 4: 4ae3b47d folded before Flop (didn't bet)
Seat 6: d481e505(small blind)won ($14) with King-High
Seat 1: acb907c5 folded before Flop (didn't bet)
Seat 7: 7db0aadf(big blind) folded before Flop
Seat 3: e3e4a149 folded on the Flop
Seat 2: Hero folded before Flop (didn't bet)



Poker Hand #ring_886925106: NLH No Limit ($1/$2) - 2025/05/19 21:02:48
Table 'MR NLH 1/2' 7-max Seat #3 is the button
Seat 4: 4ae3b47d ($201.9 in chips)
Seat 6: d481e505 ($449.21 in chips)
Seat 1: acb907c5 ($424.96 in chips)
Seat 7: 7db0aadf ($79.1 in chips)
Seat 3: e3e4a149 ($294.98 in chips)
Seat 2: Hero ($324.29 in chips)
4ae3b47d: posts small blind $1
d481e505: posts big blind $2
*** HOLE CARDS ***
Dealt to 4ae3b47d 
Dealt to d481e505 
Dealt to acb907c5 
Dealt to 7db0aadf 
Dealt to e3e4a149 
Dealt to Hero [5c 4s]
7db0aadf: calls $2
acb907c5: folds
Hero: folds
e3e4a149: raises $6 to $8
4ae3b47d: folds
d481e505: calls $6
7db0aadf: raises $47 to $55
e3e4a149: folds
d481e505: folds
Uncalled bet ($47) returned to 7db0aadf
*** SHOWDOWN ***
7db0aadf collected $25 from pot
*** SUMMARY ***
Total pot $25
Seat 4: 4ae3b47d(small blind) folded before Flop
Seat 6: d481e505(big blind) folded before Flop
Seat 1: acb907c5 folded before Flop (didn't bet)
Seat 7: 7db0aadfwon ($25)
Seat 3: e3e4a149 folded before Flop
Seat 2: Hero folded before Flop (didn't bet)



Poker Hand #ring_886923335: NLH No Limit ($1/$2) - 2025/05/19 21:01:43
Table 'MR NLH 1/2' 7-max Seat #2 is the button
Seat 4: 4ae3b47d ($203.9 in chips)
Seat 6: d481e505 ($449.21 in chips)
Seat 1: acb907c5 ($424.96 in chips)
Seat 7: 7db0aadf ($58.15 in chips)
Seat 3: e3e4a149 ($311.2 in chips)
Seat 2: Hero ($329.29 in chips)
e3e4a149: posts small blind $1
4ae3b47d: posts big blind $2
*** HOLE CARDS ***
Dealt to 4ae3b47d 
Dealt to d481e505 
Dealt to acb907c5 
Dealt to 7db0aadf 
Dealt to e3e4a149 
Dealt to Hero [Qs Ts]
d481e505: folds
7db0aadf: raises $3 to $5
acb907c5: folds
Hero: calls $5
e3e4a149: calls $4
4ae3b47d: folds
*** FLOP *** [6s 9c 9h]
e3e4a149: checks
7db0aadf: bets $11.22
Hero: folds
e3e4a149: calls $11.22
*** TURN *** [6s 9c 9h] [Kc]
e3e4a149: checks
7db0aadf: bets $41.93 and is all-in
e3e4a149: folds
Uncalled bet ($41.93) returned to 7db0aadf
7db0aadf: shows [2s]
*** SHOWDOWN ***
7db0aadf collected $39.44 from pot
*** SUMMARY ***
Total pot $39.44
Board [6s 9c 9h Kc]
Seat 4: 4ae3b47d(big blind) folded before Flop
Seat 6: d481e505 folded before Flop (didn't bet)
Seat 1: acb907c5 folded before Flop (didn't bet)
Seat 7: 7db0aadf showed [2s] and won ($39.44) with Pair of Nines and Pair of Twos
Seat 3: e3e4a149(small blind) folded on the Turn
Seat 2: Hero folded on the Flop



Poker Hand #ring_886922369: NLH No Limit ($1/$2) - 2025/05/19 21:01:08
Table 'MR NLH 1/2' 7-max Seat #1 is the button
Seat 4: 4ae3b47d ($203.9 in chips)
Seat 6: d481e505 ($443.7 in chips)
Seat 1: acb907c5 ($424.96 in chips)
Seat 7: 7db0aadf ($58.15 in chips)
Seat 3: e3e4a149 ($316.2 in chips)
Seat 2: Hero ($330.29 in chips)
Hero: posts small blind $1
e3e4a149: posts big blind $2
*** HOLE CARDS ***
Dealt to 4ae3b47d 
Dealt to d481e505 
Dealt to acb907c5 
Dealt to 7db0aadf 
Dealt to e3e4a149 
Dealt to Hero [3d 8h]
4ae3b47d: folds
d481e505: raises $3 to $5
7db0aadf: folds
acb907c5: folds
Hero: folds
e3e4a149: calls $3
*** FLOP *** [4c Qd 9h]
e3e4a149: checks
d481e505: bets $3.63
e3e4a149: folds
Uncalled bet ($3.63) returned to d481e505
*** SHOWDOWN ***
d481e505 collected $11 from pot
*** SUMMARY ***
Total pot $11
Board [4c Qd 9h]
Seat 4: 4ae3b47d folded before Flop (didn't bet)
Seat 6: d481e505won ($11) with Pair of Sevens
Seat 1: acb907c5 folded before Flop (didn't bet)
Seat 7: 7db0aadf folded before Flop (didn't bet)
Seat 3: e3e4a149(big blind) folded on the Flop
Seat 2: Hero(small blind) folded before Flop



Poker Hand #ring_886920680: NLH No Limit ($1/$2) - 2025/05/19 21:00:07
Table 'MR NLH 1/2' 7-max Seat #7 is the button
Seat 4: 4ae3b47d ($221.4 in chips)
Seat 6: d481e505 ($443.7 in chips)
Seat 1: acb907c5 ($425.96 in chips)
Seat 7: 7db0aadf ($58.15 in chips)
Seat 3: e3e4a149 ($297.91 in chips)
Seat 2: Hero ($332.29 in chips)
acb907c5: posts small blind $1
Hero: posts big blind $2
*** HOLE CARDS ***
Dealt to 4ae3b47d 
Dealt to d481e505 
Dealt to acb907c5 
Dealt to 7db0aadf 
Dealt to e3e4a149 
Dealt to Hero [Kc 9s]
e3e4a149: calls $2
4ae3b47d: raises $6 to $8
d481e505: folds
7db0aadf: folds
acb907c5: folds
Hero: folds
e3e4a149: calls $6
*** FLOP *** [5s Ks 6h]
e3e4a149: checks
4ae3b47d: bets $9.5
e3e4a149: raises $28.5 to $38
4ae3b47d: folds
Uncalled bet ($28.5) returned to e3e4a149
*** SHOWDOWN ***
e3e4a149 collected $38 from pot
*** SUMMARY ***
Total pot $38
Board [5s Ks 6h]
Seat 4: 4ae3b47d folded on the Flop
Seat 6: d481e505 folded before Flop (didn't bet)
Seat 1: acb907c5(small blind) folded before Flop
Seat 7: 7db0aadf folded before Flop (didn't bet)
Seat 3: e3e4a149won ($38) with Pair of Sixes and Pair of Fives
Seat 2: Hero(big blind) folded before Flop



Poker Hand #ring_886918919: NLH No Limit ($1/$2) - 2025/05/19 20:59:04
Table 'MR NLH 1/2' 7-max Seat #6 is the button
Seat 4: 4ae3b47d ($221.4 in chips)
Seat 6: d481e505 ($443.7 in chips)
Seat 1: acb907c5 ($419.59 in chips)
Seat 7: 7db0aadf ($65.15 in chips)
Seat 3: e3e4a149 ($297.91 in chips)
Seat 2: Hero ($332.29 in chips)
7db0aadf: posts small blind $1
acb907c5: posts big blind $2
*** HOLE CARDS ***
Dealt to 4ae3b47d 
Dealt to d481e505 
Dealt to acb907c5 
Dealt to 7db0aadf 
Dealt to e3e4a149 
Dealt to Hero [2c Td]
Hero: folds
e3e4a149: folds
4ae3b47d: folds
d481e505: folds
7db0aadf: calls $1
acb907c5: raises $5 to $7
7db0aadf: calls $5
*** FLOP *** [6d Kc 2d]
7db0aadf: checks
acb907c5: bets $7
7db0aadf: folds
Uncalled bet ($7) returned to acb907c5
*** SHOWDOWN ***
acb907c5 collected $14 from pot
*** SUMMARY ***
Total pot $14
Board [6d Kc 2d]
Seat 4: 4ae3b47d folded before Flop (didn't bet)
Seat 6: d481e505 folded before Flop (didn't bet)
Seat 1: acb907c5(big blind)won ($14) with Ace-High
Seat 7: 7db0aadf(small blind) folded on the Flop
Seat 3: e3e4a149 folded before Flop (didn't bet)
Seat 2: Hero folded before Flop (didn't bet)



Poker Hand #ring_886917621: NLH No Limit ($1/$2) - 2025/05/19 20:58:17
Table 'MR NLH 1/2' 7-max Seat #4 is the button
Seat 4: 4ae3b47d ($221.4 in chips)
Seat 6: d481e505 ($444.7 in chips)
Seat 1: acb907c5 ($419.59 in chips)
Seat 7: 7db0aadf ($71.15 in chips)
Seat 3: e3e4a149 ($291.49 in chips)
Seat 2: Hero ($332.29 in chips)
d481e505: posts small blind $1
7db0aadf: posts big blind $2
*** HOLE CARDS ***
Dealt to 4ae3b47d 
Dealt to d481e505 
Dealt to acb907c5 
Dealt to 7db0aadf 
Dealt to e3e4a149 
Dealt to Hero [7s Qs]
acb907c5: folds
Hero: folds
e3e4a149: raises $4 to $6
4ae3b47d: folds
d481e505: folds
7db0aadf: calls $4
*** FLOP *** [Qd 5d 7h]
7db0aadf: checks
e3e4a149: bets $9.75
7db0aadf: folds
Uncalled bet ($9.75) returned to e3e4a149
*** SHOWDOWN ***
e3e4a149 collected $13 from pot
*** SUMMARY ***
Total pot $13
Board [Qd 5d 7h]
Seat 4: 4ae3b47d folded before Flop (didn't bet)
Seat 6: d481e505(small blind) folded before Flop
Seat 1: acb907c5 folded before Flop (didn't bet)
Seat 7: 7db0aadf(big blind) folded on the Flop
Seat 3: e3e4a149won ($13) with Ace-High
Seat 2: Hero folded before Flop (didn't bet)



Poker Hand #ring_886916332: NLH No Limit ($1/$2) - 2025/05/19 20:57:30
Table 'MR NLH 1/2' 7-max Seat #3 is the button
Seat 4: 4ae3b47d ($222.4 in chips)
Seat 6: d481e505 ($446.7 in chips)
Seat 1: acb907c5 ($419.59 in chips)
Seat 7: 7db0aadf ($109.15 in chips)
Seat 3: e3e4a149 ($254.54 in chips)
Seat 2: Hero ($332.29 in chips)
4ae3b47d: posts small blind $1
d481e505: posts big blind $2
*** HOLE CARDS ***
Dealt to 4ae3b47d 
Dealt to d481e505 
Dealt to acb907c5 
Dealt to 7db0aadf 
Dealt to e3e4a149 
Dealt to Hero [Jd 8c]
7db0aadf: raises $4 to $6
acb907c5: folds
Hero: folds
e3e4a149: raises $7.5 to $13.5
4ae3b47d: folds
d481e505: folds
7db0aadf: raises $24.5 to $38
e3e4a149: calls $24.5
*** FLOP *** [Ks Qd Jc]
7db0aadf: checks
e3e4a149: bets $79
7db0aadf: folds
Uncalled bet ($79) returned to e3e4a149
*** SHOWDOWN ***
e3e4a149 collected $79 from pot
*** SUMMARY ***
Total pot $79
Board [Ks Qd Jc]
Seat 4: 4ae3b47d(small blind) folded before Flop
Seat 6: d481e505(big blind) folded before Flop
Seat 1: acb907c5 folded before Flop (didn't bet)
Seat 7: 7db0aadf folded on the Flop
Seat 3: e3e4a149won ($79) with Pair of Tens
Seat 2: Hero folded before Flop (didn't bet)



Poker Hand #ring_886914952: NLH No Limit ($1/$2) - 2025/05/19 20:56:41
Table 'MR NLH 1/2' 7-max Seat #2 is the button
Seat 4: 4ae3b47d ($224.4 in chips)
Seat 6: d481e505 ($446.7 in chips)
Seat 1: acb907c5 ($419.59 in chips)
Seat 7: 7db0aadf ($109.15 in chips)
Seat 3: e3e4a149 ($255.54 in chips)
Seat 5: a704b0c3 ($217.49 in chips)
Seat 2: Hero ($323.96 in chips)
e3e4a149: posts small blind $1
4ae3b47d: posts big blind $2
*** HOLE CARDS ***
Dealt to 4ae3b47d 
Dealt to d481e505 
Dealt to acb907c5 
Dealt to 7db0aadf 
Dealt to e3e4a149 
Dealt to a704b0c3 
Dealt to Hero [Jh Qs]
a704b0c3: raises $4 to $6
d481e505: folds
7db0aadf: folds
acb907c5: folds
Hero: calls $6
e3e4a149: folds
4ae3b47d: folds
*** FLOP *** [Jd 9d 3d]
a704b0c3: checks
Hero: checks
*** TURN *** [Jd 9d 3d] [As]
a704b0c3: checks
Hero: checks
*** RIVER *** [Jd 9d 3d As] [Th]
a704b0c3: checks
Hero: bets $7.5
a704b0c3: folds
Uncalled bet ($7.5) returned to Hero
*** SHOWDOWN ***
Hero collected $15 from pot
*** SUMMARY ***
Total pot $15
Board [Jd 9d 3d As Th]
Seat 4: 4ae3b47d(big blind) folded before Flop
Seat 6: d481e505 folded before Flop (didn't bet)
Seat 1: acb907c5 folded before Flop (didn't bet)
Seat 7: 7db0aadf folded before Flop (didn't bet)
Seat 3: e3e4a149(small blind) folded before Flop
Seat 5: a704b0c3 folded on the River
Seat 2: Herowon ($15) with Pair of Jacks



Poker Hand #ring_886914313: NLH No Limit ($1/$2) - 2025/05/19 20:56:17
Table 'MR NLH 1/2' 7-max Seat #1 is the button
Seat 4: 4ae3b47d ($224.4 in chips)
Seat 6: d481e505 ($446.7 in chips)
Seat 1: acb907c5 ($419.59 in chips)
Seat 7: 7db0aadf ($109.15 in chips)
Seat 3: e3e4a149 ($254.54 in chips)
Seat 5: a704b0c3 ($217.49 in chips)
Seat 2: Hero ($324.96 in chips)
Hero: posts small blind $1
e3e4a149: posts big blind $2
*** HOLE CARDS ***
Dealt to 4ae3b47d 
Dealt to d481e505 
Dealt to acb907c5 
Dealt to 7db0aadf 
Dealt to e3e4a149 
Dealt to a704b0c3 
Dealt to Hero [8h 5s]
4ae3b47d: folds
a704b0c3: folds
d481e505: folds
7db0aadf: folds
acb907c5: folds
Hero: folds
*** SHOWDOWN ***
e3e4a149 collected $3 from pot
*** SUMMARY ***
Total pot $3
Seat 4: 4ae3b47d folded before Flop (didn't bet)
Seat 6: d481e505 folded before Flop (didn't bet)
Seat 1: acb907c5 folded before Flop (didn't bet)
Seat 7: 7db0aadf folded before Flop (didn't bet)
Seat 3: e3e4a149(big blind)won ($3)
Seat 5: a704b0c3 folded before Flop (didn't bet)
Seat 2: Hero(small blind) folded before Flop



Poker Hand #ring_886912714: NLH No Limit ($1/$2) - 2025/05/19 20:55:21
Table 'MR NLH 1/2' 7-max Seat #7 is the button
Seat 4: 4ae3b47d ($224.4 in chips)
Seat 6: d481e505 ($401.16 in chips)
Seat 1: acb907c5 ($420.59 in chips)
Seat 7: 7db0aadf ($109.15 in chips)
Seat 3: e3e4a149 ($262.54 in chips)
Seat 5: a704b0c3 ($250.24 in chips)
Seat 2: Hero ($332.96 in chips)
acb907c5: posts small blind $1
Hero: posts big blind $2
*** HOLE CARDS ***
Dealt to 4ae3b47d 
Dealt to d481e505 
Dealt to acb907c5 
Dealt to 7db0aadf 
Dealt to e3e4a149 
Dealt to a704b0c3 
Dealt to Hero [5c 9c]
e3e4a149: raises $6 to $8
4ae3b47d: folds
a704b0c3: calls $8
d481e505: calls $8
7db0aadf: folds
acb907c5: folds
Hero: calls $6
*** FLOP *** [6d Ad 2d]
Hero: checks
e3e4a149: checks
a704b0c3: checks
d481e505: checks
*** TURN *** [6d Ad 2d] [Kc]
Hero: checks
e3e4a149: checks
a704b0c3: bets $24.75
d481e505: raises $41.25 to $66
Hero: folds
e3e4a149: folds
a704b0c3: folds
Uncalled bet ($41.25) returned to d481e505
*** SHOWDOWN ***
d481e505 collected $82.5 from pot
*** SUMMARY ***
Total pot $82.5
Board [6d Ad 2d Kc]
Seat 4: 4ae3b47d folded before Flop (didn't bet)
Seat 6: d481e505won ($82.5) with Pair of Kings and Pair of Twos
Seat 1: acb907c5(small blind) folded before Flop
Seat 7: 7db0aadf folded before Flop (didn't bet)
Seat 3: e3e4a149 folded on the Turn
Seat 5: a704b0c3 folded on the Turn
Seat 2: Hero(big blind) folded on the Turn



Poker Hand #ring_886910774: NLH No Limit ($1/$2) - 2025/05/19 20:54:12
Table 'MR NLH 1/2' 7-max Seat #6 is the button
Seat 4: 4ae3b47d ($224.4 in chips)
Seat 6: d481e505 ($297.88 in chips)
Seat 1: acb907c5 ($422.59 in chips)
Seat 7: 7db0aadf ($110.15 in chips)
Seat 3: e3e4a149 ($270.54 in chips)
Seat 5: a704b0c3 ($352.74 in chips)
Seat 2: Hero ($332.96 in chips)
7db0aadf: posts small blind $1
acb907c5: posts big blind $2
*** HOLE CARDS ***
Dealt to 4ae3b47d 
Dealt to d481e505 
Dealt to acb907c5 
Dealt to 7db0aadf 
Dealt to e3e4a149 
Dealt to a704b0c3 
Dealt to Hero [7c 8s]
Hero: folds
e3e4a149: raises $6 to $8
4ae3b47d: folds
a704b0c3: calls $8
d481e505: calls $8
7db0aadf: folds
acb907c5: folds
*** FLOP *** [Kh 6h 2s]
e3e4a149: checks
a704b0c3: checks
d481e505: bets $13.5
e3e4a149: folds
a704b0c3: calls $13.5
*** TURN *** [Kh 6h 2s] [As]
a704b0c3: checks
d481e505: bets $27
a704b0c3: calls $27
*** RIVER *** [Kh 6h 2s As] [Jd]
a704b0c3: checks
d481e505: bets $54
a704b0c3: calls $54
a704b0c3: shows [Ah 3d]
d481e505: shows [2c 2h]
*** SHOWDOWN ***
d481e505 collected $216 from pot
*** SUMMARY ***
Total pot $216
Board [Kh 6h 2s As Jd]
Seat 4: 4ae3b47d folded before Flop (didn't bet)
Seat 6: d481e505 showed [2c 2h] and won ($216) with Three Twos
Seat 1: acb907c5(big blind) folded before Flop
Seat 7: 7db0aadf(small blind) folded before Flop
Seat 3: e3e4a149 folded on the Flop
Seat 5: a704b0c3 showed [Ah 3d] and lost with Pair of Aces
Seat 2: Hero folded before Flop (didn't bet)



Poker Hand #ring_886909279: NLH No Limit ($1/$2) - 2025/05/19 20:53:17
Table 'MR NLH 1/2' 7-max Seat #5 is the button
Seat 4: 4ae3b47d ($199 in chips)
Seat 6: d481e505 ($298.88 in chips)
Seat 1: acb907c5 ($422.59 in chips)
Seat 7: 7db0aadf ($112.15 in chips)
Seat 3: e3e4a149 ($287.45 in chips)
Seat 5: a704b0c3 ($360.74 in chips)
Seat 2: Hero ($332.96 in chips)
d481e505: posts small blind $1
7db0aadf: posts big blind $2
*** HOLE CARDS ***
Dealt to 4ae3b47d 
Dealt to d481e505 
Dealt to acb907c5 
Dealt to 7db0aadf 
Dealt to e3e4a149 
Dealt to a704b0c3 
Dealt to Hero [6c 7d]
acb907c5: folds
Hero: folds
e3e4a149: calls $2
4ae3b47d: raises $6 to $8
a704b0c3: calls $8
d481e505: folds
7db0aadf: folds
e3e4a149: calls $6
*** FLOP *** [4s 5c 4d]
e3e4a149: checks
4ae3b47d: bets $8.91
a704b0c3: folds
e3e4a149: calls $8.91
*** TURN *** [4s 5c 4d] [Jd]
e3e4a149: checks
4ae3b47d: bets $22.41
e3e4a149: folds
Uncalled bet ($22.41) returned to 4ae3b47d
*** SHOWDOWN ***
4ae3b47d collected $44.82 from pot
*** SUMMARY ***
Total pot $44.82
Board [4s 5c 4d Jd]
Seat 4: 4ae3b47dwon ($44.82) with Pair of Fours
Seat 6: d481e505(small blind) folded before Flop
Seat 1: acb907c5 folded before Flop (didn't bet)
Seat 7: 7db0aadf(big blind) folded before Flop
Seat 3: e3e4a149 folded on the Turn
Seat 5: a704b0c3 folded on the Flop
Seat 2: Hero folded before Flop (didn't bet)



Poker Hand #ring_886908250: NLH No Limit ($1/$2) - 2025/05/19 20:52:40
Table 'MR NLH 1/2' 7-max Seat #4 is the button
Seat 4: 4ae3b47d ($199 in chips)
Seat 6: d481e505 ($309.88 in chips)
Seat 1: acb907c5 ($433.59 in chips)
Seat 7: 7db0aadf ($112.15 in chips)
Seat 3: e3e4a149 ($287.45 in chips)
Seat 5: a704b0c3 ($340.72 in chips)
Seat 2: Hero ($332.96 in chips)
a704b0c3: posts small blind $1
d481e505: posts big blind $2
*** HOLE CARDS ***
Dealt to 4ae3b47d 
Dealt to d481e505 
Dealt to acb907c5 
Dealt to 7db0aadf 
Dealt to e3e4a149 
Dealt to a704b0c3 
Dealt to Hero [6d 2s]
7db0aadf: folds
acb907c5: raises $3 to $5
Hero: folds
e3e4a149: folds
4ae3b47d: folds
a704b0c3: raises $6 to $11
d481e505: calls $9
acb907c5: calls $6
*** FLOP *** [4s Qc 4d]
a704b0c3: bets $33
d481e505: folds
acb907c5: folds
Uncalled bet ($33) returned to a704b0c3
*** SHOWDOWN ***
a704b0c3 collected $33 from pot
*** SUMMARY ***
Total pot $33
Board [4s Qc 4d]
Seat 4: 4ae3b47d folded before Flop (didn't bet)
Seat 6: d481e505(big blind) folded on the Flop
Seat 1: acb907c5 folded on the Flop
Seat 7: 7db0aadf folded before Flop (didn't bet)
Seat 3: e3e4a149 folded before Flop (didn't bet)
Seat 5: a704b0c3(small blind)won ($33) with Three Fours
Seat 2: Hero folded before Flop (didn't bet)



Poker Hand #ring_886906331: NLH No Limit ($1/$2) - 2025/05/19 20:51:29
Table 'MR NLH 1/2' 7-max Seat #3 is the button
Seat 4: 4ae3b47d ($200 in chips)
Seat 6: d481e505 ($309.88 in chips)
Seat 1: acb907c5 ($433.59 in chips)
Seat 7: 7db0aadf ($79.52 in chips)
Seat 3: e3e4a149 ($304.7 in chips)
Seat 5: a704b0c3 ($357.97 in chips)
Seat 2: Hero ($332.96 in chips)
4ae3b47d: posts small blind $1
a704b0c3: posts big blind $2
*** HOLE CARDS ***
Dealt to 4ae3b47d 
Dealt to d481e505 
Dealt to acb907c5 
Dealt to 7db0aadf 
Dealt to e3e4a149 
Dealt to a704b0c3 
Dealt to Hero [4h As]
d481e505: folds
7db0aadf: raises $4 to $6
acb907c5: folds
Hero: folds
e3e4a149: raises $11.25 to $17.25
4ae3b47d: folds
a704b0c3: calls $15.25
7db0aadf: calls $11.25
*** FLOP *** [Kh Jd 7s]
a704b0c3: checks
7db0aadf: checks
e3e4a149: checks
*** TURN *** [Kh Jd 7s] [7c]
a704b0c3: checks
7db0aadf: bets $33
e3e4a149: folds
a704b0c3: folds
Uncalled bet ($33) returned to 7db0aadf
*** SHOWDOWN ***
7db0aadf collected $52.75 from pot
*** SUMMARY ***
Total pot $52.75
Board [Kh Jd 7s 7c]
Seat 4: 4ae3b47d(small blind) folded before Flop
Seat 6: d481e505 folded before Flop (didn't bet)
Seat 1: acb907c5 folded before Flop (didn't bet)
Seat 7: 7db0aadfwon ($52.75) with Pair of Sevens
Seat 3: e3e4a149 folded on the Turn
Seat 5: a704b0c3(big blind) folded on the Turn
Seat 2: Hero folded before Flop (didn't bet)



Poker Hand #ring_886905107: NLH No Limit ($1/$2) - 2025/05/19 20:50:44
Table 'MR NLH 1/2' 7-max Seat #2 is the button
Seat 4: 4ae3b47d ($200 in chips)
Seat 6: d481e505 ($309.88 in chips)
Seat 1: acb907c5 ($433.59 in chips)
Seat 7: 7db0aadf ($79.52 in chips)
Seat 3: e3e4a149 ($308.7 in chips)
Seat 5: a704b0c3 ($348.6 in chips)
Seat 2: Hero ($336.96 in chips)
e3e4a149: posts small blind $1
4ae3b47d: posts big blind $2
*** HOLE CARDS ***
Dealt to 4ae3b47d 
Dealt to d481e505 
Dealt to acb907c5 
Dealt to 7db0aadf 
Dealt to e3e4a149 
Dealt to a704b0c3 
Dealt to Hero [Th As]
a704b0c3: raises $2 to $4
d481e505: folds
7db0aadf: folds
acb907c5: folds
Hero: calls $4
e3e4a149: calls $3
4ae3b47d: folds
*** FLOP *** [3d Kh 4s]
e3e4a149: checks
a704b0c3: bets $10.5
Hero: folds
e3e4a149: folds
Uncalled bet ($10.5) returned to a704b0c3
*** SHOWDOWN ***
a704b0c3 collected $14 from pot
*** SUMMARY ***
Total pot $14
Board [3d Kh 4s]
Seat 4: 4ae3b47d(big blind) folded before Flop
Seat 6: d481e505 folded before Flop (didn't bet)
Seat 1: acb907c5 folded before Flop (didn't bet)
Seat 7: 7db0aadf folded before Flop (didn't bet)
Seat 3: e3e4a149(small blind) folded on the Flop
Seat 5: a704b0c3won ($14) with King-High
Seat 2: Hero folded on the Flop



Poker Hand #ring_886904249: NLH No Limit ($1/$2) - 2025/05/19 20:50:13
Table 'MR NLH 1/2' 7-max Seat #1 is the button
Seat 6: d481e505 ($309.88 in chips)
Seat 1: acb907c5 ($433.59 in chips)
Seat 7: 7db0aadf ($86.52 in chips)
Seat 3: e3e4a149 ($310.7 in chips)
Seat 5: a704b0c3 ($339.36 in chips)
Seat 2: Hero ($337.96 in chips)
Hero: posts small blind $1
e3e4a149: posts big blind $2
*** HOLE CARDS ***
Dealt to d481e505 
Dealt to acb907c5 
Dealt to 7db0aadf 
Dealt to e3e4a149 
Dealt to a704b0c3 
Dealt to Hero [Qc 2d]
a704b0c3: raises $5 to $7
d481e505: folds
7db0aadf: calls $7
acb907c5: folds
Hero: folds
e3e4a149: folds
*** FLOP *** [4h As 4d]
a704b0c3: bets $8.5
7db0aadf: folds
Uncalled bet ($8.5) returned to a704b0c3
*** SHOWDOWN ***
a704b0c3 collected $17 from pot
*** SUMMARY ***
Total pot $17
Board [4h As 4d]
Seat 6: d481e505 folded before Flop (didn't bet)
Seat 1: acb907c5 folded before Flop (didn't bet)
Seat 7: 7db0aadf folded on the Flop
Seat 3: e3e4a149(big blind) folded before Flop
Seat 5: a704b0c3won ($17) with Pair of Fours
Seat 2: Hero(small blind) folded before Flop



Poker Hand #ring_886902189: NLH No Limit ($1/$2) - 2025/05/19 20:48:55
Table 'MR NLH 1/2' 7-max Seat #7 is the button
Seat 6: d481e505 ($309.88 in chips)
Seat 1: acb907c5 ($434.59 in chips)
Seat 7: 7db0aadf ($133.42 in chips)
Seat 3: e3e4a149 ($241.87 in chips)
Seat 5: a704b0c3 ($364.26 in chips)
Seat 2: Hero ($339.96 in chips)
acb907c5: posts small blind $1
Hero: posts big blind $2
*** HOLE CARDS ***
Dealt to d481e505 
Dealt to acb907c5 
Dealt to 7db0aadf 
Dealt to e3e4a149 
Dealt to a704b0c3 
Dealt to Hero [Jd 3c]
e3e4a149: raises $4 to $6
a704b0c3: calls $6
d481e505: folds
7db0aadf: raises $18.9 to $24.9
acb907c5: folds
Hero: folds
e3e4a149: calls $18.9
a704b0c3: calls $18.9
*** FLOP *** [Tc 8s 7h]
e3e4a149: checks
a704b0c3: checks
7db0aadf: checks
*** TURN *** [Tc 8s 7h] [Td]
e3e4a149: checks
a704b0c3: checks
7db0aadf: bets $22
e3e4a149: calls $22
a704b0c3: folds
*** RIVER *** [Tc 8s 7h Td] [6s]
e3e4a149: bets $91.27
7db0aadf: folds
Uncalled bet ($91.27) returned to e3e4a149
*** SHOWDOWN ***
e3e4a149 collected $121.7 from pot
*** SUMMARY ***
Total pot $121.7
Board [Tc 8s 7h Td 6s]
Seat 6: d481e505 folded before Flop (didn't bet)
Seat 1: acb907c5(small blind) folded before Flop
Seat 7: 7db0aadf folded on the River
Seat 3: e3e4a149won ($121.7) with Tens-High Straight
Seat 5: a704b0c3 folded on the Turn
Seat 2: Hero(big blind) folded before Flop



Poker Hand #ring_886900070: NLH No Limit ($1/$2) - 2025/05/19 20:47:37
Table 'MR NLH 1/2' 7-max Seat #6 is the button
Seat 6: d481e505 ($309.88 in chips)
Seat 1: acb907c5 ($436.59 in chips)
Seat 7: 7db0aadf ($111.72 in chips)
Seat 3: e3e4a149 ($247.87 in chips)
Seat 5: a704b0c3 ($364.26 in chips)
Seat 2: Hero ($355.96 in chips)
7db0aadf: posts small blind $1
acb907c5: posts big blind $2
*** HOLE CARDS ***
Dealt to d481e505 
Dealt to acb907c5 
Dealt to 7db0aadf 
Dealt to e3e4a149 
Dealt to a704b0c3 
Dealt to Hero [6s 5s]
Hero: raises $4 to $6
e3e4a149: calls $6
a704b0c3: folds
d481e505: folds
7db0aadf: calls $5
acb907c5: folds
*** FLOP *** [Tc 3h Ks]
7db0aadf: checks
Hero: bets $10
e3e4a149: folds
7db0aadf: calls $10
*** TURN *** [Tc 3h Ks] [8s]
7db0aadf: checks
Hero: checks
*** RIVER *** [Tc 3h Ks 8s] [5h]
7db0aadf: bets $26.4
Hero: folds
Uncalled bet ($26.4) returned to 7db0aadf
*** SHOWDOWN ***
7db0aadf collected $40 from pot
*** SUMMARY ***
Total pot $40
Board [Tc 3h Ks 8s 5h]
Seat 6: d481e505 folded before Flop (didn't bet)
Seat 1: acb907c5(big blind) folded before Flop
Seat 7: 7db0aadf(small blind)won ($40) with Pair of Fives and Pair of Treys
Seat 3: e3e4a149 folded on the Flop
Seat 5: a704b0c3 folded before Flop (didn't bet)
Seat 2: Hero folded on the River



Poker Hand #ring_886898655: NLH No Limit ($1/$2) - 2025/05/19 20:46:44
Table 'MR NLH 1/2' 7-max Seat #5 is the button
Seat 4: ffbf2fea ($533.23 in chips)
Seat 6: d481e505 ($310.88 in chips)
Seat 1: acb907c5 ($436.59 in chips)
Seat 7: 7db0aadf ($117.72 in chips)
Seat 3: e3e4a149 ($435.34 in chips)
Seat 5: a704b0c3 ($187.47 in chips)
Seat 2: Hero ($355.96 in chips)
d481e505: posts small blind $1
7db0aadf: posts big blind $2
*** HOLE CARDS ***
Dealt to ffbf2fea 
Dealt to d481e505 
Dealt to acb907c5 
Dealt to 7db0aadf 
Dealt to e3e4a149 
Dealt to a704b0c3 
Dealt to Hero [6c 8d]
acb907c5: folds
Hero: folds
e3e4a149: raises $4 to $6
ffbf2fea: folds
a704b0c3: calls $6
d481e505: folds
7db0aadf: calls $4
*** FLOP *** [As 6h 3c]
7db0aadf: checks
e3e4a149: bets $9.5
a704b0c3: calls $9.5
7db0aadf: folds
*** TURN *** [As 6h 3c] [4c]
e3e4a149: bets $28.5
a704b0c3: calls $28.5
*** RIVER *** [As 6h 3c 4c] [7c]
e3e4a149: bets $71.24
a704b0c3: raises $72.23 to $143.47 and is all-in
e3e4a149: calls $72.23
e3e4a149: shows [4s 6s]
a704b0c3: shows [7h 5s]
*** SHOWDOWN ***
a704b0c3 collected $381.94 from pot
*** SUMMARY ***
Total pot $381.94
Board [As 6h 3c 4c 7c]
Seat 4: ffbf2fea folded before Flop (didn't bet)
Seat 6: d481e505(small blind) folded before Flop
Seat 1: acb907c5 folded before Flop (didn't bet)
Seat 7: 7db0aadf(big blind) folded on the Flop
Seat 3: e3e4a149 showed [4s 6s] and lost with Pair of Sixes and Pair of Fours
Seat 5: a704b0c3 showed [7h 5s] and won ($381.94) with Sevens-High Straight
Seat 2: Hero folded before Flop (didn't bet)



Poker Hand #ring_886896960: NLH No Limit ($1/$2) - 2025/05/19 20:45:42
Table 'MR NLH 1/2' 7-max Seat #4 is the button
Seat 4: ffbf2fea ($533.23 in chips)
Seat 6: d481e505 ($312.88 in chips)
Seat 1: acb907c5 ($436.59 in chips)
Seat 7: 7db0aadf ($104.48 in chips)
Seat 3: e3e4a149 ($435.34 in chips)
Seat 5: a704b0c3 ($200.47 in chips)
Seat 2: Hero ($355.96 in chips)
a704b0c3: posts small blind $1
d481e505: posts big blind $2
*** HOLE CARDS ***
Dealt to ffbf2fea 
Dealt to d481e505 
Dealt to acb907c5 
Dealt to 7db0aadf 
Dealt to e3e4a149 
Dealt to a704b0c3 
Dealt to Hero [5c 9d]
7db0aadf: raises $4 to $6
acb907c5: folds
Hero: folds
e3e4a149: folds
ffbf2fea: folds
a704b0c3: raises $7 to $13
d481e505: folds
7db0aadf: calls $7
*** FLOP *** [Qd 8d Jh]
a704b0c3: checks
7db0aadf: bets $9.24
a704b0c3: folds
Uncalled bet ($9.24) returned to 7db0aadf
7db0aadf: shows [Kc]
*** SHOWDOWN ***
7db0aadf collected $28 from pot
*** SUMMARY ***
Total pot $28
Board [Qd 8d Jh]
Seat 4: ffbf2fea folded before Flop (didn't bet)
Seat 6: d481e505(big blind) folded before Flop
Seat 1: acb907c5 folded before Flop (didn't bet)
Seat 7: 7db0aadf showed [Kc] and won ($28) with Pair of Queens
Seat 3: e3e4a149 folded before Flop (didn't bet)
Seat 5: a704b0c3(small blind) folded on the Flop
Seat 2: Hero folded before Flop (didn't bet)



Poker Hand #ring_886895575: NLH No Limit ($1/$2) - 2025/05/19 20:44:49
Table 'MR NLH 1/2' 7-max Seat #3 is the button
Seat 4: ffbf2fea ($534.23 in chips)
Seat 6: d481e505 ($312.88 in chips)
Seat 1: acb907c5 ($436.59 in chips)
Seat 7: 7db0aadf ($104.48 in chips)
Seat 3: e3e4a149 ($428.92 in chips)
Seat 5: a704b0c3 ($206.47 in chips)
Seat 2: Hero ($355.96 in chips)
ffbf2fea: posts small blind $1
a704b0c3: posts big blind $2
*** HOLE CARDS ***
Dealt to ffbf2fea 
Dealt to d481e505 
Dealt to acb907c5 
Dealt to 7db0aadf 
Dealt to e3e4a149 
Dealt to a704b0c3 
Dealt to Hero [Kd 7c]
d481e505: folds
7db0aadf: folds
acb907c5: folds
Hero: folds
e3e4a149: raises $4 to $6
ffbf2fea: folds
a704b0c3: calls $4
*** FLOP *** [9d 9h 9c]
a704b0c3: checks
e3e4a149: bets $9.75
a704b0c3: folds
Uncalled bet ($9.75) returned to e3e4a149
*** SHOWDOWN ***
e3e4a149 collected $13 from pot
*** SUMMARY ***
Total pot $13
Board [9d 9h 9c]
Seat 4: ffbf2fea(small blind) folded before Flop
Seat 6: d481e505 folded before Flop (didn't bet)
Seat 1: acb907c5 folded before Flop (didn't bet)
Seat 7: 7db0aadf folded before Flop (didn't bet)
Seat 3: e3e4a149won ($13) with Three Nines
Seat 5: a704b0c3(big blind) folded on the Flop
Seat 2: Hero folded before Flop (didn't bet)



Poker Hand #ring_886893198: NLH No Limit ($1/$2) - 2025/05/19 20:43:19
Table 'MR NLH 1/2' 7-max Seat #2 is the button
Seat 4: ffbf2fea ($536.23 in chips)
Seat 6: d481e505 ($312.88 in chips)
Seat 1: acb907c5 ($436.59 in chips)
Seat 7: 7db0aadf ($111.48 in chips)
Seat 3: e3e4a149 ($429.92 in chips)
Seat 5: a704b0c3 ($284.13 in chips)
Seat 2: Hero ($276.23 in chips)
e3e4a149: posts small blind $1
ffbf2fea: posts big blind $2
*** HOLE CARDS ***
Dealt to ffbf2fea 
Dealt to d481e505 
Dealt to acb907c5 
Dealt to 7db0aadf 
Dealt to e3e4a149 
Dealt to a704b0c3 
Dealt to Hero [5d Ad]
a704b0c3: raises $5 to $7
d481e505: folds
7db0aadf: calls $7
acb907c5: folds
Hero: calls $7
e3e4a149: folds
ffbf2fea: folds
*** FLOP *** [3h 8d Jd]
a704b0c3: bets $18
7db0aadf: folds
Hero: calls $18
*** TURN *** [3h 8d Jd] [7s]
a704b0c3: bets $19.8
Hero: calls $19.8
*** RIVER *** [3h 8d Jd 7s] [2d]
a704b0c3: bets $32.86
Hero: raises $198.57 to $231.43 and is all-in
a704b0c3: folds
Uncalled bet ($198.57) returned to Hero
*** SHOWDOWN ***
Hero collected $165.32 from pot
*** SUMMARY ***
Total pot $165.32
Board [3h 8d Jd 7s 2d]
Seat 4: ffbf2fea(big blind) folded before Flop
Seat 6: d481e505 folded before Flop (didn't bet)
Seat 1: acb907c5 folded before Flop (didn't bet)
Seat 7: 7db0aadf folded on the Flop
Seat 3: e3e4a149(small blind) folded before Flop
Seat 5: a704b0c3 folded on the River
Seat 2: Herowon ($165.32) with Ace High Flush



Poker Hand #ring_886891670: NLH No Limit ($1/$2) - 2025/05/19 20:42:22
Table 'MR NLH 1/2' 7-max Seat #1 is the button
Seat 4: ffbf2fea ($536.23 in chips)
Seat 6: d481e505 ($299.08 in chips)
Seat 1: acb907c5 ($436.59 in chips)
Seat 7: 7db0aadf ($111.48 in chips)
Seat 3: e3e4a149 ($444.58 in chips)
Seat 5: a704b0c3 ($284.13 in chips)
Seat 2: Hero ($277.23 in chips)
Hero: posts small blind $1
e3e4a149: posts big blind $2
*** HOLE CARDS ***
Dealt to ffbf2fea 
Dealt to d481e505 
Dealt to acb907c5 
Dealt to 7db0aadf 
Dealt to e3e4a149 
Dealt to a704b0c3 
Dealt to Hero [8s 2c]
ffbf2fea: folds
a704b0c3: folds
d481e505: raises $3 to $5
7db0aadf: folds
acb907c5: folds
Hero: folds
e3e4a149: calls $3
*** FLOP *** [2s Ts 3d]
e3e4a149: checks
d481e505: bets $3.63
e3e4a149: calls $3.63
*** TURN *** [2s Ts 3d] [Qc]
e3e4a149: checks
d481e505: bets $6.03
e3e4a149: calls $6.03
*** RIVER *** [2s Ts 3d Qc] [4s]
e3e4a149: checks
d481e505: checks
e3e4a149: shows [Kd Jc]
d481e505: shows [4c 5c]
*** SHOWDOWN ***
d481e505 collected $30.32 from pot
*** SUMMARY ***
Total pot $30.32
Board [2s Ts 3d Qc 4s]
Seat 4: ffbf2fea folded before Flop (didn't bet)
Seat 6: d481e505 showed [4c 5c] and won ($30.32) with Pair of Fours
Seat 1: acb907c5 folded before Flop (didn't bet)
Seat 7: 7db0aadf folded before Flop (didn't bet)
Seat 3: e3e4a149(big blind) showed [Kd Jc] and lost with King-High
Seat 5: a704b0c3 folded before Flop (didn't bet)
Seat 2: Hero(small blind) folded before Flop



Poker Hand #ring_886890565: NLH No Limit ($1/$2) - 2025/05/19 20:41:39
Table 'MR NLH 1/2' 7-max Seat #7 is the button
Seat 4: ffbf2fea ($536.23 in chips)
Seat 6: d481e505 ($274.87 in chips)
Seat 1: acb907c5 ($437.59 in chips)
Seat 7: 7db0aadf ($111.48 in chips)
Seat 3: e3e4a149 ($444.58 in chips)
Seat 5: a704b0c3 ($308.13 in chips)
Seat 2: Hero ($279.23 in chips)
acb907c5: posts small blind $1
Hero: posts big blind $2
*** HOLE CARDS ***
Dealt to ffbf2fea 
Dealt to d481e505 
Dealt to acb907c5 
Dealt to 7db0aadf 
Dealt to e3e4a149 
Dealt to a704b0c3 
Dealt to Hero [3d 9c]
e3e4a149: folds
ffbf2fea: folds
a704b0c3: raises $5 to $7
d481e505: raises $17 to $24
7db0aadf: folds
acb907c5: folds
Hero: folds
a704b0c3: calls $17
*** FLOP *** [Qd Ks 4d]
a704b0c3: checks
d481e505: bets $25.5
a704b0c3: folds
Uncalled bet ($25.5) returned to d481e505
*** SHOWDOWN ***
d481e505 collected $51 from pot
*** SUMMARY ***
Total pot $51
Board [Qd Ks 4d]
Seat 4: ffbf2fea folded before Flop (didn't bet)
Seat 6: d481e505won ($51) with Pair of Kings and Pair of Queens
Seat 1: acb907c5(small blind) folded before Flop
Seat 7: 7db0aadf folded before Flop (didn't bet)
Seat 3: e3e4a149 folded before Flop (didn't bet)
Seat 5: a704b0c3 folded on the Flop
Seat 2: Hero(big blind) folded before Flop



Poker Hand #ring_886889559: NLH No Limit ($1/$2) - 2025/05/19 20:41:02
Table 'MR NLH 1/2' 7-max Seat #6 is the button
Seat 4: ffbf2fea ($536.23 in chips)
Seat 6: d481e505 ($274.87 in chips)
Seat 1: acb907c5 ($439.59 in chips)
Seat 7: 7db0aadf ($112.48 in chips)
Seat 3: e3e4a149 ($434.43 in chips)
Seat 5: a704b0c3 ($316.13 in chips)
Seat 2: Hero ($279.23 in chips)
7db0aadf: posts small blind $1
acb907c5: posts big blind $2
*** HOLE CARDS ***
Dealt to ffbf2fea 
Dealt to d481e505 
Dealt to acb907c5 
Dealt to 7db0aadf 
Dealt to e3e4a149 
Dealt to a704b0c3 
Dealt to Hero [9s 3s]
Hero: folds
e3e4a149: raises $6 to $8
ffbf2fea: folds
a704b0c3: calls $8
d481e505: folds
7db0aadf: folds
acb907c5: folds
*** FLOP *** [Jh 9c 7d]
e3e4a149: bets $14.25
a704b0c3: folds
Uncalled bet ($14.25) returned to e3e4a149
*** SHOWDOWN ***
e3e4a149 collected $19 from pot
*** SUMMARY ***
Total pot $19
Board [Jh 9c 7d]
Seat 4: ffbf2fea folded before Flop (didn't bet)
Seat 6: d481e505 folded before Flop (didn't bet)
Seat 1: acb907c5(big blind) folded before Flop
Seat 7: 7db0aadf(small blind) folded before Flop
Seat 3: e3e4a149won ($19) with King-High
Seat 5: a704b0c3 folded on the Flop
Seat 2: Hero folded before Flop (didn't bet)



Poker Hand #ring_886887532: NLH No Limit ($1/$2) - 2025/05/19 20:39:45
Table 'MR NLH 1/2' 7-max Seat #5 is the button
Seat 4: ffbf2fea ($536.23 in chips)
Seat 6: d481e505 ($280.87 in chips)
Seat 1: acb907c5 ($439.59 in chips)
Seat 7: 7db0aadf ($138.28 in chips)
Seat 3: e3e4a149 ($440.43 in chips)
Seat 5: a704b0c3 ($322.13 in chips)
Seat 2: Hero ($139.06 in chips)
d481e505: posts small blind $1
7db0aadf: posts big blind $2
*** HOLE CARDS ***
Dealt to ffbf2fea 
Dealt to d481e505 
Dealt to acb907c5 
Dealt to 7db0aadf 
Dealt to e3e4a149 
Dealt to a704b0c3 
Dealt to Hero [8c 8s]
acb907c5: folds
Hero: raises $4 to $6
e3e4a149: calls $6
ffbf2fea: folds
a704b0c3: calls $6
d481e505: calls $5
7db0aadf: calls $4
*** FLOP *** [Jh 2c As]
d481e505: checks
7db0aadf: checks
Hero: checks
e3e4a149: checks
a704b0c3: checks
*** TURN *** [Jh 2c As] [9c]
d481e505: checks
7db0aadf: checks
Hero: checks
e3e4a149: checks
a704b0c3: checks
*** RIVER *** [Jh 2c As 9c] [8d]
d481e505: checks
7db0aadf: bets $19.8
Hero: raises $55.68 to $75.48
e3e4a149: folds
a704b0c3: folds
d481e505: folds
7db0aadf: folds
Uncalled bet ($55.68) returned to Hero
*** SHOWDOWN ***
Hero collected $69.6 from pot
*** SUMMARY ***
Total pot $69.6
Board [Jh 2c As 9c 8d]
Seat 4: ffbf2fea folded before Flop (didn't bet)
Seat 6: d481e505(small blind) folded on the River
Seat 1: acb907c5 folded before Flop (didn't bet)
Seat 7: 7db0aadf(big blind) folded on the River
Seat 3: e3e4a149 folded on the River
Seat 5: a704b0c3 folded on the River
Seat 2: Herowon ($69.6) with Three Eights



Poker Hand #ring_886886455: NLH No Limit ($1/$2) - 2025/05/19 20:39:05
Table 'MR NLH 1/2' 7-max Seat #4 is the button
Seat 4: ffbf2fea ($536.23 in chips)
Seat 6: d481e505 ($304.87 in chips)
Seat 1: acb907c5 ($439.59 in chips)
Seat 7: 7db0aadf ($138.28 in chips)
Seat 3: e3e4a149 ($440.43 in chips)
Seat 5: a704b0c3 ($300.79 in chips)
Seat 2: Hero ($139.06 in chips)
a704b0c3: posts small blind $1
d481e505: posts big blind $2
*** HOLE CARDS ***
Dealt to ffbf2fea 
Dealt to d481e505 
Dealt to acb907c5 
Dealt to 7db0aadf 
Dealt to e3e4a149 
Dealt to a704b0c3 
Dealt to Hero [5d Ah]
7db0aadf: folds
acb907c5: folds
Hero: folds
e3e4a149: folds
ffbf2fea: folds
a704b0c3: raises $6 to $8
d481e505: calls $6
*** FLOP *** [3s Kh 4h]
a704b0c3: checks
d481e505: checks
*** TURN *** [3s Kh 4h] [3c]
a704b0c3: checks
d481e505: checks
*** RIVER *** [3s Kh 4h 3c] [Tc]
a704b0c3: bets $16
d481e505: calls $16
a704b0c3: shows [Ts Qs]
d481e505: shows [As 8c]
*** SHOWDOWN ***
a704b0c3 collected $48 from pot
*** SUMMARY ***
Total pot $48
Board [3s Kh 4h 3c Tc]
Seat 4: ffbf2fea folded before Flop (didn't bet)
Seat 6: d481e505(big blind) showed [As 8c] and lost with Pair of Treys
Seat 1: acb907c5 folded before Flop (didn't bet)
Seat 7: 7db0aadf folded before Flop (didn't bet)
Seat 3: e3e4a149 folded before Flop (didn't bet)
Seat 5: a704b0c3(small blind) showed [Ts Qs] and won ($48) with Pair of Tens and Pair of Treys
Seat 2: Hero folded before Flop (didn't bet)



Poker Hand #ring_886884986: NLH No Limit ($1/$2) - 2025/05/19 20:38:11
Table 'MR NLH 1/2' 7-max Seat #3 is the button
Seat 4: ffbf2fea ($537.23 in chips)
Seat 6: d481e505 ($304.87 in chips)
Seat 1: acb907c5 ($439.59 in chips)
Seat 7: 7db0aadf ($138.28 in chips)
Seat 3: e3e4a149 ($415.81 in chips)
Seat 5: a704b0c3 ($321.04 in chips)
Seat 2: Hero ($145.06 in chips)
ffbf2fea: posts small blind $1
a704b0c3: posts big blind $2
*** HOLE CARDS ***
Dealt to ffbf2fea 
Dealt to d481e505 
Dealt to acb907c5 
Dealt to 7db0aadf 
Dealt to e3e4a149 
Dealt to a704b0c3 
Dealt to Hero [6d 6h]
d481e505: folds
7db0aadf: folds
acb907c5: folds
Hero: raises $4 to $6
e3e4a149: calls $6
ffbf2fea: folds
a704b0c3: calls $4
*** FLOP *** [7h Js Ks]
a704b0c3: checks
Hero: checks
e3e4a149: bets $14.25
a704b0c3: calls $14.25
Hero: folds
*** TURN *** [7h Js Ks] [9h]
a704b0c3: checks
e3e4a149: bets $35.62
a704b0c3: folds
Uncalled bet ($35.62) returned to e3e4a149
*** SHOWDOWN ***
e3e4a149 collected $47.5 from pot
*** SUMMARY ***
Total pot $47.5
Board [7h Js Ks 9h]
Seat 4: ffbf2fea(small blind) folded before Flop
Seat 6: d481e505 folded before Flop (didn't bet)
Seat 1: acb907c5 folded before Flop (didn't bet)
Seat 7: 7db0aadf folded before Flop (didn't bet)
Seat 3: e3e4a149won ($47.5) with Pair of Kings and Pair of Nines
Seat 5: a704b0c3(big blind) folded on the Turn
Seat 2: Hero folded on the Flop



Poker Hand #ring_886883682: NLH No Limit ($1/$2) - 2025/05/19 20:37:21
Table 'MR NLH 1/2' 7-max Seat #2 is the button
Seat 4: ffbf2fea ($539.23 in chips)
Seat 6: d481e505 ($304.87 in chips)
Seat 1: acb907c5 ($439.59 in chips)
Seat 7: 7db0aadf ($123 in chips)
Seat 3: e3e4a149 ($431.05 in chips)
Seat 5: a704b0c3 ($321.04 in chips)
Seat 2: Hero ($145.06 in chips)
e3e4a149: posts small blind $1
ffbf2fea: posts big blind $2
*** HOLE CARDS ***
Dealt to ffbf2fea 
Dealt to d481e505 
Dealt to acb907c5 
Dealt to 7db0aadf 
Dealt to e3e4a149 
Dealt to a704b0c3 
Dealt to Hero [5d 7c]
a704b0c3: folds
d481e505: folds
7db0aadf: raises $4 to $6
acb907c5: folds
Hero: folds
e3e4a149: calls $5
ffbf2fea: folds
*** FLOP *** [2d Tc 4s]
e3e4a149: checks
7db0aadf: bets $9.24
e3e4a149: calls $9.24
*** TURN *** [2d Tc 4s] [3c]
e3e4a149: checks
7db0aadf: checks
*** RIVER *** [2d Tc 4s 3c] [Ad]
e3e4a149: checks
7db0aadf: checks
e3e4a149: shows [8h Td]
7db0aadf: shows [Kc Kh]
*** SHOWDOWN ***
7db0aadf collected $32.48 from pot
*** SUMMARY ***
Total pot $32.48
Board [2d Tc 4s 3c Ad]
Seat 4: ffbf2fea(big blind) folded before Flop
Seat 6: d481e505 folded before Flop (didn't bet)
Seat 1: acb907c5 folded before Flop (didn't bet)
Seat 7: 7db0aadf showed [Kc Kh] and won ($32.48) with Pair of Kings
Seat 3: e3e4a149(small blind) showed [8h Td] and lost with Pair of Tens
Seat 5: a704b0c3 folded before Flop (didn't bet)
Seat 2: Hero folded before Flop (didn't bet)



Poker Hand #ring_886882238: NLH No Limit ($1/$2) - 2025/05/19 20:36:26
Table 'MR NLH 1/2' 7-max Seat #1 is the button
Seat 4: ffbf2fea ($539.23 in chips)
Seat 6: d481e505 ($304.87 in chips)
Seat 1: acb907c5 ($399 in chips)
Seat 7: 7db0aadf ($123 in chips)
Seat 3: e3e4a149 ($433.05 in chips)
Seat 5: a704b0c3 ($363.04 in chips)
Seat 2: Hero ($146.06 in chips)
Hero: posts small blind $1
e3e4a149: posts big blind $2
*** HOLE CARDS ***
Dealt to ffbf2fea 
Dealt to d481e505 
Dealt to acb907c5 
Dealt to 7db0aadf 
Dealt to e3e4a149 
Dealt to a704b0c3 
Dealt to Hero [3c 5h]
ffbf2fea: folds
a704b0c3: raises $6 to $8
d481e505: folds
7db0aadf: folds
acb907c5: raises $16 to $24
Hero: folds
e3e4a149: folds
a704b0c3: calls $16
*** FLOP *** [7s Ac 6h]
a704b0c3: checks
acb907c5: checks
*** TURN *** [7s Ac 6h] [4h]
a704b0c3: bets $18
acb907c5: calls $18
*** RIVER *** [7s Ac 6h 4h] [5d]
a704b0c3: checks
acb907c5: bets $43.5
a704b0c3: folds
Uncalled bet ($43.5) returned to acb907c5
*** SHOWDOWN ***
acb907c5 collected $87 from pot
*** SUMMARY ***
Total pot $87
Board [7s Ac 6h 4h 5d]
Seat 4: ffbf2fea folded before Flop (didn't bet)
Seat 6: d481e505 folded before Flop (didn't bet)
Seat 1: acb907c5won ($87) with Three Aces
Seat 7: 7db0aadf folded before Flop (didn't bet)
Seat 3: e3e4a149(big blind) folded before Flop
Seat 5: a704b0c3 folded on the River
Seat 2: Hero(small blind) folded before Flop



Poker Hand #ring_886881141: NLH No Limit ($1/$2) - 2025/05/19 20:35:45
Table 'MR NLH 1/2' 7-max Seat #7 is the button
Seat 4: ffbf2fea ($539.23 in chips)
Seat 6: d481e505 ($304.87 in chips)
Seat 1: acb907c5 ($400 in chips)
Seat 7: 7db0aadf ($123 in chips)
Seat 3: e3e4a149 ($433.05 in chips)
Seat 5: a704b0c3 ($360.04 in chips)
Seat 2: Hero ($148.06 in chips)
acb907c5: posts small blind $1
Hero: posts big blind $2
*** HOLE CARDS ***
Dealt to ffbf2fea 
Dealt to d481e505 
Dealt to acb907c5 
Dealt to 7db0aadf 
Dealt to e3e4a149 
Dealt to a704b0c3 
Dealt to Hero [9c As]
e3e4a149: folds
ffbf2fea: folds
a704b0c3: raises $28.06 to $30.06
d481e505: folds
7db0aadf: folds
acb907c5: folds
Hero: folds
Uncalled bet ($28.06) returned to a704b0c3
*** SHOWDOWN ***
a704b0c3 collected $5 from pot
*** SUMMARY ***
Total pot $5
Seat 4: ffbf2fea folded before Flop (didn't bet)
Seat 6: d481e505 folded before Flop (didn't bet)
Seat 1: acb907c5(small blind) folded before Flop
Seat 7: 7db0aadf folded before Flop (didn't bet)
Seat 3: e3e4a149 folded before Flop (didn't bet)
Seat 5: a704b0c3won ($5)
Seat 2: Hero(big blind) folded before Flop



Poker Hand #ring_886879300: NLH No Limit ($1/$2) - 2025/05/19 20:34:35
Table 'MR NLH 1/2' 7-max Seat #6 is the button
Seat 4: ffbf2fea ($539.23 in chips)
Seat 6: d481e505 ($217.47 in chips)
Seat 1: acb907c5 ($165.51 in chips)
Seat 7: 7db0aadf ($124 in chips)
Seat 3: e3e4a149 ($442.05 in chips)
Seat 5: a704b0c3 ($444.04 in chips)
Seat 2: Hero ($148.06 in chips)
7db0aadf: posts small blind $1
acb907c5: posts big blind $2
*** HOLE CARDS ***
Dealt to ffbf2fea 
Dealt to d481e505 
Dealt to acb907c5 
Dealt to 7db0aadf 
Dealt to e3e4a149 
Dealt to a704b0c3 
Dealt to Hero [5s Jc]
Hero: folds
e3e4a149: calls $2
ffbf2fea: folds
a704b0c3: raises $7 to $9
d481e505: calls $9
7db0aadf: folds
acb907c5: folds
e3e4a149: calls $7
*** FLOP *** [Qd Jd 5d]
e3e4a149: checks
a704b0c3: bets $30
d481e505: calls $30
e3e4a149: folds
*** TURN *** [Qd Jd 5d] [Tc]
a704b0c3: checks
d481e505: bets $45
a704b0c3: calls $45
*** RIVER *** [Qd Jd 5d Tc] [Ah]
a704b0c3: checks
d481e505: bets $90
a704b0c3: folds
Uncalled bet ($90) returned to d481e505
*** SHOWDOWN ***
d481e505 collected $180 from pot
*** SUMMARY ***
Total pot $180
Board [Qd Jd 5d Tc Ah]
Seat 4: ffbf2fea folded before Flop (didn't bet)
Seat 6: d481e505won ($180) with King High Flush
Seat 1: acb907c5(big blind) folded before Flop
Seat 7: 7db0aadf(small blind) folded before Flop
Seat 3: e3e4a149 folded on the Flop
Seat 5: a704b0c3 folded on the River
Seat 2: Hero folded before Flop (didn't bet)



Poker Hand #ring_886877635: NLH No Limit ($1/$2) - 2025/05/19 20:33:31
Table 'MR NLH 1/2' 7-max Seat #5 is the button
Seat 4: ffbf2fea ($539.23 in chips)
Seat 6: d481e505 ($218.47 in chips)
Seat 1: acb907c5 ($162.82 in chips)
Seat 7: 7db0aadf ($126 in chips)
Seat 3: e3e4a149 ($439.36 in chips)
Seat 5: a704b0c3 ($444.04 in chips)
Seat 2: Hero ($166.56 in chips)
d481e505: posts small blind $1
7db0aadf: posts big blind $2
*** HOLE CARDS ***
Dealt to ffbf2fea 
Dealt to d481e505 
Dealt to acb907c5 
Dealt to 7db0aadf 
Dealt to e3e4a149 
Dealt to a704b0c3 
Dealt to Hero [Th 9h]
acb907c5: raises $3 to $5
Hero: calls $5
e3e4a149: raises $13.5 to $18.5
ffbf2fea: folds
a704b0c3: folds
d481e505: folds
7db0aadf: folds
acb907c5: calls $13.5
Hero: calls $13.5
*** FIRST FLOP *** [3d 6c 4c]
acb907c5: checks
Hero: checks
e3e4a149: bets $58.5
acb907c5: raises $85.82 to $144.32 and is all-in
Hero: folds
e3e4a149: calls $85.82
acb907c5: shows [7h 7c] (Pair of Sevens)
e3e4a149: shows [Jd Jc] (Pair of Jacks)
*** FIRST TURN *** [3d 6c 4c] [4d]
*** SECOND TURN *** [3d 6c 4c] [8c]
*** FIRST RIVER *** [3d 6c 4c 4d] [7s]
*** SECOND RIVER *** [3d 6c 4c 8c] [8h]
*** FIRST SHOWDOWN ***
acb907c5 collected $173.82 from pot
*** SECOND SHOWDOWN ***
e3e4a149 collected $173.32 from pot
*** SUMMARY ***
Total pot $347.14
Hand was run two timesFIRST Board [3d 6c 4c 4d 7s]
SECOND Board [8c 8h]
Seat 4: ffbf2fea folded before Flop (didn't bet)
Seat 6: d481e505(small blind) folded before Flop
Seat 1: acb907c5 showed [7h 7c] and won ($173.82) with Sevens Full over Fours / Pair of Eights and Pair of Sevens
Seat 7: 7db0aadf(big blind) folded before Flop
Seat 3: e3e4a149 showed [Jd Jc] and won ($173.32) with Pair of Jacks and Pair of Fours / Pair of Jacks and Pair of Eights
Seat 5: a704b0c3 folded before Flop (didn't bet)
Seat 2: Hero folded on the Flop



Poker Hand #ring_886875365: NLH No Limit ($1/$2) - 2025/05/19 20:32:04
Table 'MR NLH 1/2' 7-max Seat #4 is the button
Seat 4: ffbf2fea ($539.23 in chips)
Seat 6: d481e505 ($220.47 in chips)
Seat 1: acb907c5 ($392.06 in chips)
Seat 3: e3e4a149 ($444.36 in chips)
Seat 5: a704b0c3 ($229.24 in chips)
Seat 2: Hero ($166.56 in chips)
a704b0c3: posts small blind $1
d481e505: posts big blind $2
*** HOLE CARDS ***
Dealt to ffbf2fea 
Dealt to d481e505 
Dealt to acb907c5 
Dealt to e3e4a149 
Dealt to a704b0c3 
Dealt to Hero [Td Ah]
acb907c5: raises $3 to $5
Hero: folds
e3e4a149: calls $5
ffbf2fea: folds
a704b0c3: raises $8.5 to $13.5
d481e505: folds
acb907c5: raises $18.5 to $32
e3e4a149: folds
a704b0c3: calls $18.5
*** FIRST FLOP *** [7h Ac 7d]
a704b0c3: checks
acb907c5: bets $23.43
a704b0c3: raises $58.92 to $82.35
acb907c5: calls $58.92
*** FIRST TURN *** [7h Ac 7d] [Qs]
a704b0c3: bets $114.89 and is all-in
acb907c5: calls $114.89
acb907c5: shows [Ad Ks]
a704b0c3: shows [7c 8c]
*** FIRST RIVER *** [7h Ac 7d Qs] [3c]
*** SECOND RIVER *** [7h Ac 7d Qs] [6h]
*** FIRST SHOWDOWN ***
a704b0c3 collected $232.99 from pot
*** SECOND SHOWDOWN ***
a704b0c3 collected $232.49 from pot
*** SUMMARY ***
Total pot $465.48
Hand was run two timesFIRST Board [7h Ac 7d Qs 3c]
SECOND Board [6h]
Seat 4: ffbf2fea folded before Flop (didn't bet)
Seat 6: d481e505(big blind) folded before Flop
Seat 1: acb907c5 showed [Ad Ks] and lost with Pair of Aces and Pair of Sevens / Pair of Aces and Pair of Sevens
Seat 3: e3e4a149 folded before Flop
Seat 5: a704b0c3(small blind) showed [7c 8c] and won ($465.48) with Three Sevens / Three Sevens
Seat 2: Hero folded before Flop (didn't bet)



Poker Hand #ring_886874460: NLH No Limit ($1/$2) - 2025/05/19 20:31:29
Table 'MR NLH 1/2' 7-max Seat #3 is the button
Seat 4: ffbf2fea ($540.23 in chips)
Seat 6: d481e505 ($220.47 in chips)
Seat 1: acb907c5 ($392.06 in chips)
Seat 3: e3e4a149 ($459.86 in chips)
Seat 5: a704b0c3 ($199.87 in chips)
Seat 2: Hero ($182.06 in chips)
ffbf2fea: posts small blind $1
a704b0c3: posts big blind $2
*** HOLE CARDS ***
Dealt to ffbf2fea 
Dealt to d481e505 
Dealt to acb907c5 
Dealt to e3e4a149 
Dealt to a704b0c3 
Dealt to Hero [9h 7h]
d481e505: folds
acb907c5: folds
Hero: raises $4 to $6
e3e4a149: calls $6
ffbf2fea: folds
a704b0c3: raises $9.5 to $15.5
Hero: calls $9.5
e3e4a149: calls $9.5
*** FLOP *** [9d Qh 2d]
a704b0c3: bets $47.5
Hero: folds
e3e4a149: folds
Uncalled bet ($47.5) returned to a704b0c3
*** SHOWDOWN ***
a704b0c3 collected $47.5 from pot
*** SUMMARY ***
Total pot $47.5
Board [9d Qh 2d]
Seat 4: ffbf2fea(small blind) folded before Flop
Seat 6: d481e505 folded before Flop (didn't bet)
Seat 1: acb907c5 folded before Flop (didn't bet)
Seat 3: e3e4a149 folded on the Flop
Seat 5: a704b0c3(big blind)won ($47.5) with Ace-High
Seat 2: Hero folded on the Flop



Poker Hand #ring_886872093: NLH No Limit ($1/$2) - 2025/05/19 20:30:01
Table 'MR NLH 1/2' 7-max Seat #2 is the button
Seat 4: ffbf2fea ($542.23 in chips)
Seat 6: d481e505 ($220.47 in chips)
Seat 1: acb907c5 ($410.56 in chips)
Seat 3: e3e4a149 ($384.7 in chips)
Seat 5: a704b0c3 ($261.49 in chips)
Seat 2: Hero ($182.06 in chips)
e3e4a149: posts small blind $1
ffbf2fea: posts big blind $2
*** HOLE CARDS ***
Dealt to ffbf2fea 
Dealt to d481e505 
Dealt to acb907c5 
Dealt to e3e4a149 
Dealt to a704b0c3 
Dealt to Hero [2d 4c]
a704b0c3: calls $2
d481e505: folds
acb907c5: raises $5 to $7
Hero: folds
e3e4a149: calls $6
ffbf2fea: folds
a704b0c3: calls $5
*** FLOP *** [5s 7d Qs]
e3e4a149: checks
a704b0c3: bets $11.5
acb907c5: calls $11.5
e3e4a149: calls $11.5
*** TURN *** [5s 7d Qs] [Jh]
e3e4a149: bets $43.12
a704b0c3: calls $43.12
acb907c5: folds
*** RIVER *** [5s 7d Qs Jh] [Ad]
e3e4a149: checks
a704b0c3: checks
e3e4a149: shows [Qc Kh]
a704b0c3: shows [8h 7s]
*** SHOWDOWN ***
e3e4a149 collected $143.74 from pot
*** SUMMARY ***
Total pot $143.74
Board [5s 7d Qs Jh Ad]
Seat 4: ffbf2fea(big blind) folded before Flop
Seat 6: d481e505 folded before Flop (didn't bet)
Seat 1: acb907c5 folded on the Turn
Seat 3: e3e4a149(small blind) showed [Qc Kh] and won ($143.74) with Pair of Queens
Seat 5: a704b0c3 showed [8h 7s] and lost with Pair of Sevens
Seat 2: Hero folded before Flop (didn't bet)



Poker Hand #ring_886870850: NLH No Limit ($1/$2) - 2025/05/19 20:29:15
Table 'MR NLH 1/2' 7-max Seat #1 is the button
Seat 4: ffbf2fea ($542.23 in chips)
Seat 6: d481e505 ($220.47 in chips)
Seat 1: acb907c5 ($410.56 in chips)
Seat 3: e3e4a149 ($386.7 in chips)
Seat 5: a704b0c3 ($258.71 in chips)
Seat 2: Hero ($183.06 in chips)
Hero: posts small blind $1
e3e4a149: posts big blind $2
*** HOLE CARDS ***
Dealt to ffbf2fea 
Dealt to d481e505 
Dealt to acb907c5 
Dealt to e3e4a149 
Dealt to a704b0c3 
Dealt to Hero [7c 3s]
ffbf2fea: folds
a704b0c3: calls $2
d481e505: folds
acb907c5: folds
Hero: folds
e3e4a149: checks
*** FLOP *** [Ks 5s Tc]
e3e4a149: checks
a704b0c3: bets $5
e3e4a149: folds
Uncalled bet ($5) returned to a704b0c3
*** SHOWDOWN ***
a704b0c3 collected $5 from pot
*** SUMMARY ***
Total pot $5
Board [Ks 5s Tc]
Seat 4: ffbf2fea folded before Flop (didn't bet)
Seat 6: d481e505 folded before Flop (didn't bet)
Seat 1: acb907c5 folded before Flop (didn't bet)
Seat 3: e3e4a149(big blind) folded on the Flop
Seat 5: a704b0c3won ($5) with Ace-High
Seat 2: Hero(small blind) folded before Flop



Poker Hand #ring_886869362: NLH No Limit ($1/$2) - 2025/05/19 20:28:18
Table 'MR NLH 1/2' 7-max Seat #6 is the button
Seat 4: ffbf2fea ($542.23 in chips)
Seat 6: d481e505 ($220.47 in chips)
Seat 1: acb907c5 ($398 in chips)
Seat 3: e3e4a149 ($386.7 in chips)
Seat 5: a704b0c3 ($265.71 in chips)
Seat 2: Hero ($190.06 in chips)
acb907c5: posts small blind $1
Hero: posts big blind $2
*** HOLE CARDS ***
Dealt to ffbf2fea 
Dealt to d481e505 
Dealt to acb907c5 
Dealt to e3e4a149 
Dealt to a704b0c3 
Dealt to Hero [Jd 7d]
e3e4a149: folds
ffbf2fea: folds
a704b0c3: raises $5 to $7
d481e505: folds
acb907c5: calls $6
Hero: calls $5
*** FLOP *** [Kc Th As]
acb907c5: checks
Hero: checks
a704b0c3: checks
*** TURN *** [Kc Th As] [3s]
acb907c5: checks
Hero: checks
a704b0c3: checks
*** RIVER *** [Kc Th As 3s] [Kd]
acb907c5: checks
Hero: checks
a704b0c3: checks
acb907c5: shows [6d 6s]
Hero: shows [Jd 7d]
a704b0c3: shows [4h 9h]
*** SHOWDOWN ***
acb907c5 collected $21 from pot
*** SUMMARY ***
Total pot $21
Board [Kc Th As 3s Kd]
Seat 4: ffbf2fea folded before Flop (didn't bet)
Seat 6: d481e505 folded before Flop (didn't bet)
Seat 1: acb907c5(small blind) showed [6d 6s] and won ($21) with Pair of Kings and Pair of Sixes
Seat 3: e3e4a149 folded before Flop (didn't bet)
Seat 5: a704b0c3 showed [4h 9h] and lost with Pair of Kings
Seat 2: Hero(big blind) showed [Jd 7d] and lost with Pair of Kings



Poker Hand #ring_886868663: NLH No Limit ($1/$2) - 2025/05/19 20:27:52
Table 'MR NLH 1/2' 7-max Seat #5 is the button
Seat 4: ffbf2fea ($542.23 in chips)
Seat 6: d481e505 ($221.47 in chips)
Seat 1: acb907c5 ($400 in chips)
Seat 3: e3e4a149 ($386.7 in chips)
Seat 5: a704b0c3 ($262.71 in chips)
Seat 2: Hero ($190.06 in chips)
d481e505: posts small blind $1
acb907c5: posts big blind $2
*** HOLE CARDS ***
Dealt to ffbf2fea 
Dealt to d481e505 
Dealt to acb907c5 
Dealt to e3e4a149 
Dealt to a704b0c3 
Dealt to Hero [Ac 6s]
Hero: folds
e3e4a149: folds
ffbf2fea: folds
a704b0c3: raises $6 to $8
d481e505: folds
acb907c5: folds
Uncalled bet ($6) returned to a704b0c3
*** SHOWDOWN ***
a704b0c3 collected $5 from pot
*** SUMMARY ***
Total pot $5
Seat 4: ffbf2fea folded before Flop (didn't bet)
Seat 6: d481e505(small blind) folded before Flop
Seat 1: acb907c5(big blind) folded before Flop
Seat 3: e3e4a149 folded before Flop (didn't bet)
Seat 5: a704b0c3won ($5)
Seat 2: Hero folded before Flop (didn't bet)



Poker Hand #ring_886868200: NLH No Limit ($1/$2) - 2025/05/19 20:27:34
Table 'MR NLH 1/2' 7-max Seat #4 is the button
Seat 4: ffbf2fea ($539.23 in chips)
Seat 6: d481e505 ($223.47 in chips)
Seat 3: e3e4a149 ($386.7 in chips)
Seat 5: a704b0c3 ($263.71 in chips)
Seat 2: Hero ($190.06 in chips)
a704b0c3: posts small blind $1
d481e505: posts big blind $2
*** HOLE CARDS ***
Dealt to ffbf2fea 
Dealt to d481e505 
Dealt to e3e4a149 
Dealt to a704b0c3 
Dealt to Hero [6c 2d]
Hero: folds
e3e4a149: folds
ffbf2fea: raises $4 to $6
a704b0c3: folds
d481e505: folds
Uncalled bet ($4) returned to ffbf2fea
*** SHOWDOWN ***
ffbf2fea collected $5 from pot
*** SUMMARY ***
Total pot $5
Seat 4: ffbf2feawon ($5)
Seat 6: d481e505(big blind) folded before Flop
Seat 3: e3e4a149 folded before Flop (didn't bet)
Seat 5: a704b0c3(small blind) folded before Flop
Seat 2: Hero folded before Flop (didn't bet)



Poker Hand #ring_886867356: NLH No Limit ($1/$2) - 2025/05/19 20:27:02
Table 'MR NLH 1/2' 7-max Seat #3 is the button
Seat 4: ffbf2fea ($540.23 in chips)
Seat 6: d481e505 ($213.46 in chips)
Seat 3: e3e4a149 ($386.7 in chips)
Seat 5: a704b0c3 ($274.21 in chips)
Seat 2: Hero ($190.06 in chips)
ffbf2fea: posts small blind $1
a704b0c3: posts big blind $2
*** HOLE CARDS ***
Dealt to ffbf2fea 
Dealt to d481e505 
Dealt to e3e4a149 
Dealt to a704b0c3 
Dealt to Hero [8h 6c]
d481e505: raises $3 to $5
Hero: folds
e3e4a149: folds
ffbf2fea: folds
a704b0c3: calls $3
*** FLOP *** [5s Jc Kd]
a704b0c3: checks
d481e505: bets $5.5
a704b0c3: calls $5.5
*** TURN *** [5s Jc Kd] [Ah]
a704b0c3: checks
d481e505: bets $16.5
a704b0c3: folds
Uncalled bet ($16.5) returned to d481e505
*** SHOWDOWN ***
d481e505 collected $22 from pot
*** SUMMARY ***
Total pot $22
Board [5s Jc Kd Ah]
Seat 4: ffbf2fea(small blind) folded before Flop
Seat 6: d481e505won ($22) with Pair of Kings and Pair of Jacks
Seat 3: e3e4a149 folded before Flop (didn't bet)
Seat 5: a704b0c3(big blind) folded on the Turn
Seat 2: Hero folded before Flop (didn't bet)



Poker Hand #ring_886865972: NLH No Limit ($1/$2) - 2025/05/19 20:26:11
Table 'MR NLH 1/2' 7-max Seat #2 is the button
Seat 4: ffbf2fea ($542.23 in chips)
Seat 6: d481e505 ($213.46 in chips)
Seat 3: e3e4a149 ($409.85 in chips)
Seat 5: a704b0c3 ($229.62 in chips)
Seat 2: Hero ($213.21 in chips)
e3e4a149: posts small blind $1
ffbf2fea: posts big blind $2
*** HOLE CARDS ***
Dealt to ffbf2fea 
Dealt to d481e505 
Dealt to e3e4a149 
Dealt to a704b0c3 
Dealt to Hero [Ts As]
a704b0c3: calls $2
d481e505: folds
Hero: raises $6.06 to $8.06
e3e4a149: raises $15.09 to $23.15
ffbf2fea: folds
a704b0c3: calls $21.15
Hero: calls $15.09
*** FLOP *** [6c 6s Qc]
e3e4a149: checks
a704b0c3: checks
Hero: checks
*** TURN *** [6c 6s Qc] [Kc]
e3e4a149: checks
a704b0c3: bets $35.72
Hero: folds
e3e4a149: folds
Uncalled bet ($35.72) returned to a704b0c3
*** SHOWDOWN ***
a704b0c3 collected $71.45 from pot
*** SUMMARY ***
Total pot $71.45
Board [6c 6s Qc Kc]
Seat 4: ffbf2fea(big blind) folded before Flop
Seat 6: d481e505 folded before Flop (didn't bet)
Seat 3: e3e4a149(small blind) folded on the Turn
Seat 5: a704b0c3won ($71.45) with Three Sixes
Seat 2: Hero folded on the Turn



Poker Hand #ring_886864975: NLH No Limit ($1/$2) - 2025/05/19 20:25:32
Table 'MR NLH 1/2' 7-max Seat #6 is the button
Seat 4: ffbf2fea ($542.23 in chips)
Seat 6: d481e505 ($184 in chips)
Seat 3: e3e4a149 ($441.72 in chips)
Seat 5: a704b0c3 ($229.62 in chips)
Seat 2: Hero ($64.21 in chips)
Hero: posts small blind $1
e3e4a149: posts big blind $2
*** HOLE CARDS ***
Dealt to ffbf2fea 
Dealt to d481e505 
Dealt to e3e4a149 
Dealt to a704b0c3 
Dealt to Hero [7s Jh]
ffbf2fea: folds
a704b0c3: folds
d481e505: raises $4 to $6
Hero: folds
e3e4a149: calls $4
*** FLOP *** [9c 2h Qh]
e3e4a149: checks
d481e505: bets $4.29
e3e4a149: calls $4.29
*** TURN *** [9c 2h Qh] [5h]
e3e4a149: checks
d481e505: checks
*** RIVER *** [9c 2h Qh 5h] [Ah]
e3e4a149: bets $21.58
d481e505: calls $21.58
e3e4a149: shows [8s Tc]
d481e505: shows [Ac Kc]
*** SHOWDOWN ***
d481e505 collected $64.74 from pot
*** SUMMARY ***
Total pot $64.74
Board [9c 2h Qh 5h Ah]
Seat 4: ffbf2fea folded before Flop (didn't bet)
Seat 6: d481e505 showed [Ac Kc] and won ($64.74) with Pair of Aces
Seat 3: e3e4a149(big blind) showed [8s Tc] and lost with Ace-High
Seat 5: a704b0c3 folded before Flop (didn't bet)
Seat 2: Hero(small blind) folded before Flop



Poker Hand #ring_886863256: NLH No Limit ($1/$2) - 2025/05/19 20:24:26
Table 'MR NLH 1/2' 7-max Seat #5 is the button
Seat 4: ffbf2fea ($542.23 in chips)
Seat 6: d481e505 ($185 in chips)
Seat 3: e3e4a149 ($443.72 in chips)
Seat 5: a704b0c3 ($118.98 in chips)
Seat 2: Hero ($183.19 in chips)
d481e505: posts small blind $1
Hero: posts big blind $2
*** HOLE CARDS ***
Dealt to ffbf2fea 
Dealt to d481e505 
Dealt to e3e4a149 
Dealt to a704b0c3 
Dealt to Hero [Jc Jh]
e3e4a149: calls $2
ffbf2fea: folds
a704b0c3: raises $7 to $9
d481e505: folds
Hero: raises $22.12 to $31.12
e3e4a149: folds
a704b0c3: calls $22.12
*** FIRST FLOP *** [5h Ts 8h]
Hero: checks
a704b0c3: bets $87.86 and is all-in
Hero: calls $87.86
Hero: shows [Jc Jh] (Pair of Jacks)
a704b0c3: shows [Td 9c] (Pair of Tens)
*** FIRST TURN *** [5h Ts 8h] [9s]
*** SECOND TURN *** [5h Ts 8h] [Th]
*** FIRST RIVER *** [5h Ts 8h 9s] [2s]
*** SECOND RIVER *** [5h Ts 8h Th] [Ac]
*** FIRST SHOWDOWN ***
a704b0c3 collected $120.73 from pot
*** SECOND SHOWDOWN ***
a704b0c3 collected $120.23 from pot
*** SUMMARY ***
Total pot $240.96
Hand was run two timesFIRST Board [5h Ts 8h 9s 2s]
SECOND Board [Th Ac]
Seat 4: ffbf2fea folded before Flop (didn't bet)
Seat 6: d481e505(small blind) folded before Flop
Seat 3: e3e4a149 folded before Flop
Seat 5: a704b0c3 showed [Td 9c] and won ($240.96) with Pair of Tens and Pair of Nines / Three Tens
Seat 2: Hero(big blind) showed [Jc Jh] and lost with Pair of Jacks / Pair of Jacks and Pair of Tens



Poker Hand #ring_886862064: NLH No Limit ($1/$2) - 2025/05/19 20:23:40
Table 'MR NLH 1/2' 7-max Seat #4 is the button
Seat 4: ffbf2fea ($542.23 in chips)
Seat 6: d481e505 ($200 in chips)
Seat 3: e3e4a149 ($443.72 in chips)
Seat 5: a704b0c3 ($105.83 in chips)
Seat 2: Hero ($183.19 in chips)
a704b0c3: posts small blind $1
d481e505: posts big blind $2
*** HOLE CARDS ***
Dealt to ffbf2fea 
Dealt to d481e505 
Dealt to e3e4a149 
Dealt to a704b0c3 
Dealt to Hero [9d 5s]
Hero: folds
e3e4a149: folds
ffbf2fea: folds
a704b0c3: calls $1
d481e505: checks
*** FLOP *** [9s Ad 5h]
a704b0c3: bets $4
d481e505: calls $4
*** TURN *** [9s Ad 5h] [Jd]
a704b0c3: bets $9
d481e505: calls $9
*** RIVER *** [9s Ad 5h Jd] [5c]
a704b0c3: bets $30
d481e505: folds
Uncalled bet ($30) returned to a704b0c3
Hero: shows [9d 5s]
*** SHOWDOWN ***
a704b0c3 collected $30 from pot
*** SUMMARY ***
Total pot $30
Board [9s Ad 5h Jd 5c]
Seat 4: ffbf2fea folded before Flop (didn't bet)
Seat 6: d481e505(big blind) folded on the River
Seat 3: e3e4a149 folded before Flop (didn't bet)
Seat 5: a704b0c3(small blind)won ($30) with Three Fives
Seat 2: Hero folded before Flop (didn't bet)



Poker Hand #ring_886861147: NLH No Limit ($1/$2) - 2025/05/19 20:23:04
Table 'MR NLH 1/2' 7-max Seat #3 is the button
Seat 4: ffbf2fea ($543.23 in chips)
Seat 3: e3e4a149 ($443.72 in chips)
Seat 5: a704b0c3 ($94 in chips)
Seat 2: Hero ($195.69 in chips)
ffbf2fea: posts small blind $1
a704b0c3: posts big blind $2
*** HOLE CARDS ***
Dealt to ffbf2fea 
Dealt to e3e4a149 
Dealt to a704b0c3 
Dealt to Hero [4s 4c]
Hero: raises $4 to $6
e3e4a149: folds
ffbf2fea: folds
a704b0c3: calls $4
*** FLOP *** [Js 2h 7d]
a704b0c3: checks
Hero: bets $6.5
a704b0c3: calls $6.5
*** TURN *** [Js 2h 7d] [8c]
a704b0c3: checks
Hero: checks
*** RIVER *** [Js 2h 7d 8c] [Qs]
a704b0c3: bets $27.22
Hero: folds
Uncalled bet ($27.22) returned to a704b0c3
*** SHOWDOWN ***
a704b0c3 collected $26 from pot
*** SUMMARY ***
Total pot $26
Board [Js 2h 7d 8c Qs]
Seat 4: ffbf2fea(small blind) folded before Flop
Seat 3: e3e4a149 folded before Flop (didn't bet)
Seat 5: a704b0c3(big blind)won ($26) with Queens-High Straight
Seat 2: Hero folded on the River



Poker Hand #ring_886859813: NLH No Limit ($1/$2) - 2025/05/19 20:22:14
Table 'MR NLH 1/2' 7-max Seat #2 is the button
Seat 4: ffbf2fea ($545.23 in chips)
Seat 3: e3e4a149 ($399.45 in chips)
Seat 5: a704b0c3 ($100 in chips)
Seat 2: Hero ($236.49 in chips)
e3e4a149: posts small blind $1
ffbf2fea: posts big blind $2
a704b0c3: posts big blind $2
*** HOLE CARDS ***
Dealt to ffbf2fea 
Dealt to e3e4a149 
Dealt to a704b0c3 
Dealt to Hero [Td 7d]
a704b0c3: checks
Hero: raises $4 to $6
e3e4a149: calls $5
ffbf2fea: folds
a704b0c3: calls $4
*** FLOP *** [9c 3d Ah]
e3e4a149: checks
a704b0c3: checks
Hero: checks
*** TURN *** [9c 3d Ah] [Qh]
e3e4a149: checks
a704b0c3: checks
Hero: bets $12.4
e3e4a149: calls $12.4
a704b0c3: folds
*** RIVER *** [9c 3d Ah Qh] [8c]
e3e4a149: checks
Hero: bets $22.4
e3e4a149: calls $22.4
Hero: shows [Td 7d]
e3e4a149: shows [Qc 7c]
*** SHOWDOWN ***
e3e4a149 collected $89.6 from pot
*** SUMMARY ***
Total pot $89.6
Board [9c 3d Ah Qh 8c]
Seat 4: ffbf2fea(big blind) folded before Flop
Seat 3: e3e4a149(small blind) showed [Qc 7c] and won ($89.6) with Pair of Queens
Seat 5: a704b0c3 folded on the Turn
Seat 2: Hero showed [Td 7d] and lost with Ace-High



Poker Hand #ring_886859303: NLH No Limit ($1/$2) - 2025/05/19 20:21:54
Table 'MR NLH 1/2' 7-max Seat #4 is the button
Seat 4: ffbf2fea ($545.23 in chips)
Seat 3: e3e4a149 ($401.45 in chips)
Seat 2: Hero ($234.49 in chips)
Hero: posts small blind $1
e3e4a149: posts big blind $2
*** HOLE CARDS ***
Dealt to ffbf2fea 
Dealt to e3e4a149 
Dealt to Hero [Qd 9h]
ffbf2fea: folds
Hero: raises $4 to $6
e3e4a149: folds
Uncalled bet ($4) returned to Hero
*** SHOWDOWN ***
Hero collected $4 from pot
*** SUMMARY ***
Total pot $4
Seat 4: ffbf2fea folded before Flop (didn't bet)
Seat 3: e3e4a149(big blind) folded before Flop
Seat 2: Hero(small blind)won ($4)



Poker Hand #ring_886858988: NLH No Limit ($1/$2) - 2025/05/19 20:21:42
Table 'MR NLH 1/2' 7-max Seat #3 is the button
Seat 4: ffbf2fea ($546.23 in chips)
Seat 3: e3e4a149 ($401.45 in chips)
Seat 2: Hero ($233.49 in chips)
ffbf2fea: posts small blind $1
Hero: posts big blind $2
*** HOLE CARDS ***
Dealt to ffbf2fea 
Dealt to e3e4a149 
Dealt to Hero [4s 8s]
e3e4a149: folds
ffbf2fea: folds
*** SHOWDOWN ***
Hero collected $3 from pot
*** SUMMARY ***
Total pot $3
Seat 4: ffbf2fea(small blind) folded before Flop
Seat 3: e3e4a149 folded before Flop (didn't bet)
Seat 2: Hero(big blind)won ($3)



Poker Hand #ring_886858635: NLH No Limit ($1/$2) - 2025/05/19 20:21:29
Table 'MR NLH 1/2' 7-max Seat #2 is the button
Seat 4: ffbf2fea ($548.23 in chips)
Seat 3: e3e4a149 ($402.45 in chips)
Seat 2: Hero ($230.49 in chips)
e3e4a149: posts small blind $1
ffbf2fea: posts big blind $2
*** HOLE CARDS ***
Dealt to ffbf2fea 
Dealt to e3e4a149 
Dealt to Hero [6h 7s]
Hero: raises $3 to $5
e3e4a149: folds
ffbf2fea: folds
Uncalled bet ($3) returned to Hero
*** SHOWDOWN ***
Hero collected $5 from pot
*** SUMMARY ***
Total pot $5
Seat 4: ffbf2fea(big blind) folded before Flop
Seat 3: e3e4a149(small blind) folded before Flop
Seat 2: Herowon ($5)



Poker Hand #ring_886858311: NLH No Limit ($1/$2) - 2025/05/19 20:21:17
Table 'MR NLH 1/2' 7-max Seat #4 is the button
Seat 4: ffbf2fea ($548.23 in chips)
Seat 3: e3e4a149 ($401.45 in chips)
Seat 2: Hero ($231.49 in chips)
Hero: posts small blind $1
e3e4a149: posts big blind $2
*** HOLE CARDS ***
Dealt to ffbf2fea 
Dealt to e3e4a149 
Dealt to Hero [3c 2h]
ffbf2fea: folds
Hero: folds
*** SHOWDOWN ***
e3e4a149 collected $3 from pot
*** SUMMARY ***
Total pot $3
Seat 4: ffbf2fea folded before Flop (didn't bet)
Seat 3: e3e4a149(big blind)won ($3)
Seat 2: Hero(small blind) folded before Flop



Poker Hand #ring_886857320: NLH No Limit ($1/$2) - 2025/05/19 20:20:39
Table 'MR NLH 1/2' 7-max Seat #3 is the button
Seat 4: ffbf2fea ($552.23 in chips)
Seat 3: e3e4a149 ($401.45 in chips)
Seat 2: Hero ($227.85 in chips)
ffbf2fea: posts small blind $1
Hero: posts big blind $2
*** HOLE CARDS ***
Dealt to ffbf2fea 
Dealt to e3e4a149 
Dealt to Hero [Ad 8h]
e3e4a149: folds
ffbf2fea: raises $2 to $4
Hero: calls $2
*** FLOP *** [9c 9d 6c]
ffbf2fea: checks
Hero: checks
*** TURN *** [9c 9d 6c] [5h]
ffbf2fea: checks
Hero: checks
*** RIVER *** [9c 9d 6c 5h] [Ts]
ffbf2fea: checks
Hero: checks
Hero: shows [Ad 8h]
ffbf2fea: shows [Ks Qh]
*** SHOWDOWN ***
Hero collected $8 from pot
*** SUMMARY ***
Total pot $8
Board [9c 9d 6c 5h Ts]
Seat 4: ffbf2fea(small blind) showed [Ks Qh] and lost with Pair of Nines
Seat 3: e3e4a149 folded before Flop (didn't bet)
Seat 2: Hero(big blind) showed [Ad 8h] and won ($8) with Pair of Nines



Poker Hand #ring_886856954: NLH No Limit ($1/$2) - 2025/05/19 20:20:25
Table 'MR NLH 1/2' 7-max Seat #2 is the button
Seat 4: ffbf2fea ($554.23 in chips)
Seat 3: e3e4a149 ($402.45 in chips)
Seat 2: Hero ($224.85 in chips)
e3e4a149: posts small blind $1
ffbf2fea: posts big blind $2
*** HOLE CARDS ***
Dealt to ffbf2fea 
Dealt to e3e4a149 
Dealt to Hero [Qs Ac]
Hero: raises $4 to $6
e3e4a149: folds
ffbf2fea: folds
Uncalled bet ($4) returned to Hero
*** SHOWDOWN ***
Hero collected $5 from pot
*** SUMMARY ***
Total pot $5
Seat 4: ffbf2fea(big blind) folded before Flop
Seat 3: e3e4a149(small blind) folded before Flop
Seat 2: Herowon ($5)



Poker Hand #ring_886855642: NLH No Limit ($1/$2) - 2025/05/19 20:19:36
Table 'MR NLH 1/2' 7-max Seat #4 is the button
Seat 4: ffbf2fea ($558.23 in chips)
Seat 3: e3e4a149 ($430.45 in chips)
Seat 2: Hero ($195.55 in chips)
Hero: posts small blind $1
e3e4a149: posts big blind $2
*** HOLE CARDS ***
Dealt to ffbf2fea 
Dealt to e3e4a149 
Dealt to Hero [Qs 8s]
ffbf2fea: raises $2 to $4
Hero: calls $3
e3e4a149: calls $2
*** FLOP *** [5s Ts Td]
Hero: checks
e3e4a149: checks
ffbf2fea: checks
*** TURN *** [5s Ts Td] [8c]
Hero: bets $6
e3e4a149: calls $6
ffbf2fea: folds
*** RIVER *** [5s Ts Td 8c] [4d]
Hero: checks
e3e4a149: bets $18
Hero: calls $18
Hero: shows [Qs 8s]
e3e4a149: shows [7h 8d]
*** SHOWDOWN ***
Hero collected $60 from pot
*** SUMMARY ***
Total pot $60
Board [5s Ts Td 8c 4d]
Seat 4: ffbf2fea folded on the Turn
Seat 3: e3e4a149(big blind) showed [7h 8d] and lost with Pair of Tens and Pair of Eights
Seat 2: Hero(small blind) showed [Qs 8s] and won ($60) with Pair of Tens and Pair of Eights



Poker Hand #ring_886855076: NLH No Limit ($1/$2) - 2025/05/19 20:19:16
Table 'MR NLH 1/2' 7-max Seat #3 is the button
Seat 4: ffbf2fea ($559.23 in chips)
Seat 3: e3e4a149 ($422.21 in chips)
Seat 2: Hero ($203.55 in chips)
ffbf2fea: posts small blind $1
Hero: posts big blind $2
*** HOLE CARDS ***
Dealt to ffbf2fea 
Dealt to e3e4a149 
Dealt to Hero [Js Kh]
e3e4a149: raises $6 to $8
ffbf2fea: folds
Hero: calls $6
*** FLOP *** [8h 2s 6h]
Hero: checks
e3e4a149: bets $12.75
Hero: folds
Uncalled bet ($12.75) returned to e3e4a149
*** SHOWDOWN ***
e3e4a149 collected $17 from pot
*** SUMMARY ***
Total pot $17
Board [8h 2s 6h]
Seat 4: ffbf2fea(small blind) folded before Flop
Seat 3: e3e4a149won ($17) with Ace-High
Seat 2: Hero(big blind) folded on the Flop



Poker Hand #ring_886854657: NLH No Limit ($1/$2) - 2025/05/19 20:19:01
Table 'MR NLH 1/2' 7-max Seat #2 is the button
Seat 4: ffbf2fea ($561.23 in chips)
Seat 3: e3e4a149 ($423.21 in chips)
Seat 2: Hero ($200.55 in chips)
e3e4a149: posts small blind $1
ffbf2fea: posts big blind $2
*** HOLE CARDS ***
Dealt to ffbf2fea 
Dealt to e3e4a149 
Dealt to Hero [3s As]
Hero: raises $4 to $6
e3e4a149: folds
ffbf2fea: folds
Uncalled bet ($4) returned to Hero
*** SHOWDOWN ***
Hero collected $5 from pot
*** SUMMARY ***
Total pot $5
Seat 4: ffbf2fea(big blind) folded before Flop
Seat 3: e3e4a149(small blind) folded before Flop
Seat 2: Herowon ($5)



Poker Hand #ring_886854177: NLH No Limit ($1/$2) - 2025/05/19 20:18:43
Table 'MR NLH 1/2' 7-max Seat #4 is the button
Seat 4: ffbf2fea ($561.23 in chips)
Seat 3: e3e4a149 ($428.21 in chips)
Seat 2: Hero ($196 in chips)
Hero: posts small blind $1
e3e4a149: posts big blind $2
*** HOLE CARDS ***
Dealt to ffbf2fea 
Dealt to e3e4a149 
Dealt to Hero [Qh 8d]
ffbf2fea: folds
Hero: raises $3 to $5
e3e4a149: calls $3
*** FLOP *** [5d As Kc]
Hero: bets $5
e3e4a149: folds
Uncalled bet ($5) returned to Hero
*** SHOWDOWN ***
Hero collected $10 from pot
*** SUMMARY ***
Total pot $10
Board [5d As Kc]
Seat 4: ffbf2fea folded before Flop (didn't bet)
Seat 3: e3e4a149(big blind) folded on the Flop
Seat 2: Hero(small blind)won ($10) with Ace-High



Poker Hand #ring_886853822: NLH No Limit ($1/$2) - 2025/05/19 20:18:29
Table 'MR NLH 1/2' 7-max Seat #3 is the button
Seat 4: ffbf2fea ($559.23 in chips)
Seat 3: e3e4a149 ($428.21 in chips)
Seat 2: Hero ($198 in chips)
ffbf2fea: posts small blind $1
Hero: posts big blind $2
*** HOLE CARDS ***
Dealt to ffbf2fea 
Dealt to e3e4a149 
Dealt to Hero [9h 3s]
e3e4a149: folds
ffbf2fea: raises $2 to $4
Hero: folds
Uncalled bet ($2) returned to ffbf2fea
*** SHOWDOWN ***
ffbf2fea collected $4 from pot
*** SUMMARY ***
Total pot $4
Seat 4: ffbf2fea(small blind)won ($4)
Seat 3: e3e4a149 folded before Flop (didn't bet)
Seat 2: Hero(big blind) folded before Flop



