Poker Hand #ring_895285809: NLH No Limit ($2/$4) - 2025/05/24 02:36:47
Table 'MR NLH 2/4' 7-max Seat #6 is the button
Seat 3: 137c2d24 ($393.69 in chips)
Seat 1: 9eabc26a ($915.77 in chips)
Seat 6: 851c8c33 ($1,386.23 in chips)
Seat 7: e7bebc96 ($347.45 in chips)
Seat 5: 92255165 ($320.81 in chips)
Seat 4: 1dc9839b ($1,992.6 in chips)
Seat 2: Hero ($320 in chips)
e7bebc96: posts small blind $2
9eabc26a: posts big blind $4
*** HOLE CARDS ***
Dealt to 137c2d24 
Dealt to 9eabc26a 
Dealt to 851c8c33 
Dealt to e7bebc96 
Dealt to 92255165 
Dealt to 1dc9839b 
Dealt to Hero [Qd Jh]
Hero: folds
137c2d24: folds
1dc9839b: folds
92255165: calls $4
851c8c33: raises $14 to $18
e7bebc96: folds
9eabc26a: calls $14
92255165: calls $14
*** FLOP *** [7h 8h 3c]
9eabc26a: bets $36
92255165: folds
851c8c33: raises $64 to $100
9eabc26a: folds
Uncalled bet ($64) returned to 851c8c33
*** SHOWDOWN ***
851c8c33 collected $128 from pot
*** SUMMARY ***
Total pot $128
Board [7h 8h 3c]
Seat 3: 137c2d24 folded before Flop (didn't bet)
Seat 1: 9eabc26a(big blind) folded on the Flop
Seat 6: 851c8c33won ($128) with Pair of Eights and Pair of Sevens
Seat 7: e7bebc96(small blind) folded before Flop
Seat 5: 92255165 folded on the Flop
Seat 4: 1dc9839b folded before Flop (didn't bet)
Seat 2: Hero folded before Flop (didn't bet)



Poker Hand #ring_895285273: NLH No Limit ($2/$4) - 2025/05/24 02:36:24
Table 'MR NLH 2/4' 7-max Seat #5 is the button
Seat 3: 137c2d24 ($393.69 in chips)
Seat 1: 9eabc26a ($915.77 in chips)
Seat 6: 851c8c33 ($1,388.23 in chips)
Seat 7: e7bebc96 ($345.45 in chips)
Seat 5: 92255165 ($320.81 in chips)
Seat 4: 1dc9839b ($1,992.6 in chips)
Seat 2: Hero ($320 in chips)
851c8c33: posts small blind $2
e7bebc96: posts big blind $4
*** HOLE CARDS ***
Dealt to 137c2d24 
Dealt to 9eabc26a 
Dealt to 851c8c33 
Dealt to e7bebc96 
Dealt to 92255165 
Dealt to 1dc9839b 
Dealt to Hero [As 8d]
9eabc26a: folds
Hero: folds
137c2d24: folds
1dc9839b: folds
92255165: folds
851c8c33: folds
*** SHOWDOWN ***
e7bebc96 collected $6 from pot
*** SUMMARY ***
Total pot $6
Seat 3: 137c2d24 folded before Flop (didn't bet)
Seat 1: 9eabc26a folded before Flop (didn't bet)
Seat 6: 851c8c33(small blind) folded before Flop
Seat 7: e7bebc96(big blind)won ($6)
Seat 5: 92255165 folded before Flop (didn't bet)
Seat 4: 1dc9839b folded before Flop (didn't bet)
Seat 2: Hero folded before Flop (didn't bet)



Poker Hand #ring_895284132: NLH No Limit ($2/$4) - 2025/05/24 02:35:32
Table 'MR NLH 2/4' 7-max Seat #4 is the button
Seat 3: 137c2d24 ($393.69 in chips)
Seat 1: 9eabc26a ($915.77 in chips)
Seat 6: 851c8c33 ($1,375.4 in chips)
Seat 7: e7bebc96 ($345.45 in chips)
Seat 5: 92255165 ($322.81 in chips)
Seat 4: 1dc9839b ($1,992.6 in chips)
Seat 2: Hero ($332 in chips)
92255165: posts small blind $2
851c8c33: posts big blind $4
*** HOLE CARDS ***
Dealt to 137c2d24 
Dealt to 9eabc26a 
Dealt to 851c8c33 
Dealt to e7bebc96 
Dealt to 92255165 
Dealt to 1dc9839b 
Dealt to Hero [Kd 8d]
e7bebc96: folds
9eabc26a: folds
Hero: raises $8 to $12
137c2d24: folds
1dc9839b: folds
92255165: folds
851c8c33: calls $8
*** FLOP *** [Th 8h 9h]
851c8c33: checks
Hero: checks
*** TURN *** [Th 8h 9h] [Qd]
851c8c33: bets $19.5
Hero: folds
Uncalled bet ($19.5) returned to 851c8c33
*** SHOWDOWN ***
851c8c33 collected $26 from pot
*** SUMMARY ***
Total pot $26
Board [Th 8h 9h Qd]
Seat 3: 137c2d24 folded before Flop (didn't bet)
Seat 1: 9eabc26a folded before Flop (didn't bet)
Seat 6: 851c8c33(big blind)won ($26) with Queens-High Straight
Seat 7: e7bebc96 folded before Flop (didn't bet)
Seat 5: 92255165(small blind) folded before Flop
Seat 4: 1dc9839b folded before Flop (didn't bet)
Seat 2: Hero folded on the Turn



Poker Hand #ring_895283442: NLH No Limit ($2/$4) - 2025/05/24 02:35:02
Table 'MR NLH 2/4' 7-max Seat #3 is the button
Seat 3: 137c2d24 ($393.69 in chips)
Seat 1: 9eabc26a ($915.77 in chips)
Seat 6: 851c8c33 ($1,375.4 in chips)
Seat 7: e7bebc96 ($345.45 in chips)
Seat 5: 92255165 ($326.81 in chips)
Seat 4: 1dc9839b ($1,994.6 in chips)
Seat 2: Hero ($326 in chips)
1dc9839b: posts small blind $2
92255165: posts big blind $4
*** HOLE CARDS ***
Dealt to 137c2d24 
Dealt to 9eabc26a 
Dealt to 851c8c33 
Dealt to e7bebc96 
Dealt to 92255165 
Dealt to 1dc9839b 
Dealt to Hero [Th As]
851c8c33: folds
e7bebc96: folds
9eabc26a: folds
Hero: raises $8 to $12
137c2d24: folds
1dc9839b: folds
92255165: folds
Uncalled bet ($8) returned to Hero
*** SHOWDOWN ***
Hero collected $10 from pot
*** SUMMARY ***
Total pot $10
Seat 3: 137c2d24 folded before Flop (didn't bet)
Seat 1: 9eabc26a folded before Flop (didn't bet)
Seat 6: 851c8c33 folded before Flop (didn't bet)
Seat 7: e7bebc96 folded before Flop (didn't bet)
Seat 5: 92255165(big blind) folded before Flop
Seat 4: 1dc9839b(small blind) folded before Flop
Seat 2: Herowon ($10)



Poker Hand #ring_895282455: NLH No Limit ($2/$4) - 2025/05/24 02:34:17
Table 'MR NLH 2/4' 7-max Seat #2 is the button
Seat 3: 137c2d24 ($395.69 in chips)
Seat 1: 9eabc26a ($915.77 in chips)
Seat 6: 851c8c33 ($1,354.29 in chips)
Seat 7: e7bebc96 ($345.45 in chips)
Seat 5: 92255165 ($344.81 in chips)
Seat 4: 1dc9839b ($1,998.6 in chips)
Seat 2: Hero ($326 in chips)
137c2d24: posts small blind $2
1dc9839b: posts big blind $4
*** HOLE CARDS ***
Dealt to 137c2d24 
Dealt to 9eabc26a 
Dealt to 851c8c33 
Dealt to e7bebc96 
Dealt to 92255165 
Dealt to 1dc9839b 
Dealt to Hero [4d Ks]
92255165: calls $4
851c8c33: raises $14 to $18
e7bebc96: folds
9eabc26a: folds
Hero: folds
137c2d24: folds
1dc9839b: folds
92255165: calls $14
*** FLOP *** [4s 2d As]
92255165: checks
851c8c33: bets $13.86
92255165: folds
Uncalled bet ($13.86) returned to 851c8c33
*** SHOWDOWN ***
851c8c33 collected $42 from pot
*** SUMMARY ***
Total pot $42
Board [4s 2d As]
Seat 3: 137c2d24(small blind) folded before Flop
Seat 1: 9eabc26a folded before Flop (didn't bet)
Seat 6: 851c8c33won ($42) with Pair of Aces
Seat 7: e7bebc96 folded before Flop (didn't bet)
Seat 5: 92255165 folded on the Flop
Seat 4: 1dc9839b(big blind) folded before Flop
Seat 2: Hero folded before Flop (didn't bet)



Poker Hand #ring_895281736: NLH No Limit ($2/$4) - 2025/05/24 02:33:45
Table 'MR NLH 2/4' 7-max Seat #1 is the button
Seat 3: 137c2d24 ($399.69 in chips)
Seat 1: 9eabc26a ($915.77 in chips)
Seat 6: 851c8c33 ($1,348.29 in chips)
Seat 7: e7bebc96 ($345.45 in chips)
Seat 5: 92255165 ($344.81 in chips)
Seat 4: 1dc9839b ($1,998.6 in chips)
Seat 2: Hero ($328 in chips)
Hero: posts small blind $2
137c2d24: posts big blind $4
*** HOLE CARDS ***
Dealt to 137c2d24 
Dealt to 9eabc26a 
Dealt to 851c8c33 
Dealt to e7bebc96 
Dealt to 92255165 
Dealt to 1dc9839b 
Dealt to Hero [Ah 4s]
1dc9839b: folds
92255165: folds
851c8c33: raises $8 to $12
e7bebc96: folds
9eabc26a: folds
Hero: folds
137c2d24: folds
Uncalled bet ($8) returned to 851c8c33
*** SHOWDOWN ***
851c8c33 collected $10 from pot
*** SUMMARY ***
Total pot $10
Seat 3: 137c2d24(big blind) folded before Flop
Seat 1: 9eabc26a folded before Flop (didn't bet)
Seat 6: 851c8c33won ($10)
Seat 7: e7bebc96 folded before Flop (didn't bet)
Seat 5: 92255165 folded before Flop (didn't bet)
Seat 4: 1dc9839b folded before Flop (didn't bet)
Seat 2: Hero(small blind) folded before Flop



Poker Hand #ring_895280965: NLH No Limit ($2/$4) - 2025/05/24 02:33:11
Table 'MR NLH 2/4' 7-max Seat #7 is the button
Seat 3: 137c2d24 ($399.69 in chips)
Seat 1: 9eabc26a ($908.31 in chips)
Seat 6: 851c8c33 ($1,348.29 in chips)
Seat 7: e7bebc96 ($345.45 in chips)
Seat 5: 92255165 ($348.81 in chips)
Seat 4: 1dc9839b ($1,998.6 in chips)
Seat 2: Hero ($332 in chips)
9eabc26a: posts small blind $2
Hero: posts big blind $4
*** HOLE CARDS ***
Dealt to 137c2d24 
Dealt to 9eabc26a 
Dealt to 851c8c33 
Dealt to e7bebc96 
Dealt to 92255165 
Dealt to 1dc9839b 
Dealt to Hero [As 5h]
137c2d24: folds
1dc9839b: folds
92255165: calls $4
851c8c33: folds
e7bebc96: folds
9eabc26a: calls $2
Hero: checks
*** FLOP *** [6d Qh 6c]
9eabc26a: bets $8
Hero: folds
92255165: folds
Uncalled bet ($8) returned to 9eabc26a
*** SHOWDOWN ***
9eabc26a collected $12 from pot
*** SUMMARY ***
Total pot $12
Board [6d Qh 6c]
Seat 3: 137c2d24 folded before Flop (didn't bet)
Seat 1: 9eabc26a(small blind)won ($12) with Pair of Sixes
Seat 6: 851c8c33 folded before Flop (didn't bet)
Seat 7: e7bebc96 folded before Flop (didn't bet)
Seat 5: 92255165 folded on the Flop
Seat 4: 1dc9839b folded before Flop (didn't bet)
Seat 2: Hero(big blind) folded on the Flop



Poker Hand #ring_895279674: NLH No Limit ($2/$4) - 2025/05/24 02:32:13
Table 'MR NLH 2/4' 7-max Seat #6 is the button
Seat 3: 137c2d24 ($459.69 in chips)
Seat 1: 9eabc26a ($912.31 in chips)
Seat 6: 851c8c33 ($1,348.29 in chips)
Seat 7: e7bebc96 ($347.45 in chips)
Seat 5: 92255165 ($289.48 in chips)
Seat 4: 1dc9839b ($1,998.6 in chips)
Seat 2: Hero ($332 in chips)
e7bebc96: posts small blind $2
9eabc26a: posts big blind $4
*** HOLE CARDS ***
Dealt to 137c2d24 
Dealt to 9eabc26a 
Dealt to 851c8c33 
Dealt to e7bebc96 
Dealt to 92255165 
Dealt to 1dc9839b 
Dealt to Hero [Js 3c]
Hero: folds
137c2d24: calls $4
1dc9839b: folds
92255165: raises $14 to $18
851c8c33: folds
e7bebc96: folds
9eabc26a: folds
137c2d24: calls $14
*** FLOP *** [6c 4h Ks]
137c2d24: checks
92255165: bets $42
137c2d24: calls $42
*** TURN *** [6c 4h Ks] [Qh]
137c2d24: checks
92255165: checks
*** RIVER *** [6c 4h Ks Qh] [Th]
137c2d24: checks
92255165: checks
137c2d24: shows [4d 3d]
92255165: shows [Ad Kc]
*** SHOWDOWN ***
92255165 collected $126 from pot
*** SUMMARY ***
Total pot $126
Board [6c 4h Ks Qh Th]
Seat 3: 137c2d24 showed [4d 3d] and lost with Pair of Fours
Seat 1: 9eabc26a(big blind) folded before Flop
Seat 6: 851c8c33 folded before Flop (didn't bet)
Seat 7: e7bebc96(small blind) folded before Flop
Seat 5: 92255165 showed [Ad Kc] and won ($126) with Pair of Kings
Seat 4: 1dc9839b folded before Flop (didn't bet)
Seat 2: Hero folded before Flop (didn't bet)



Poker Hand #ring_895278180: NLH No Limit ($2/$4) - 2025/05/24 02:31:06
Table 'MR NLH 2/4' 7-max Seat #5 is the button
Seat 3: 137c2d24 ($471.69 in chips)
Seat 1: 9eabc26a ($912.31 in chips)
Seat 6: 851c8c33 ($1,360.29 in chips)
Seat 7: e7bebc96 ($351.45 in chips)
Seat 5: 92255165 ($252.82 in chips)
Seat 4: 1dc9839b ($2,010.6 in chips)
Seat 2: Hero ($332 in chips)
851c8c33: posts small blind $2
e7bebc96: posts big blind $4
*** HOLE CARDS ***
Dealt to 137c2d24 
Dealt to 9eabc26a 
Dealt to 851c8c33 
Dealt to e7bebc96 
Dealt to 92255165 
Dealt to 1dc9839b 
Dealt to Hero [6c 9s]
9eabc26a: folds
Hero: folds
137c2d24: raises $8 to $12
1dc9839b: calls $12
92255165: calls $12
851c8c33: calls $10
e7bebc96: folds
*** FLOP *** [3s 7s 6h]
851c8c33: checks
137c2d24: checks
1dc9839b: checks
92255165: checks
*** TURN *** [3s 7s 6h] [Th]
851c8c33: checks
137c2d24: checks
1dc9839b: checks
92255165: checks
*** RIVER *** [3s 7s 6h Th] [7h]
851c8c33: checks
137c2d24: checks
1dc9839b: checks
92255165: checks
137c2d24: shows [Jd Ah]
1dc9839b: shows [4d 4s]
92255165: shows [Qc Td]
851c8c33: shows [Kd 2d]
*** SHOWDOWN ***
92255165 collected $52 from pot
*** SUMMARY ***
Total pot $52
Board [3s 7s 6h Th 7h]
Seat 3: 137c2d24 showed [Jd Ah] and lost with Pair of Sevens
Seat 1: 9eabc26a folded before Flop (didn't bet)
Seat 6: 851c8c33(small blind) showed [Kd 2d] and lost with Pair of Sevens
Seat 7: e7bebc96(big blind) folded before Flop
Seat 5: 92255165 showed [Qc Td] and won ($52) with Pair of Tens and Pair of Sevens
Seat 4: 1dc9839b showed [4d 4s] and lost with Pair of Sevens and Pair of Fours
Seat 2: Hero folded before Flop (didn't bet)



Poker Hand #ring_895277173: NLH No Limit ($2/$4) - 2025/05/24 02:30:21
Table 'MR NLH 2/4' 7-max Seat #4 is the button
Seat 3: 137c2d24 ($499.57 in chips)
Seat 1: 9eabc26a ($912.31 in chips)
Seat 6: 851c8c33 ($1,364.29 in chips)
Seat 7: e7bebc96 ($351.45 in chips)
Seat 5: 92255165 ($224.62 in chips)
Seat 4: 1dc9839b ($2,010.6 in chips)
Seat 2: Hero ($332 in chips)
92255165: posts small blind $2
851c8c33: posts big blind $4
*** HOLE CARDS ***
Dealt to 137c2d24 
Dealt to 9eabc26a 
Dealt to 851c8c33 
Dealt to e7bebc96 
Dealt to 92255165 
Dealt to 1dc9839b 
Dealt to Hero [4s Ac]
e7bebc96: folds
9eabc26a: folds
Hero: folds
137c2d24: calls $4
1dc9839b: folds
92255165: raises $12 to $16
851c8c33: folds
137c2d24: calls $12
*** FLOP *** [Ks 2d Td]
92255165: checks
137c2d24: checks
*** TURN *** [Ks 2d Td] [3c]
92255165: bets $11.88
137c2d24: calls $11.88
*** RIVER *** [Ks 2d Td 3c] [Jh]
92255165: bets $19.72
137c2d24: folds
Uncalled bet ($19.72) returned to 92255165
*** SHOWDOWN ***
92255165 collected $59.76 from pot
*** SUMMARY ***
Total pot $59.76
Board [Ks 2d Td 3c Jh]
Seat 3: 137c2d24 folded on the River
Seat 1: 9eabc26a folded before Flop (didn't bet)
Seat 6: 851c8c33(big blind) folded before Flop
Seat 7: e7bebc96 folded before Flop (didn't bet)
Seat 5: 92255165(small blind)won ($59.76) with Pair of Jacks
Seat 4: 1dc9839b folded before Flop (didn't bet)
Seat 2: Hero folded before Flop (didn't bet)



Poker Hand #ring_895276502: NLH No Limit ($2/$4) - 2025/05/24 02:29:51
Table 'MR NLH 2/4' 7-max Seat #3 is the button
Seat 3: 137c2d24 ($499.57 in chips)
Seat 1: 9eabc26a ($912.31 in chips)
Seat 6: 851c8c33 ($1,364.29 in chips)
Seat 7: e7bebc96 ($351.45 in chips)
Seat 5: 92255165 ($222.62 in chips)
Seat 4: 1dc9839b ($2,012.6 in chips)
Seat 2: Hero ($332 in chips)
1dc9839b: posts small blind $2
92255165: posts big blind $4
*** HOLE CARDS ***
Dealt to 137c2d24 
Dealt to 9eabc26a 
Dealt to 851c8c33 
Dealt to e7bebc96 
Dealt to 92255165 
Dealt to 1dc9839b 
Dealt to Hero [6c Ad]
851c8c33: folds
e7bebc96: folds
9eabc26a: folds
Hero: folds
137c2d24: folds
1dc9839b: folds
*** SHOWDOWN ***
92255165 collected $6 from pot
*** SUMMARY ***
Total pot $6
Seat 3: 137c2d24 folded before Flop (didn't bet)
Seat 1: 9eabc26a folded before Flop (didn't bet)
Seat 6: 851c8c33 folded before Flop (didn't bet)
Seat 7: e7bebc96 folded before Flop (didn't bet)
Seat 5: 92255165(big blind)won ($6)
Seat 4: 1dc9839b(small blind) folded before Flop
Seat 2: Hero folded before Flop (didn't bet)



Poker Hand #ring_895274939: NLH No Limit ($2/$4) - 2025/05/24 02:28:42
Table 'MR NLH 2/4' 7-max Seat #2 is the button
Seat 3: 137c2d24 ($456.17 in chips)
Seat 1: 9eabc26a ($912.31 in chips)
Seat 6: 851c8c33 ($1,364.29 in chips)
Seat 7: e7bebc96 ($351.45 in chips)
Seat 5: 92255165 ($234.62 in chips)
Seat 4: 1dc9839b ($2,016.6 in chips)
Seat 2: Hero ($364 in chips)
137c2d24: posts small blind $2
1dc9839b: posts big blind $4
*** HOLE CARDS ***
Dealt to 137c2d24 
Dealt to 9eabc26a 
Dealt to 851c8c33 
Dealt to e7bebc96 
Dealt to 92255165 
Dealt to 1dc9839b 
Dealt to Hero [5c 5h]
92255165: calls $4
851c8c33: folds
e7bebc96: folds
9eabc26a: folds
Hero: raises $8 to $12
137c2d24: calls $10
1dc9839b: folds
92255165: calls $8
*** FLOP *** [9h 6s 2c]
137c2d24: checks
92255165: checks
Hero: bets $20
137c2d24: calls $20
92255165: folds
*** TURN *** [9h 6s 2c] [6c]
137c2d24: checks
Hero: checks
*** RIVER *** [9h 6s 2c 6c] [Jc]
137c2d24: bets $40
Hero: folds
Uncalled bet ($40) returned to 137c2d24
*** SHOWDOWN ***
137c2d24 collected $80 from pot
*** SUMMARY ***
Total pot $80
Board [9h 6s 2c 6c Jc]
Seat 3: 137c2d24(small blind)won ($80) with Three Sixes
Seat 1: 9eabc26a folded before Flop (didn't bet)
Seat 6: 851c8c33 folded before Flop (didn't bet)
Seat 7: e7bebc96 folded before Flop (didn't bet)
Seat 5: 92255165 folded on the Flop
Seat 4: 1dc9839b(big blind) folded before Flop
Seat 2: Hero folded on the River



Poker Hand #ring_895274116: NLH No Limit ($2/$4) - 2025/05/24 02:28:06
Table 'MR NLH 2/4' 7-max Seat #1 is the button
Seat 3: 137c2d24 ($460.17 in chips)
Seat 1: 9eabc26a ($912.31 in chips)
Seat 6: 851c8c33 ($1,364.29 in chips)
Seat 7: e7bebc96 ($345.45 in chips)
Seat 5: 92255165 ($234.62 in chips)
Seat 4: 1dc9839b ($2,016.6 in chips)
Seat 2: Hero ($366 in chips)
Hero: posts small blind $2
137c2d24: posts big blind $4
*** HOLE CARDS ***
Dealt to 137c2d24 
Dealt to 9eabc26a 
Dealt to 851c8c33 
Dealt to e7bebc96 
Dealt to 92255165 
Dealt to 1dc9839b 
Dealt to Hero [4s Jc]
1dc9839b: folds
92255165: folds
851c8c33: folds
e7bebc96: raises $10 to $14
9eabc26a: folds
Hero: folds
137c2d24: folds
Uncalled bet ($10) returned to e7bebc96
*** SHOWDOWN ***
e7bebc96 collected $10 from pot
*** SUMMARY ***
Total pot $10
Seat 3: 137c2d24(big blind) folded before Flop
Seat 1: 9eabc26a folded before Flop (didn't bet)
Seat 6: 851c8c33 folded before Flop (didn't bet)
Seat 7: e7bebc96won ($10)
Seat 5: 92255165 folded before Flop (didn't bet)
Seat 4: 1dc9839b folded before Flop (didn't bet)
Seat 2: Hero(small blind) folded before Flop



Poker Hand #ring_895273209: NLH No Limit ($2/$4) - 2025/05/24 02:27:27
Table 'MR NLH 2/4' 7-max Seat #7 is the button
Seat 3: 137c2d24 ($460.17 in chips)
Seat 1: 9eabc26a ($908.31 in chips)
Seat 6: 851c8c33 ($1,364.29 in chips)
Seat 7: e7bebc96 ($345.45 in chips)
Seat 5: 92255165 ($234.62 in chips)
Seat 4: 1dc9839b ($2,016.6 in chips)
Seat 2: Hero ($370 in chips)
9eabc26a: posts small blind $2
Hero: posts big blind $4
*** HOLE CARDS ***
Dealt to 137c2d24 
Dealt to 9eabc26a 
Dealt to 851c8c33 
Dealt to e7bebc96 
Dealt to 92255165 
Dealt to 1dc9839b 
Dealt to Hero [6c 9d]
137c2d24: folds
1dc9839b: folds
92255165: folds
851c8c33: folds
e7bebc96: folds
9eabc26a: raises $8 to $12
Hero: folds
Uncalled bet ($8) returned to 9eabc26a
*** SHOWDOWN ***
9eabc26a collected $8 from pot
*** SUMMARY ***
Total pot $8
Seat 3: 137c2d24 folded before Flop (didn't bet)
Seat 1: 9eabc26a(small blind)won ($8)
Seat 6: 851c8c33 folded before Flop (didn't bet)
Seat 7: e7bebc96 folded before Flop (didn't bet)
Seat 5: 92255165 folded before Flop (didn't bet)
Seat 4: 1dc9839b folded before Flop (didn't bet)
Seat 2: Hero(big blind) folded before Flop



Poker Hand #ring_895272387: NLH No Limit ($2/$4) - 2025/05/24 02:26:51
Table 'MR NLH 2/4' 7-max Seat #6 is the button
Seat 3: 137c2d24 ($460.17 in chips)
Seat 1: 9eabc26a ($884.31 in chips)
Seat 6: 851c8c33 ($1,376.29 in chips)
Seat 7: e7bebc96 ($357.45 in chips)
Seat 5: 92255165 ($234.62 in chips)
Seat 4: 1dc9839b ($2,016.6 in chips)
Seat 2: Hero ($370 in chips)
e7bebc96: posts small blind $2
9eabc26a: posts big blind $4
*** HOLE CARDS ***
Dealt to 137c2d24 
Dealt to 9eabc26a 
Dealt to 851c8c33 
Dealt to e7bebc96 
Dealt to 92255165 
Dealt to 1dc9839b 
Dealt to Hero [Kh 3d]
Hero: folds
137c2d24: folds
1dc9839b: folds
92255165: folds
851c8c33: raises $8 to $12
e7bebc96: calls $10
9eabc26a: raises $44 to $56
851c8c33: folds
e7bebc96: folds
Uncalled bet ($44) returned to 9eabc26a
*** SHOWDOWN ***
9eabc26a collected $36 from pot
*** SUMMARY ***
Total pot $36
Seat 3: 137c2d24 folded before Flop (didn't bet)
Seat 1: 9eabc26a(big blind)won ($36)
Seat 6: 851c8c33 folded before Flop
Seat 7: e7bebc96(small blind) folded before Flop
Seat 5: 92255165 folded before Flop (didn't bet)
Seat 4: 1dc9839b folded before Flop (didn't bet)
Seat 2: Hero folded before Flop (didn't bet)



Poker Hand #ring_895270977: NLH No Limit ($2/$4) - 2025/05/24 02:25:50
Table 'MR NLH 2/4' 7-max Seat #5 is the button
Seat 3: 137c2d24 ($460.17 in chips)
Seat 1: 9eabc26a ($884.31 in chips)
Seat 6: 851c8c33 ($1,378.29 in chips)
Seat 7: e7bebc96 ($361.45 in chips)
Seat 5: 92255165 ($229.07 in chips)
Seat 4: 1dc9839b ($2,016.6 in chips)
Seat 2: Hero ($370 in chips)
851c8c33: posts small blind $2
e7bebc96: posts big blind $4
*** HOLE CARDS ***
Dealt to 137c2d24 
Dealt to 9eabc26a 
Dealt to 851c8c33 
Dealt to e7bebc96 
Dealt to 92255165 
Dealt to 1dc9839b 
Dealt to Hero [9h Td]
9eabc26a: folds
Hero: folds
137c2d24: folds
1dc9839b: folds
92255165: calls $4
851c8c33: folds
e7bebc96: checks
*** FLOP *** [Kh 3s 5d]
e7bebc96: checks
92255165: bets $5
e7bebc96: folds
Uncalled bet ($5) returned to 92255165
*** SHOWDOWN ***
92255165 collected $10 from pot
*** SUMMARY ***
Total pot $10
Board [Kh 3s 5d]
Seat 3: 137c2d24 folded before Flop (didn't bet)
Seat 1: 9eabc26a folded before Flop (didn't bet)
Seat 6: 851c8c33(small blind) folded before Flop
Seat 7: e7bebc96(big blind) folded on the Flop
Seat 5: 92255165won ($10) with Pair of Sevens
Seat 4: 1dc9839b folded before Flop (didn't bet)
Seat 2: Hero folded before Flop (didn't bet)



Poker Hand #ring_895269697: NLH No Limit ($2/$4) - 2025/05/24 02:24:54
Table 'MR NLH 2/4' 7-max Seat #4 is the button
Seat 3: 137c2d24 ($460.17 in chips)
Seat 1: 9eabc26a ($856.01 in chips)
Seat 6: 851c8c33 ($1,382.29 in chips)
Seat 7: e7bebc96 ($361.45 in chips)
Seat 5: 92255165 ($257.07 in chips)
Seat 4: 1dc9839b ($2,016.6 in chips)
Seat 2: Hero ($370 in chips)
92255165: posts small blind $2
851c8c33: posts big blind $4
*** HOLE CARDS ***
Dealt to 137c2d24 
Dealt to 9eabc26a 
Dealt to 851c8c33 
Dealt to e7bebc96 
Dealt to 92255165 
Dealt to 1dc9839b 
Dealt to Hero [6s 2d]
e7bebc96: folds
9eabc26a: raises $8 to $12
Hero: folds
137c2d24: folds
1dc9839b: folds
92255165: calls $10
851c8c33: folds
*** FLOP *** [7s 8d 9s]
92255165: checks
9eabc26a: checks
*** TURN *** [7s 8d 9s] [Ad]
92255165: checks
9eabc26a: bets $16
92255165: calls $16
*** RIVER *** [7s 8d 9s Ad] [4d]
92255165: checks
9eabc26a: bets $28
92255165: folds
Uncalled bet ($28) returned to 9eabc26a
*** SHOWDOWN ***
9eabc26a collected $60 from pot
*** SUMMARY ***
Total pot $60
Board [7s 8d 9s Ad 4d]
Seat 3: 137c2d24 folded before Flop (didn't bet)
Seat 1: 9eabc26awon ($60) with Pair of Aces
Seat 6: 851c8c33(big blind) folded before Flop
Seat 7: e7bebc96 folded before Flop (didn't bet)
Seat 5: 92255165(small blind) folded on the River
Seat 4: 1dc9839b folded before Flop (didn't bet)
Seat 2: Hero folded before Flop (didn't bet)



Poker Hand #ring_895267789: NLH No Limit ($2/$4) - 2025/05/24 02:23:33
Table 'MR NLH 2/4' 7-max Seat #3 is the button
Seat 3: 137c2d24 ($342.34 in chips)
Seat 1: 9eabc26a ($856.01 in chips)
Seat 6: 851c8c33 ($1,382.29 in chips)
Seat 7: e7bebc96 ($361.45 in chips)
Seat 5: 92255165 ($385.55 in chips)
Seat 4: 1dc9839b ($2,018.6 in chips)
Seat 2: Hero ($370 in chips)
1dc9839b: posts small blind $2
92255165: posts big blind $4
*** HOLE CARDS ***
Dealt to 137c2d24 
Dealt to 9eabc26a 
Dealt to 851c8c33 
Dealt to e7bebc96 
Dealt to 92255165 
Dealt to 1dc9839b 
Dealt to Hero [6s 9c]
851c8c33: folds
e7bebc96: folds
9eabc26a: folds
Hero: folds
137c2d24: raises $8 to $12
1dc9839b: folds
92255165: calls $8
*** FLOP *** [5c 2s Kh]
92255165: checks
137c2d24: bets $8.58
92255165: calls $8.58
*** TURN *** [5c 2s Kh] [9s]
92255165: checks
137c2d24: bets $43.16
92255165: calls $43.16
*** RIVER *** [5c 2s Kh 9s] [8s]
92255165: checks
137c2d24: bets $64.74
92255165: calls $64.74
137c2d24: shows [Kd Ks]
92255165: shows [Kc 3c]
*** SHOWDOWN ***
137c2d24 collected $258.96 from pot
*** SUMMARY ***
Total pot $258.96
Board [5c 2s Kh 9s 8s]
Seat 3: 137c2d24 showed [Kd Ks] and won ($258.96) with Three Kings
Seat 1: 9eabc26a folded before Flop (didn't bet)
Seat 6: 851c8c33 folded before Flop (didn't bet)
Seat 7: e7bebc96 folded before Flop (didn't bet)
Seat 5: 92255165(big blind) showed [Kc 3c] and lost with Pair of Kings
Seat 4: 1dc9839b(small blind) folded before Flop
Seat 2: Hero folded before Flop (didn't bet)



Poker Hand #ring_895265945: NLH No Limit ($2/$4) - 2025/05/24 02:22:14
Table 'MR NLH 2/4' 7-max Seat #2 is the button
Seat 3: 137c2d24 ($344.34 in chips)
Seat 1: 9eabc26a ($856.01 in chips)
Seat 6: 851c8c33 ($1,382.29 in chips)
Seat 7: e7bebc96 ($378 in chips)
Seat 5: 92255165 ($385.55 in chips)
Seat 4: 1dc9839b ($2,035.16 in chips)
Seat 2: Hero ($370 in chips)
137c2d24: posts small blind $2
1dc9839b: posts big blind $4
*** HOLE CARDS ***
Dealt to 137c2d24 
Dealt to 9eabc26a 
Dealt to 851c8c33 
Dealt to e7bebc96 
Dealt to 92255165 
Dealt to 1dc9839b 
Dealt to Hero [Jh 6h]
92255165: folds
851c8c33: folds
e7bebc96: raises $10 to $14
9eabc26a: folds
Hero: folds
137c2d24: folds
1dc9839b: raises $30 to $44
e7bebc96: calls $30
*** FIRST FLOP *** [5h 5d 3s]
1dc9839b: bets $37.8
e7bebc96: calls $37.8
*** FIRST TURN *** [5h 5d 3s] [7s]
1dc9839b: bets $132.48
e7bebc96: raises $163.72 to $296.2 and is all-in
1dc9839b: calls $163.72
1dc9839b: shows [Qs As]
e7bebc96: shows [Th Tc]
*** FIRST RIVER *** [5h 5d 3s 7s] [7h]
*** SECOND RIVER *** [5h 5d 3s 7s] [Ah]
*** FIRST SHOWDOWN ***
e7bebc96 collected $379.51 from pot
*** SECOND SHOWDOWN ***
1dc9839b collected $378.49 from pot
*** SUMMARY ***
Total pot $758
Hand was run two timesFIRST Board [5h 5d 3s 7s 7h]
SECOND Board [Ah]
Seat 3: 137c2d24(small blind) folded before Flop
Seat 1: 9eabc26a folded before Flop (didn't bet)
Seat 6: 851c8c33 folded before Flop (didn't bet)
Seat 7: e7bebc96 showed [Th Tc] and won ($379.51) with Pair of Tens and Pair of Sevens / Pair of Tens and Pair of Fives
Seat 5: 92255165 folded before Flop (didn't bet)
Seat 4: 1dc9839b(big blind) showed [Qs As] and won ($378.49) with Pair of Sevens and Pair of Fives / Pair of Aces and Pair of Fives
Seat 2: Hero folded before Flop (didn't bet)



Poker Hand #ring_895264989: NLH No Limit ($2/$4) - 2025/05/24 02:21:35
Table 'MR NLH 2/4' 7-max Seat #1 is the button
Seat 3: 137c2d24 ($348.34 in chips)
Seat 1: 9eabc26a ($856.01 in chips)
Seat 6: 851c8c33 ($1,382.29 in chips)
Seat 7: e7bebc96 ($378 in chips)
Seat 5: 92255165 ($380 in chips)
Seat 4: 1dc9839b ($2,035.16 in chips)
Seat 2: Hero ($372 in chips)
Hero: posts small blind $2
137c2d24: posts big blind $4
*** HOLE CARDS ***
Dealt to 137c2d24 
Dealt to 9eabc26a 
Dealt to 851c8c33 
Dealt to e7bebc96 
Dealt to 92255165 
Dealt to 1dc9839b 
Dealt to Hero [9h 6d]
1dc9839b: folds
92255165: calls $4
851c8c33: folds
e7bebc96: folds
9eabc26a: folds
Hero: folds
137c2d24: checks
*** FLOP *** [9d Jc Td]
137c2d24: checks
92255165: checks
*** TURN *** [9d Jc Td] [As]
137c2d24: checks
92255165: checks
*** RIVER *** [9d Jc Td As] [Jh]
137c2d24: checks
92255165: checks
137c2d24: shows [2s 7h]
92255165: shows [5c Tc]
*** SHOWDOWN ***
92255165 collected $10 from pot
*** SUMMARY ***
Total pot $10
Board [9d Jc Td As Jh]
Seat 3: 137c2d24(big blind) showed [2s 7h] and lost with Pair of Jacks
Seat 1: 9eabc26a folded before Flop (didn't bet)
Seat 6: 851c8c33 folded before Flop (didn't bet)
Seat 7: e7bebc96 folded before Flop (didn't bet)
Seat 5: 92255165 showed [5c Tc] and won ($10) with Pair of Jacks and Pair of Tens
Seat 4: 1dc9839b folded before Flop (didn't bet)
Seat 2: Hero(small blind) folded before Flop



Poker Hand #ring_895264283: NLH No Limit ($2/$4) - 2025/05/24 02:21:05
Table 'MR NLH 2/4' 7-max Seat #7 is the button
Seat 3: 137c2d24 ($348.34 in chips)
Seat 1: 9eabc26a ($858.01 in chips)
Seat 6: 851c8c33 ($1,382.29 in chips)
Seat 7: e7bebc96 ($378 in chips)
Seat 5: 92255165 ($380 in chips)
Seat 4: 1dc9839b ($2,029.16 in chips)
Seat 2: Hero ($376 in chips)
9eabc26a: posts small blind $2
Hero: posts big blind $4
*** HOLE CARDS ***
Dealt to 137c2d24 
Dealt to 9eabc26a 
Dealt to 851c8c33 
Dealt to e7bebc96 
Dealt to 92255165 
Dealt to 1dc9839b 
Dealt to Hero [2c 7h]
137c2d24: folds
1dc9839b: raises $6 to $10
92255165: folds
851c8c33: folds
e7bebc96: folds
9eabc26a: folds
Hero: folds
Uncalled bet ($6) returned to 1dc9839b
*** SHOWDOWN ***
1dc9839b collected $10 from pot
*** SUMMARY ***
Total pot $10
Seat 3: 137c2d24 folded before Flop (didn't bet)
Seat 1: 9eabc26a(small blind) folded before Flop
Seat 6: 851c8c33 folded before Flop (didn't bet)
Seat 7: e7bebc96 folded before Flop (didn't bet)
Seat 5: 92255165 folded before Flop (didn't bet)
Seat 4: 1dc9839bwon ($10)
Seat 2: Hero(big blind) folded before Flop



Poker Hand #ring_895262845: NLH No Limit ($2/$4) - 2025/05/24 02:20:02
Table 'MR NLH 2/4' 7-max Seat #6 is the button
Seat 3: 137c2d24 ($368.34 in chips)
Seat 1: 9eabc26a ($835.08 in chips)
Seat 6: 851c8c33 ($1,382.29 in chips)
Seat 7: e7bebc96 ($380 in chips)
Seat 5: 92255165 ($384 in chips)
Seat 4: 1dc9839b ($2,029.16 in chips)
Seat 2: Hero ($376 in chips)
e7bebc96: posts small blind $2
9eabc26a: posts big blind $4
*** HOLE CARDS ***
Dealt to 137c2d24 
Dealt to 9eabc26a 
Dealt to 851c8c33 
Dealt to e7bebc96 
Dealt to 92255165 
Dealt to 1dc9839b 
Dealt to Hero [2c 4s]
Hero: folds
137c2d24: calls $4
1dc9839b: folds
92255165: calls $4
851c8c33: folds
e7bebc96: folds
9eabc26a: raises $16 to $20
137c2d24: calls $16
92255165: folds
*** FLOP *** [4d Ts Ad]
9eabc26a: checks
137c2d24: checks
*** TURN *** [4d Ts Ad] [5s]
9eabc26a: bets $12
137c2d24: folds
Uncalled bet ($12) returned to 9eabc26a
*** SHOWDOWN ***
9eabc26a collected $46 from pot
*** SUMMARY ***
Total pot $46
Board [4d Ts Ad 5s]
Seat 3: 137c2d24 folded on the Turn
Seat 1: 9eabc26a(big blind)won ($46) with Pair of Queens
Seat 6: 851c8c33 folded before Flop (didn't bet)
Seat 7: e7bebc96(small blind) folded before Flop
Seat 5: 92255165 folded before Flop
Seat 4: 1dc9839b folded before Flop (didn't bet)
Seat 2: Hero folded before Flop (didn't bet)



Poker Hand #ring_895261264: NLH No Limit ($2/$4) - 2025/05/24 02:18:57
Table 'MR NLH 2/4' 7-max Seat #5 is the button
Seat 3: 137c2d24 ($372.34 in chips)
Seat 1: 9eabc26a ($835.08 in chips)
Seat 6: 851c8c33 ($1,361.09 in chips)
Seat 7: e7bebc96 ($384 in chips)
Seat 5: 92255165 ($400 in chips)
Seat 4: 1dc9839b ($2,029.16 in chips)
Seat 2: Hero ($376 in chips)
851c8c33: posts small blind $2
e7bebc96: posts big blind $4
92255165: posts big blind $4
*** HOLE CARDS ***
Dealt to 137c2d24 
Dealt to 9eabc26a 
Dealt to 851c8c33 
Dealt to e7bebc96 
Dealt to 92255165 
Dealt to 1dc9839b 
Dealt to Hero [3c 2h]
9eabc26a: folds
Hero: folds
137c2d24: calls $4
1dc9839b: folds
92255165: checks
851c8c33: calls $2
e7bebc96: checks
*** FLOP *** [9d 6c Jc]
851c8c33: checks
e7bebc96: checks
137c2d24: checks
92255165: checks
*** TURN *** [9d 6c Jc] [7s]
851c8c33: bets $12
e7bebc96: folds
137c2d24: folds
92255165: calls $12
*** RIVER *** [9d 6c Jc 7s] [6d]
851c8c33: checks
92255165: checks
92255165: shows [Qs 8s]
851c8c33: shows [7c 4c]
*** SHOWDOWN ***
851c8c33 collected $40 from pot
*** SUMMARY ***
Total pot $40
Board [9d 6c Jc 7s 6d]
Seat 3: 137c2d24 folded on the Turn
Seat 1: 9eabc26a folded before Flop (didn't bet)
Seat 6: 851c8c33(small blind) showed [7c 4c] and won ($40) with Pair of Sevens and Pair of Sixes
Seat 7: e7bebc96(big blind) folded on the Turn
Seat 5: 92255165 showed [Qs 8s] and lost with Pair of Sixes
Seat 4: 1dc9839b folded before Flop (didn't bet)
Seat 2: Hero folded before Flop (didn't bet)



Poker Hand #ring_895260754: NLH No Limit ($2/$4) - 2025/05/24 02:18:36
Table 'MR NLH 2/4' 7-max Seat #4 is the button
Seat 3: 137c2d24 ($372.34 in chips)
Seat 1: 9eabc26a ($835.08 in chips)
Seat 6: 851c8c33 ($1,361.09 in chips)
Seat 7: e7bebc96 ($384 in chips)
Seat 4: 1dc9839b ($2,029.16 in chips)
Seat 2: Hero ($376 in chips)
851c8c33: posts big blind $4
*** HOLE CARDS ***
Dealt to 137c2d24 
Dealt to 9eabc26a 
Dealt to 851c8c33 
Dealt to e7bebc96 
Dealt to 1dc9839b 
Dealt to Hero [Qh 6s]
e7bebc96: folds
9eabc26a: folds
Hero: folds
137c2d24: folds
1dc9839b: folds
Uncalled bet ($4) returned to 851c8c33
*** SHOWDOWN ***
851c8c33 collected $0 from pot
*** SUMMARY ***
Total pot $0
Seat 3: 137c2d24 folded before Flop (didn't bet)
Seat 1: 9eabc26a folded before Flop (didn't bet)
Seat 6: 851c8c33(big blind)lost
Seat 7: e7bebc96 folded before Flop (didn't bet)
Seat 4: 1dc9839b folded before Flop (didn't bet)
Seat 2: Hero folded before Flop (didn't bet)



Poker Hand #ring_895258596: NLH No Limit ($2/$4) - 2025/05/24 02:17:07
Table 'MR NLH 2/4' 7-max Seat #3 is the button
Seat 3: 137c2d24 ($372.34 in chips)
Seat 1: 9eabc26a ($835.08 in chips)
Seat 6: 851c8c33 ($1,024 in chips)
Seat 7: e7bebc96 ($396 in chips)
Seat 5: 92255165 ($308.56 in chips)
Seat 4: 1dc9839b ($2,077.16 in chips)
Seat 2: Hero ($376 in chips)
1dc9839b: posts small blind $2
92255165: posts big blind $4
*** HOLE CARDS ***
Dealt to 137c2d24 
Dealt to 9eabc26a 
Dealt to 851c8c33 
Dealt to e7bebc96 
Dealt to 92255165 
Dealt to 1dc9839b 
Dealt to Hero [5c 7s]
851c8c33: raises $8 to $12
e7bebc96: calls $12
9eabc26a: folds
Hero: folds
137c2d24: folds
1dc9839b: calls $10
92255165: calls $8
*** FIRST FLOP *** [8c 7c 9h]
1dc9839b: checks
92255165: checks
851c8c33: bets $36
e7bebc96: folds
1dc9839b: calls $36
92255165: raises $51.48 to $87.48
851c8c33: raises $194.22 to $281.7
1dc9839b: folds
92255165: raises $14.86 to $296.56 and is all-in
851c8c33: calls $14.86
92255165: shows [9s 9d] (Three Nines)
851c8c33: shows [6d 5d] (Nines-High Straight)
*** FIRST TURN *** [8c 7c 9h] [Ah]
*** SECOND TURN *** [8c 7c 9h] [Qd]
*** FIRST RIVER *** [8c 7c 9h Ah] [Ks]
*** SECOND RIVER *** [8c 7c 9h Qd] [4d]
*** FIRST SHOWDOWN ***
851c8c33 collected $339.07 from pot
*** SECOND SHOWDOWN ***
851c8c33 collected $338.05 from pot
*** SUMMARY ***
Total pot $677.12
Hand was run two timesFIRST Board [8c 7c 9h Ah Ks]
SECOND Board [Qd 4d]
Seat 3: 137c2d24 folded before Flop (didn't bet)
Seat 1: 9eabc26a folded before Flop (didn't bet)
Seat 6: 851c8c33 showed [6d 5d] and won ($677.12) with Nines-High Straight / Nines-High Straight
Seat 7: e7bebc96 folded on the Flop
Seat 5: 92255165(big blind) showed [9s 9d] and lost with Three Nines / Three Nines
Seat 4: 1dc9839b(small blind) folded on the Flop
Seat 2: Hero folded before Flop (didn't bet)



Poker Hand #ring_895257555: NLH No Limit ($2/$4) - 2025/05/24 02:16:24
Table 'MR NLH 2/4' 7-max Seat #2 is the button
Seat 3: 137c2d24 ($355.78 in chips)
Seat 1: 9eabc26a ($835.08 in chips)
Seat 6: 851c8c33 ($1,024 in chips)
Seat 7: e7bebc96 ($396 in chips)
Seat 5: 92255165 ($322.56 in chips)
Seat 4: 1dc9839b ($2,081.16 in chips)
Seat 2: Hero ($376 in chips)
137c2d24: posts small blind $2
1dc9839b: posts big blind $4
*** HOLE CARDS ***
Dealt to 137c2d24 
Dealt to 9eabc26a 
Dealt to 851c8c33 
Dealt to e7bebc96 
Dealt to 92255165 
Dealt to 1dc9839b 
Dealt to Hero [Ad 4c]
92255165: raises $10 to $14
851c8c33: folds
e7bebc96: folds
9eabc26a: folds
Hero: folds
137c2d24: calls $12
1dc9839b: folds
*** FLOP *** [3d 9c 9s]
137c2d24: checks
92255165: checks
*** TURN *** [3d 9c 9s] [Kh]
137c2d24: checks
92255165: checks
*** RIVER *** [3d 9c 9s Kh] [8h]
137c2d24: checks
92255165: checks
137c2d24: shows [As 8s]
92255165: shows [Qd Td]
*** SHOWDOWN ***
137c2d24 collected $32 from pot
*** SUMMARY ***
Total pot $32
Board [3d 9c 9s Kh 8h]
Seat 3: 137c2d24(small blind) showed [As 8s] and won ($32) with Pair of Nines and Pair of Eights
Seat 1: 9eabc26a folded before Flop (didn't bet)
Seat 6: 851c8c33 folded before Flop (didn't bet)
Seat 7: e7bebc96 folded before Flop (didn't bet)
Seat 5: 92255165 showed [Qd Td] and lost with Pair of Nines
Seat 4: 1dc9839b(big blind) folded before Flop
Seat 2: Hero folded before Flop (didn't bet)



Poker Hand #ring_895256290: NLH No Limit ($2/$4) - 2025/05/24 02:15:33
Table 'MR NLH 2/4' 7-max Seat #1 is the button
Seat 3: 137c2d24 ($341.04 in chips)
Seat 1: 9eabc26a ($835.08 in chips)
Seat 6: 851c8c33 ($1,024 in chips)
Seat 7: e7bebc96 ($400 in chips)
Seat 5: 92255165 ($322.56 in chips)
Seat 4: 1dc9839b ($2,081.16 in chips)
Seat 2: Hero ($388 in chips)
Hero: posts small blind $2
137c2d24: posts big blind $4
e7bebc96: posts big blind $4
*** HOLE CARDS ***
Dealt to 137c2d24 
Dealt to 9eabc26a 
Dealt to 851c8c33 
Dealt to e7bebc96 
Dealt to 92255165 
Dealt to 1dc9839b 
Dealt to Hero [Qc Js]
1dc9839b: folds
92255165: folds
851c8c33: folds
e7bebc96: checks
9eabc26a: folds
Hero: calls $2
137c2d24: raises $8 to $12
e7bebc96: folds
Hero: calls $8
*** FLOP *** [2d 3d 3s]
Hero: checks
137c2d24: bets $14
Hero: folds
Uncalled bet ($14) returned to 137c2d24
*** SHOWDOWN ***
137c2d24 collected $28 from pot
*** SUMMARY ***
Total pot $28
Board [2d 3d 3s]
Seat 3: 137c2d24(big blind)won ($28) with Pair of Tens and Pair of Treys
Seat 1: 9eabc26a folded before Flop (didn't bet)
Seat 6: 851c8c33 folded before Flop (didn't bet)
Seat 7: e7bebc96 folded before Flop
Seat 5: 92255165 folded before Flop (didn't bet)
Seat 4: 1dc9839b folded before Flop (didn't bet)
Seat 2: Hero(small blind) folded on the Flop



Poker Hand #ring_895254844: NLH No Limit ($2/$4) - 2025/05/24 02:14:34
Table 'MR NLH 2/4' 7-max Seat #6 is the button
Seat 3: 137c2d24 ($316.75 in chips)
Seat 1: 9eabc26a ($837.08 in chips)
Seat 6: 851c8c33 ($1,024 in chips)
Seat 5: 92255165 ($334.56 in chips)
Seat 4: 1dc9839b ($2,081.16 in chips)
Seat 2: Hero ($400 in chips)
9eabc26a: posts small blind $2
Hero: posts big blind $4
*** HOLE CARDS ***
Dealt to 137c2d24 
Dealt to 9eabc26a 
Dealt to 851c8c33 
Dealt to 92255165 
Dealt to 1dc9839b 
Dealt to Hero [9s 7h]
137c2d24: raises $8 to $12
1dc9839b: folds
92255165: calls $12
851c8c33: folds
9eabc26a: folds
Hero: calls $8
*** FLOP *** [8s 4s 5h]
Hero: checks
137c2d24: checks
92255165: checks
*** TURN *** [8s 4s 5h] [Jc]
Hero: checks
137c2d24: checks
92255165: checks
*** RIVER *** [8s 4s 5h Jc] [5s]
Hero: checks
137c2d24: checks
92255165: checks
Hero: shows [9s 7h]
137c2d24: shows [Ac Tc]
92255165: shows [Th 9h]
*** SHOWDOWN ***
137c2d24 collected $38 from pot
*** SUMMARY ***
Total pot $38
Board [8s 4s 5h Jc 5s]
Seat 3: 137c2d24 showed [Ac Tc] and won ($38) with Pair of Fives
Seat 1: 9eabc26a(small blind) folded before Flop
Seat 6: 851c8c33 folded before Flop (didn't bet)
Seat 5: 92255165 showed [Th 9h] and lost with Pair of Fives
Seat 4: 1dc9839b folded before Flop (didn't bet)
Seat 2: Hero(big blind) showed [9s 7h] and lost with Pair of Fives



