Poker Hand #ring_861993418: NLH No Limit ($1/$2) - 2025/05/06 19:48:24
Table 'MR NLH BOMBPOT 1/2' 7-max Seat #0 is the button
Seat 6: cf6f89ba ($190.95 in chips)
Seat 2: 66787afe ($119.96 in chips)
Seat 1: 6b5568cc ($526.3 in chips)
Seat 3: Hero ($416.66 in chips)
Seat 4: 7ba6f5b6 ($194.71 in chips)
Seat 5: 9ad638a5 ($794.08 in chips)
6b5568cc: posts small blind $1
66787afe: posts big blind $2
*** HOLE CARDS ***
Dealt to cf6f89ba 
Dealt to 66787afe 
Dealt to 6b5568cc 
Dealt to Hero [Qs 9h]
Dealt to 7ba6f5b6 
Dealt to 9ad638a5 
Hero: folds
7ba6f5b6: folds
9ad638a5: raises $6 to $8
cf6f89ba: folds
6b5568cc: calls $7
66787afe: calls $6
*** FLOP *** [8c Qd 3c]
6b5568cc: checks
66787afe: checks
9ad638a5: checks
*** TURN *** [8c Qd 3c] [Kc]
6b5568cc: checks
66787afe: checks
9ad638a5: checks
*** RIVER *** [8c Qd 3c Kc] [7s]
6b5568cc: checks
66787afe: checks
9ad638a5: checks
6b5568cc: shows [5s 4d]
66787afe: shows [5c Ad]
9ad638a5: shows [Ac Td]
*** SHOWDOWN ***
9ad638a5 collected $24 from pot
*** SUMMARY ***
Total pot $24
Board [8c Qd 3c Kc 7s]
Seat 6: cf6f89ba folded before Flop (didn't bet)
Seat 2: 66787afe(big blind) showed [5c Ad] and lost with Ace-High
Seat 1: 6b5568cc(small blind) showed [5s 4d] and lost with King-High
Seat 3: Hero folded before Flop (didn't bet)
Seat 4: 7ba6f5b6 folded before Flop (didn't bet)
Seat 5: 9ad638a5 showed [Ac Td] and won ($24) with Ace-High



Poker Hand #ring_861990322: NLH No Limit ($1/$2) - 2025/05/06 19:46:27
Table 'MR NLH BOMBPOT 1/2' 7-max Seat #6 is the button
Seat 6: cf6f89ba ($192.95 in chips)
Seat 7: e6e6d70f ($667.07 in chips)
Seat 2: 66787afe ($121.96 in chips)
Seat 1: 6b5568cc ($521.61 in chips)
Seat 3: Hero ($416.66 in chips)
Seat 4: 7ba6f5b6 ($194.71 in chips)
Seat 5: 9ad638a5 ($794.08 in chips)
e6e6d70f: posts small blind $1
6b5568cc: posts big blind $2
*** HOLE CARDS ***
Dealt to cf6f89ba 
Dealt to e6e6d70f 
Dealt to 66787afe 
Dealt to 6b5568cc 
Dealt to Hero [Ts 8h]
Dealt to 7ba6f5b6 
Dealt to 9ad638a5 
66787afe: calls $2
Hero: folds
7ba6f5b6: folds
9ad638a5: folds
cf6f89ba: calls $2
e6e6d70f: folds
6b5568cc: checks
*** FLOP *** [6s Ac 6h]
6b5568cc: checks
66787afe: checks
cf6f89ba: checks
*** TURN *** [6s Ac 6h] [Jh]
6b5568cc: bets $5.25
66787afe: folds
cf6f89ba: folds
Uncalled bet ($5.25) returned to 6b5568cc
*** SHOWDOWN ***
6b5568cc collected $7 from pot
*** SUMMARY ***
Total pot $7
Board [6s Ac 6h Jh]
Seat 6: cf6f89ba folded on the Turn
Seat 7: e6e6d70f(small blind) folded before Flop
Seat 2: 66787afe folded on the Turn
Seat 1: 6b5568cc(big blind)won ($7) with Pair of Aces and Pair of Jacks
Seat 3: Hero folded before Flop (didn't bet)
Seat 4: 7ba6f5b6 folded before Flop (didn't bet)
Seat 5: 9ad638a5 folded before Flop (didn't bet)



Poker Hand #ring_861988816: NLH No Limit ($1/$2) - 2025/05/06 19:45:29
Table 'MR NLH BOMBPOT 1/2' 7-max Seat #5 is the button
Seat 6: cf6f89ba ($193.95 in chips)
Seat 7: e6e6d70f ($669.07 in chips)
Seat 2: 66787afe ($62.61 in chips)
Seat 1: 6b5568cc ($521.61 in chips)
Seat 3: Hero ($416.66 in chips)
Seat 4: 7ba6f5b6 ($194.71 in chips)
Seat 5: 9ad638a5 ($856.69 in chips)
cf6f89ba: posts small blind $1
e6e6d70f: posts big blind $2
*** HOLE CARDS ***
Dealt to cf6f89ba 
Dealt to e6e6d70f 
Dealt to 66787afe 
Dealt to 6b5568cc 
Dealt to Hero [4d Qh]
Dealt to 7ba6f5b6 
Dealt to 9ad638a5 
6b5568cc: folds
66787afe: raises $5 to $7
Hero: folds
7ba6f5b6: folds
9ad638a5: raises $17 to $24
cf6f89ba: folds
e6e6d70f: folds
66787afe: calls $17
*** FIRST FLOP *** [As Ad 7d]
66787afe: checks
9ad638a5: bets $51
66787afe: calls $38.61 and is all-in
Uncalled bet ($12.39) returned to 9ad638a5
66787afe: shows [8d 8s] (Pair of Aces and Pair of Eights)
9ad638a5: shows [2c 2d] (Pair of Aces and Pair of Twos)
*** FIRST TURN *** [As Ad 7d] [3h]
*** SECOND TURN *** [As Ad 7d] [3c]
*** THIRD TURN *** [As Ad 7d] [Kd]
*** FIRST RIVER *** [As Ad 7d 3h] [Th]
*** SECOND RIVER *** [As Ad 7d 3c] [7c]
*** THIRD RIVER *** [As Ad 7d Kd] [Jh]
*** FIRST SHOWDOWN ***
66787afe collected $43.08 from pot
*** SECOND SHOWDOWN ***
66787afe collected $42.57 from pot
*** THIRD SHOWDOWN ***
66787afe collected $42.57 from pot
*** SUMMARY ***
Total pot $128.22
Hand was run three timesFIRST Board [As Ad 7d 3h Th]
SECOND Board [3c 7c]
THIRD Board [Kd Jh]
Seat 6: cf6f89ba(small blind) folded before Flop
Seat 7: e6e6d70f(big blind) folded before Flop
Seat 2: 66787afe showed [8d 8s] and won ($128.22) with Pair of Aces and Pair of Eights / Pair of Aces and Pair of Eights / Pair of Aces and Pair of Eights
Seat 1: 6b5568cc folded before Flop (didn't bet)
Seat 3: Hero folded before Flop (didn't bet)
Seat 4: 7ba6f5b6 folded before Flop (didn't bet)
Seat 5: 9ad638a5 showed [2c 2d] and lost with Pair of Aces and Pair of Twos / Pair of Aces and Pair of Sevens / Pair of Aces and Pair of Twos



Poker Hand #ring_861987246: NLH No Limit ($1/$2) - 2025/05/06 19:44:28
Table 'MR NLH BOMBPOT 1/2' 7-max Seat #4 is the button
Seat 6: cf6f89ba ($195.95 in chips)
Seat 7: e6e6d70f ($343.56 in chips)
Seat 2: 66787afe ($406.17 in chips)
Seat 1: 6b5568cc ($521.61 in chips)
Seat 3: Hero ($416.66 in chips)
Seat 4: 7ba6f5b6 ($120.71 in chips)
Seat 5: 9ad638a5 ($862.69 in chips)
9ad638a5: posts small blind $1
cf6f89ba: posts big blind $2
*** HOLE CARDS ***
Dealt to cf6f89ba 
Dealt to e6e6d70f 
Dealt to 66787afe 
Dealt to 6b5568cc 
Dealt to Hero [8d 5s]
Dealt to 7ba6f5b6 
Dealt to 9ad638a5 
e6e6d70f: raises $4 to $6
6b5568cc: folds
66787afe: calls $6
Hero: folds
7ba6f5b6: calls $6
9ad638a5: calls $5
cf6f89ba: folds
*** FIRST FLOP *** [Jc 6c 3s]
9ad638a5: checks
e6e6d70f: checks
66787afe: bets $26
7ba6f5b6: folds
9ad638a5: folds
e6e6d70f: calls $26
*** FIRST TURN *** [Jc 6c 3s] [9h]
e6e6d70f: checks
66787afe: bets $78
e6e6d70f: raises $233.56 to $311.56 and is all-in
66787afe: calls $233.56
66787afe: shows [As Jh]
e6e6d70f: shows [9s Js]
*** FIRST RIVER *** [Jc 6c 3s 9h] [3d]
*** SECOND RIVER *** [Jc 6c 3s 9h] [5h]
*** FIRST SHOWDOWN ***
e6e6d70f collected $350.82 from pot
*** SECOND SHOWDOWN ***
e6e6d70f collected $350.3 from pot
*** SUMMARY ***
Total pot $701.12
Hand was run two timesFIRST Board [Jc 6c 3s 9h 3d]
SECOND Board [5h]
Seat 6: cf6f89ba(big blind) folded before Flop
Seat 7: e6e6d70f showed [9s Js] and won ($701.12) with Pair of Jacks and Pair of Nines / Pair of Jacks and Pair of Nines
Seat 2: 66787afe showed [As Jh] and lost with Pair of Jacks and Pair of Treys / Pair of Jacks
Seat 1: 6b5568cc folded before Flop (didn't bet)
Seat 3: Hero folded before Flop (didn't bet)
Seat 4: 7ba6f5b6 folded on the Flop
Seat 5: 9ad638a5(small blind) folded on the Flop



Poker Hand #ring_861985472: NLH No Limit ($1/$2) - 2025/05/06 19:43:19
Table 'MR NLH BOMBPOT 1/2' 7-max Seat #3 is the button
Seat 6: cf6f89ba ($195.95 in chips)
Seat 7: e6e6d70f ($343.56 in chips)
Seat 2: 66787afe ($438.17 in chips)
Seat 1: 6b5568cc ($521.61 in chips)
Seat 3: Hero ($416.66 in chips)
Seat 4: 7ba6f5b6 ($152.71 in chips)
Seat 5: 9ad638a5 ($803.51 in chips)
7ba6f5b6: posts small blind $1
9ad638a5: posts big blind $2
*** HOLE CARDS ***
Dealt to cf6f89ba 
Dealt to e6e6d70f 
Dealt to 66787afe 
Dealt to 6b5568cc 
Dealt to Hero [2h Jd]
Dealt to 7ba6f5b6 
Dealt to 9ad638a5 
*** FLOP *** [Ad Tc Kd]
7ba6f5b6: checks
9ad638a5: checks
66787afe: bets $24
7ba6f5b6: calls $24
9ad638a5: calls $24
*** TURN *** [Ad Tc Kd] [9d]
7ba6f5b6: checks
9ad638a5: checks
66787afe: checks
*** RIVER *** [Ad Tc Kd 9d] [6d]
7ba6f5b6: checks
9ad638a5: bets $138.41
66787afe: folds
7ba6f5b6: folds
Uncalled bet ($138.41) returned to 9ad638a5
cf6f89ba: folds
e6e6d70f: folds
6b5568cc: folds
66787afe: raises $6 to $8
Hero: folds
7ba6f5b6: calls $7
9ad638a5: calls $6
*** SHOWDOWN ***
9ad638a5 collected $96 from pot
*** SUMMARY ***
Total pot $96
Board [Ad Tc Kd 9d 6d]
Seat 6: cf6f89ba folded before Flop (didn't bet)
Seat 7: e6e6d70f folded before Flop (didn't bet)
Seat 2: 66787afe folded on the River
Seat 1: 6b5568cc folded before Flop (didn't bet)
Seat 3: Hero folded before Flop (didn't bet)
Seat 4: 7ba6f5b6(small blind) folded on the River
Seat 5: 9ad638a5(big blind)won ($96) with Ace High Flush



Poker Hand #ring_861983986: NLH No Limit ($1/$2) - 2025/05/06 19:42:24
Table 'MR NLH BOMBPOT 1/2' 7-max Seat #2 is the button
Seat 6: cf6f89ba ($195.95 in chips)
Seat 7: e6e6d70f ($331.41 in chips)
Seat 2: 66787afe ($444.17 in chips)
Seat 1: 6b5568cc ($521.61 in chips)
Seat 3: Hero ($417.66 in chips)
Seat 4: 7ba6f5b6 ($158.71 in chips)
Seat 5: 9ad638a5 ($803.51 in chips)
Hero: posts small blind $1
7ba6f5b6: posts big blind $2
*** HOLE CARDS ***
Dealt to cf6f89ba 
Dealt to e6e6d70f 
Dealt to 66787afe 
Dealt to 6b5568cc 
Dealt to Hero [4c 9s]
Dealt to 7ba6f5b6 
Dealt to 9ad638a5 
9ad638a5: folds
cf6f89ba: folds
e6e6d70f: raises $4 to $6
6b5568cc: folds
66787afe: calls $6
Hero: folds
7ba6f5b6: calls $4
*** FLOP *** [Kc Ah 9d]
7ba6f5b6: checks
e6e6d70f: bets $6.27
66787afe: folds
7ba6f5b6: folds
Uncalled bet ($6.27) returned to e6e6d70f
*** SHOWDOWN ***
e6e6d70f collected $19 from pot
*** SUMMARY ***
Total pot $19
Board [Kc Ah 9d]
Seat 6: cf6f89ba folded before Flop (didn't bet)
Seat 7: e6e6d70fwon ($19) with Pair of Aces
Seat 2: 66787afe folded on the Flop
Seat 1: 6b5568cc folded before Flop (didn't bet)
Seat 3: Hero(small blind) folded before Flop
Seat 4: 7ba6f5b6(big blind) folded on the Flop
Seat 5: 9ad638a5 folded before Flop (didn't bet)



Poker Hand #ring_861980896: NLH No Limit ($1/$2) - 2025/05/06 19:40:25
Table 'MR NLH BOMBPOT 1/2' 7-max Seat #1 is the button
Seat 6: cf6f89ba ($201.95 in chips)
Seat 7: e6e6d70f ($287.24 in chips)
Seat 2: 66787afe ($450.17 in chips)
Seat 1: 6b5568cc ($549.61 in chips)
Seat 3: Hero ($327.74 in chips)
Seat 4: 7ba6f5b6 ($158.71 in chips)
Seat 5: 9ad638a5 ($831.51 in chips)
66787afe: posts small blind $1
Hero: posts big blind $2
*** HOLE CARDS ***
Dealt to cf6f89ba 
Dealt to e6e6d70f 
Dealt to 66787afe 
Dealt to 6b5568cc 
Dealt to Hero [4s Ts]
Dealt to 7ba6f5b6 
Dealt to 9ad638a5 
7ba6f5b6: folds
9ad638a5: raises $4 to $6
cf6f89ba: calls $6
e6e6d70f: calls $6
6b5568cc: calls $6
66787afe: calls $5
Hero: calls $4
*** FLOP *** [5s 4d 7s]
66787afe: checks
Hero: checks
9ad638a5: bets $22
cf6f89ba: folds
e6e6d70f: calls $22
6b5568cc: calls $22
66787afe: folds
Hero: raises $62 to $84
9ad638a5: folds
e6e6d70f: folds
6b5568cc: folds
Uncalled bet ($62) returned to Hero
*** SHOWDOWN ***
Hero collected $124 from pot
*** SUMMARY ***
Total pot $124
Board [5s 4d 7s]
Seat 6: cf6f89ba folded on the Flop
Seat 7: e6e6d70f folded on the Flop
Seat 2: 66787afe(small blind) folded on the Flop
Seat 1: 6b5568cc folded on the Flop
Seat 3: Hero(big blind)won ($124) with Pair of Fours
Seat 4: 7ba6f5b6 folded before Flop (didn't bet)
Seat 5: 9ad638a5 folded on the Flop



Poker Hand #ring_861979059: NLH No Limit ($1/$2) - 2025/05/06 19:39:16
Table 'MR NLH BOMBPOT 1/2' 7-max Seat #7 is the button
Seat 6: cf6f89ba ($185.62 in chips)
Seat 7: e6e6d70f ($295.24 in chips)
Seat 2: 66787afe ($452.17 in chips)
Seat 1: 6b5568cc ($557.61 in chips)
Seat 3: Hero ($327.74 in chips)
Seat 4: 7ba6f5b6 ($158.71 in chips)
Seat 5: 9ad638a5 ($831.51 in chips)
6b5568cc: posts small blind $1
66787afe: posts big blind $2
*** HOLE CARDS ***
Dealt to cf6f89ba 
Dealt to e6e6d70f 
Dealt to 66787afe 
Dealt to 6b5568cc 
Dealt to Hero [3c Ts]
Dealt to 7ba6f5b6 
Dealt to 9ad638a5 
Hero: folds
7ba6f5b6: folds
9ad638a5: folds
cf6f89ba: calls $2
e6e6d70f: raises $6 to $8
6b5568cc: calls $7
66787afe: folds
cf6f89ba: calls $6
*** FLOP *** [Js Qd Th]
6b5568cc: checks
cf6f89ba: checks
e6e6d70f: checks
*** TURN *** [Js Qd Th] [5c]
6b5568cc: checks
cf6f89ba: checks
e6e6d70f: checks
*** RIVER *** [Js Qd Th 5c] [7c]
6b5568cc: checks
cf6f89ba: bets $19.5
e6e6d70f: folds
6b5568cc: folds
Uncalled bet ($19.5) returned to cf6f89ba
*** SHOWDOWN ***
cf6f89ba collected $26 from pot
*** SUMMARY ***
Total pot $26
Board [Js Qd Th 5c 7c]
Seat 6: cf6f89bawon ($26) with Three Sevens
Seat 7: e6e6d70f folded on the River
Seat 2: 66787afe(big blind) folded before Flop
Seat 1: 6b5568cc(small blind) folded on the River
Seat 3: Hero folded before Flop (didn't bet)
Seat 4: 7ba6f5b6 folded before Flop (didn't bet)
Seat 5: 9ad638a5 folded before Flop (didn't bet)



Poker Hand #ring_861977138: NLH No Limit ($1/$2) - 2025/05/06 19:38:02
Table 'MR NLH BOMBPOT 1/2' 7-max Seat #6 is the button
Seat 6: cf6f89ba ($195.62 in chips)
Seat 7: e6e6d70f ($340.24 in chips)
Seat 2: 66787afe ($462.17 in chips)
Seat 1: 6b5568cc ($567.61 in chips)
Seat 3: Hero ($337.74 in chips)
Seat 4: 7ba6f5b6 ($168.71 in chips)
Seat 5: 9ad638a5 ($743.31 in chips)
e6e6d70f: posts the ante $10
6b5568cc: posts the ante $10
66787afe: posts the ante $10
Hero: posts the ante $10
7ba6f5b6: posts the ante $10
9ad638a5: posts the ante $10
cf6f89ba: posts the ante $10
*** HOLE CARDS ***
Dealt to cf6f89ba 
Dealt to e6e6d70f 
Dealt to 66787afe 
Dealt to 6b5568cc 
Dealt to Hero [7c 7s]
Dealt to 7ba6f5b6 
Dealt to 9ad638a5 
*** FLOP *** [Qd 9h 2d]
e6e6d70f: checks
6b5568cc: checks
66787afe: checks
Hero: checks
7ba6f5b6: checks
9ad638a5: bets $35
cf6f89ba: folds
e6e6d70f: calls $35
6b5568cc: folds
66787afe: folds
Hero: folds
7ba6f5b6: folds
*** TURN *** [Qd 9h 2d] [6s]
e6e6d70f: checks
9ad638a5: checks
*** RIVER *** [Qd 9h 2d 6s] [5s]
e6e6d70f: checks
9ad638a5: checks
9ad638a5: shows [4h 9d]
e6e6d70f: shows [Kd Jh]
*** SHOWDOWN ***
9ad638a5 collected $140 from pot
*** SUMMARY ***
Total pot $140
Board [Qd 9h 2d 6s 5s]
Seat 6: cf6f89ba folded on the Flop
Seat 7: e6e6d70f(small blind) showed [Kd Jh] and lost with King-High
Seat 2: 66787afe folded on the Flop
Seat 1: 6b5568cc(big blind) folded on the Flop
Seat 3: Hero folded on the Flop
Seat 4: 7ba6f5b6 folded on the Flop
Seat 5: 9ad638a5 showed [4h 9d] and won ($140) with Pair of Nines



Poker Hand #ring_861974656: NLH No Limit ($1/$2) - 2025/05/06 19:36:28
Table 'MR NLH BOMBPOT 1/2' 7-max Seat #5 is the button
Seat 6: cf6f89ba ($201.62 in chips)
Seat 7: e6e6d70f ($346.24 in chips)
Seat 2: 66787afe ($457.5 in chips)
Seat 1: 6b5568cc ($562.94 in chips)
Seat 3: Hero ($337.74 in chips)
Seat 4: 7ba6f5b6 ($168.71 in chips)
Seat 5: 9ad638a5 ($743.31 in chips)
cf6f89ba: posts small blind $1
e6e6d70f: posts big blind $2
*** HOLE CARDS ***
Dealt to cf6f89ba 
Dealt to e6e6d70f 
Dealt to 66787afe 
Dealt to 6b5568cc 
Dealt to Hero [9d Ah]
Dealt to 7ba6f5b6 
Dealt to 9ad638a5 
6b5568cc: raises $4 to $6
66787afe: calls $6
Hero: folds
7ba6f5b6: folds
9ad638a5: folds
cf6f89ba: calls $5
e6e6d70f: calls $4
*** FLOP *** [5c Jc Tc]
cf6f89ba: checks
e6e6d70f: checks
6b5568cc: checks
66787afe: checks
*** TURN *** [5c Jc Tc] [5h]
cf6f89ba: checks
e6e6d70f: checks
6b5568cc: bets $12
66787afe: calls $12
cf6f89ba: folds
e6e6d70f: folds
*** RIVER *** [5c Jc Tc 5h] [7c]
6b5568cc: checks
66787afe: checks
6b5568cc: shows [2s 5s]
66787afe: shows [8d 5d]
*** SHOWDOWN ***
6b5568cc collected $24 from pot
66787afe collected $24 from pot
*** SUMMARY ***
Total pot $48
Board [5c Jc Tc 5h 7c]
Seat 6: cf6f89ba(small blind) folded on the Turn
Seat 7: e6e6d70f(big blind) folded on the Turn
Seat 2: 66787afe showed [8d 5d] and won ($24) with Three Fives
Seat 1: 6b5568cc showed [2s 5s] and won ($24) with Three Fives
Seat 3: Hero folded before Flop (didn't bet)
Seat 4: 7ba6f5b6 folded before Flop (didn't bet)
Seat 5: 9ad638a5 folded before Flop (didn't bet)



Poker Hand #ring_861972660: NLH No Limit ($1/$2) - 2025/05/06 19:35:13
Table 'MR NLH BOMBPOT 1/2' 7-max Seat #4 is the button
Seat 6: cf6f89ba ($97.82 in chips)
Seat 7: e6e6d70f ($346.24 in chips)
Seat 2: 66787afe ($465.5 in chips)
Seat 1: 6b5568cc ($562.94 in chips)
Seat 3: Hero ($337.74 in chips)
Seat 4: 7ba6f5b6 ($176.71 in chips)
Seat 5: 9ad638a5 ($841.13 in chips)
9ad638a5: posts small blind $1
cf6f89ba: posts big blind $2
*** HOLE CARDS ***
Dealt to cf6f89ba 
Dealt to e6e6d70f 
Dealt to 66787afe 
Dealt to 6b5568cc 
Dealt to Hero [4c 7d]
Dealt to 7ba6f5b6 
Dealt to 9ad638a5 
e6e6d70f: folds
6b5568cc: folds
66787afe: raises $6 to $8
Hero: folds
7ba6f5b6: calls $8
9ad638a5: calls $7
cf6f89ba: calls $6
*** FLOP *** [8c 6h 4d]
9ad638a5: checks
cf6f89ba: checks
66787afe: checks
7ba6f5b6: checks
*** TURN *** [8c 6h 4d] [3h]
9ad638a5: bets $16
cf6f89ba: raises $73.82 to $89.82 and is all-in
66787afe: folds
7ba6f5b6: folds
9ad638a5: calls $73.82
9ad638a5: shows [9d 8d]
cf6f89ba: shows [5c 7c]
*** RIVER *** [8c 6h 4d 3h] [Ts]
*** SHOWDOWN ***
cf6f89ba collected $211.64 from pot
*** SUMMARY ***
Total pot $211.64
Board [8c 6h 4d 3h Ts]
Seat 6: cf6f89ba(big blind) showed [5c 7c] and won ($211.64) with Eights-High Straight
Seat 7: e6e6d70f folded before Flop (didn't bet)
Seat 2: 66787afe folded on the Turn
Seat 1: 6b5568cc folded before Flop (didn't bet)
Seat 3: Hero folded before Flop (didn't bet)
Seat 4: 7ba6f5b6 folded on the Turn
Seat 5: 9ad638a5(small blind) showed [9d 8d] and lost with Pair of Eights



Poker Hand #ring_861971441: NLH No Limit ($1/$2) - 2025/05/06 19:34:27
Table 'MR NLH BOMBPOT 1/2' 7-max Seat #3 is the button
Seat 6: cf6f89ba ($97.82 in chips)
Seat 7: e6e6d70f ($346.24 in chips)
Seat 2: 66787afe ($465.5 in chips)
Seat 1: 6b5568cc ($562.94 in chips)
Seat 3: Hero ($332.23 in chips)
Seat 4: 7ba6f5b6 ($177.71 in chips)
Seat 5: 9ad638a5 ($846.13 in chips)
7ba6f5b6: posts small blind $1
9ad638a5: posts big blind $2
*** HOLE CARDS ***
Dealt to cf6f89ba 
Dealt to e6e6d70f 
Dealt to 66787afe 
Dealt to 6b5568cc 
Dealt to Hero [Qs 2s]
Dealt to 7ba6f5b6 
Dealt to 9ad638a5 
cf6f89ba: folds
e6e6d70f: folds
6b5568cc: folds
66787afe: folds
Hero: raises $3 to $5
7ba6f5b6: folds
9ad638a5: calls $3
*** FLOP *** [7c 2d 5s]
9ad638a5: checks
Hero: bets $5.5
9ad638a5: folds
Uncalled bet ($5.5) returned to Hero
*** SHOWDOWN ***
Hero collected $11 from pot
*** SUMMARY ***
Total pot $11
Board [7c 2d 5s]
Seat 6: cf6f89ba folded before Flop (didn't bet)
Seat 7: e6e6d70f folded before Flop (didn't bet)
Seat 2: 66787afe folded before Flop (didn't bet)
Seat 1: 6b5568cc folded before Flop (didn't bet)
Seat 3: Herowon ($11) with Pair of Twos
Seat 4: 7ba6f5b6(small blind) folded before Flop
Seat 5: 9ad638a5(big blind) folded on the Flop



Poker Hand #ring_861969753: NLH No Limit ($1/$2) - 2025/05/06 19:33:20
Table 'MR NLH BOMBPOT 1/2' 7-max Seat #2 is the button
Seat 6: cf6f89ba ($97.82 in chips)
Seat 7: e6e6d70f ($346.24 in chips)
Seat 2: 66787afe ($465.5 in chips)
Seat 1: 6b5568cc ($453.75 in chips)
Seat 3: Hero ($353.23 in chips)
Seat 4: 7ba6f5b6 ($179.71 in chips)
Seat 5: 9ad638a5 ($942.53 in chips)
Hero: posts small blind $1
7ba6f5b6: posts big blind $2
*** HOLE CARDS ***
Dealt to cf6f89ba 
Dealt to e6e6d70f 
Dealt to 66787afe 
Dealt to 6b5568cc 
Dealt to Hero [7s 8h]
Dealt to 7ba6f5b6 
Dealt to 9ad638a5 
9ad638a5: calls $2
cf6f89ba: folds
e6e6d70f: folds
6b5568cc: raises $6 to $8
66787afe: folds
Hero: calls $7
7ba6f5b6: folds
9ad638a5: calls $6
*** FLOP *** [7d Ah 2h]
Hero: checks
9ad638a5: checks
6b5568cc: bets $13
Hero: calls $13
9ad638a5: calls $13
*** TURN *** [7d Ah 2h] [Jh]
Hero: checks
9ad638a5: checks
6b5568cc: checks
*** RIVER *** [7d Ah 2h Jh] [Kh]
Hero: checks
9ad638a5: bets $21.45
6b5568cc: raises $53.95 to $75.4
Hero: folds
9ad638a5: calls $53.95
6b5568cc: shows [Th Qh]
9ad638a5: shows [Jd 9h]
*** SHOWDOWN ***
6b5568cc collected $215.8 from pot
*** SUMMARY ***
Total pot $215.8
Board [7d Ah 2h Jh Kh]
Seat 6: cf6f89ba folded before Flop (didn't bet)
Seat 7: e6e6d70f folded before Flop (didn't bet)
Seat 2: 66787afe folded before Flop (didn't bet)
Seat 1: 6b5568cc showed [Th Qh] and won ($215.8) with Royal Flush
Seat 3: Hero(small blind) folded on the River
Seat 4: 7ba6f5b6(big blind) folded before Flop
Seat 5: 9ad638a5 showed [Jd 9h] and lost with Ace High Flush



Poker Hand #ring_861967843: NLH No Limit ($1/$2) - 2025/05/06 19:32:07
Table 'MR NLH BOMBPOT 1/2' 7-max Seat #1 is the button
Seat 6: cf6f89ba ($97.82 in chips)
Seat 7: e6e6d70f ($352.24 in chips)
Seat 2: 66787afe ($466.5 in chips)
Seat 1: 6b5568cc ($459.75 in chips)
Seat 3: Hero ($341.08 in chips)
Seat 4: 7ba6f5b6 ($179.71 in chips)
Seat 5: 9ad638a5 ($942.53 in chips)
66787afe: posts small blind $1
Hero: posts big blind $2
*** HOLE CARDS ***
Dealt to cf6f89ba 
Dealt to e6e6d70f 
Dealt to 66787afe 
Dealt to 6b5568cc 
Dealt to Hero [2s 8s]
Dealt to 7ba6f5b6 
Dealt to 9ad638a5 
7ba6f5b6: folds
9ad638a5: folds
cf6f89ba: folds
e6e6d70f: raises $4 to $6
6b5568cc: calls $6
66787afe: folds
Hero: calls $4
*** FLOP *** [7s As 9d]
Hero: checks
e6e6d70f: checks
6b5568cc: checks
*** TURN *** [7s As 9d] [7c]
Hero: checks
e6e6d70f: checks
6b5568cc: checks
*** RIVER *** [7s As 9d 7c] [Ts]
Hero: checks
e6e6d70f: checks
6b5568cc: checks
6b5568cc: shows [Kh 3h]
Hero: shows [2s 8s]
e6e6d70f: shows [6s Kd]
*** SHOWDOWN ***
Hero collected $19 from pot
*** SUMMARY ***
Total pot $19
Board [7s As 9d 7c Ts]
Seat 6: cf6f89ba folded before Flop (didn't bet)
Seat 7: e6e6d70f showed [6s Kd] and lost with Pair of Sevens
Seat 2: 66787afe(small blind) folded before Flop
Seat 1: 6b5568cc showed [Kh 3h] and lost with Pair of Sevens
Seat 3: Hero(big blind) showed [2s 8s] and won ($19) with Ace High Flush
Seat 4: 7ba6f5b6 folded before Flop (didn't bet)
Seat 5: 9ad638a5 folded before Flop (didn't bet)



Poker Hand #ring_861966979: NLH No Limit ($1/$2) - 2025/05/06 19:31:33
Table 'MR NLH BOMBPOT 1/2' 7-max Seat #7 is the button
Seat 6: cf6f89ba ($97.82 in chips)
Seat 7: e6e6d70f ($344 in chips)
Seat 2: 66787afe ($474.5 in chips)
Seat 1: 6b5568cc ($460.75 in chips)
Seat 3: Hero ($341.08 in chips)
Seat 4: 7ba6f5b6 ($179.71 in chips)
Seat 5: 9ad638a5 ($942.53 in chips)
6b5568cc: posts small blind $1
66787afe: posts big blind $2
*** HOLE CARDS ***
Dealt to cf6f89ba 
Dealt to e6e6d70f 
Dealt to 66787afe 
Dealt to 6b5568cc 
Dealt to Hero [2h 5s]
Dealt to 7ba6f5b6 
Dealt to 9ad638a5 
Hero: folds
7ba6f5b6: folds
9ad638a5: folds
cf6f89ba: folds
e6e6d70f: raises $6 to $8
6b5568cc: folds
66787afe: calls $6
*** FLOP *** [6h Kh 5c]
66787afe: checks
e6e6d70f: bets $8.5
66787afe: folds
Uncalled bet ($8.5) returned to e6e6d70f
*** SHOWDOWN ***
e6e6d70f collected $17 from pot
*** SUMMARY ***
Total pot $17
Board [6h Kh 5c]
Seat 6: cf6f89ba folded before Flop (didn't bet)
Seat 7: e6e6d70fwon ($17) with King-High
Seat 2: 66787afe(big blind) folded on the Flop
Seat 1: 6b5568cc(small blind) folded before Flop
Seat 3: Hero folded before Flop (didn't bet)
Seat 4: 7ba6f5b6 folded before Flop (didn't bet)
Seat 5: 9ad638a5 folded before Flop (didn't bet)



Poker Hand #ring_861965068: NLH No Limit ($1/$2) - 2025/05/06 19:30:18
Table 'MR NLH BOMBPOT 1/2' 7-max Seat #6 is the button
Seat 6: cf6f89ba ($99.82 in chips)
Seat 7: e6e6d70f ($358 in chips)
Seat 2: 66787afe ($488.5 in chips)
Seat 1: 6b5568cc ($462.75 in chips)
Seat 3: Hero ($343.08 in chips)
Seat 4: 7ba6f5b6 ($179.71 in chips)
Seat 5: 9ad638a5 ($911.19 in chips)
e6e6d70f: posts small blind $1
6b5568cc: posts big blind $2
*** HOLE CARDS ***
Dealt to cf6f89ba 
Dealt to e6e6d70f 
Dealt to 66787afe 
Dealt to 6b5568cc 
Dealt to Hero [Th Qs]
Dealt to 7ba6f5b6 
Dealt to 9ad638a5 
66787afe: calls $2
Hero: calls $2
7ba6f5b6: folds
9ad638a5: calls $2
cf6f89ba: calls $2
e6e6d70f: raises $12 to $14
6b5568cc: folds
66787afe: calls $12
Hero: folds
9ad638a5: calls $12
cf6f89ba: folds
*** FLOP *** [3c Qc 8s]
e6e6d70f: checks
66787afe: checks
9ad638a5: checks
*** TURN *** [3c Qc 8s] [6h]
e6e6d70f: checks
66787afe: checks
9ad638a5: bets $15.84
e6e6d70f: folds
66787afe: folds
Uncalled bet ($15.84) returned to 9ad638a5
*** SHOWDOWN ***
9ad638a5 collected $48 from pot
*** SUMMARY ***
Total pot $48
Board [3c Qc 8s 6h]
Seat 6: cf6f89ba folded before Flop
Seat 7: e6e6d70f(small blind) folded on the Turn
Seat 2: 66787afe folded on the Turn
Seat 1: 6b5568cc(big blind) folded before Flop
Seat 3: Hero folded before Flop
Seat 4: 7ba6f5b6 folded before Flop (didn't bet)
Seat 5: 9ad638a5won ($48) with Pair of Sixes



Poker Hand #ring_861963670: NLH No Limit ($1/$2) - 2025/05/06 19:29:24
Table 'MR NLH BOMBPOT 1/2' 7-max Seat #5 is the button
Seat 6: cf6f89ba ($98 in chips)
Seat 7: e6e6d70f ($360 in chips)
Seat 2: 66787afe ($488.5 in chips)
Seat 1: 6b5568cc ($462.75 in chips)
Seat 3: Hero ($343.08 in chips)
Seat 4: 7ba6f5b6 ($179.71 in chips)
Seat 5: 9ad638a5 ($911.19 in chips)
cf6f89ba: posts small blind $1
e6e6d70f: posts big blind $2
*** HOLE CARDS ***
Dealt to cf6f89ba 
Dealt to e6e6d70f 
Dealt to 66787afe 
Dealt to 6b5568cc 
Dealt to Hero [9s Qh]
Dealt to 7ba6f5b6 
Dealt to 9ad638a5 
6b5568cc: folds
66787afe: folds
Hero: folds
7ba6f5b6: folds
9ad638a5: folds
cf6f89ba: calls $1
e6e6d70f: checks
*** FLOP *** [Ad 9h As]
cf6f89ba: checks
e6e6d70f: checks
*** TURN *** [Ad 9h As] [3d]
cf6f89ba: checks
e6e6d70f: checks
*** RIVER *** [Ad 9h As 3d] [5h]
cf6f89ba: checks
e6e6d70f: checks
cf6f89ba: shows [4c 2c]
e6e6d70f: shows [9d 2s]
*** SHOWDOWN ***
cf6f89ba collected $4 from pot
*** SUMMARY ***
Total pot $4
Board [Ad 9h As 3d 5h]
Seat 6: cf6f89ba(small blind) showed [4c 2c] and won ($4) with Fives-High Straight
Seat 7: e6e6d70f(big blind) showed [9d 2s] and lost with Pair of Aces and Pair of Nines
Seat 2: 66787afe folded before Flop (didn't bet)
Seat 1: 6b5568cc folded before Flop (didn't bet)
Seat 3: Hero folded before Flop (didn't bet)
Seat 4: 7ba6f5b6 folded before Flop (didn't bet)
Seat 5: 9ad638a5 folded before Flop (didn't bet)



Poker Hand #ring_861963119: NLH No Limit ($1/$2) - 2025/05/06 19:29:02
Table 'MR NLH BOMBPOT 1/2' 7-max Seat #4 is the button
Seat 6: cf6f89ba ($100 in chips)
Seat 7: e6e6d70f ($360 in chips)
Seat 2: 66787afe ($488.5 in chips)
Seat 1: 6b5568cc ($462.75 in chips)
Seat 3: Hero ($343.08 in chips)
Seat 4: 7ba6f5b6 ($179.71 in chips)
Seat 5: 9ad638a5 ($909.19 in chips)
9ad638a5: posts small blind $1
cf6f89ba: posts big blind $2
*** HOLE CARDS ***
Dealt to cf6f89ba 
Dealt to e6e6d70f 
Dealt to 66787afe 
Dealt to 6b5568cc 
Dealt to Hero [6d Kc]
Dealt to 7ba6f5b6 
Dealt to 9ad638a5 
e6e6d70f: folds
6b5568cc: folds
66787afe: folds
Hero: folds
7ba6f5b6: folds
9ad638a5: raises $4 to $6
cf6f89ba: folds
Uncalled bet ($4) returned to 9ad638a5
*** SHOWDOWN ***
9ad638a5 collected $4 from pot
*** SUMMARY ***
Total pot $4
Seat 6: cf6f89ba(big blind) folded before Flop
Seat 7: e6e6d70f folded before Flop (didn't bet)
Seat 2: 66787afe folded before Flop (didn't bet)
Seat 1: 6b5568cc folded before Flop (didn't bet)
Seat 3: Hero folded before Flop (didn't bet)
Seat 4: 7ba6f5b6 folded before Flop (didn't bet)
Seat 5: 9ad638a5(small blind)won ($4)



Poker Hand #ring_861961691: NLH No Limit ($1/$2) - 2025/05/06 19:28:06
Table 'MR NLH BOMBPOT 1/2' 7-max Seat #3 is the button
Seat 7: e6e6d70f ($400 in chips)
Seat 2: 66787afe ($498.5 in chips)
Seat 1: 6b5568cc ($360 in chips)
Seat 3: Hero ($353.08 in chips)
Seat 4: 7ba6f5b6 ($189.71 in chips)
Seat 5: 9ad638a5 ($949.19 in chips)
7ba6f5b6: posts the ante $10
9ad638a5: posts the ante $10
e6e6d70f: posts the ante $10
6b5568cc: posts the ante $10
66787afe: posts the ante $10
Hero: posts the ante $10
*** HOLE CARDS ***
Dealt to e6e6d70f 
Dealt to 66787afe 
Dealt to 6b5568cc 
Dealt to Hero [8c 8d]
Dealt to 7ba6f5b6 
Dealt to 9ad638a5 
*** FLOP *** [Jc 4s 9c]
7ba6f5b6: checks
9ad638a5: checks
e6e6d70f: checks
6b5568cc: checks
66787afe: checks
Hero: checks
*** TURN *** [Jc 4s 9c] [Kc]
7ba6f5b6: checks
9ad638a5: checks
e6e6d70f: checks
6b5568cc: bets $30
66787afe: folds
Hero: folds
7ba6f5b6: folds
9ad638a5: calls $30
e6e6d70f: calls $30
*** RIVER *** [Jc 4s 9c Kc] [4d]
9ad638a5: checks
e6e6d70f: checks
6b5568cc: checks
6b5568cc: shows [9h Kh]
9ad638a5: shows [Ac 7s]
e6e6d70f: shows [As Qc]
*** SHOWDOWN ***
6b5568cc collected $150 from pot
*** SUMMARY ***
Total pot $150
Board [Jc 4s 9c Kc 4d]
Seat 7: e6e6d70f showed [As Qc] and lost with Pair of Fours
Seat 2: 66787afe folded on the Turn
Seat 1: 6b5568cc showed [9h Kh] and won ($150) with Pair of Kings and Pair of Nines
Seat 3: Hero folded on the Turn
Seat 4: 7ba6f5b6(small blind) folded on the Turn
Seat 5: 9ad638a5(big blind) showed [Ac 7s] and lost with Pair of Fours



Poker Hand #ring_861959726: NLH No Limit ($1/$2) - 2025/05/06 19:26:51
Table 'MR NLH BOMBPOT 1/2' 7-max Seat #2 is the button
Seat 7: e6e6d70f ($379.11 in chips)
Seat 2: 66787afe ($498.5 in chips)
Seat 1: 6b5568cc ($360 in chips)
Seat 3: Hero ($354.08 in chips)
Seat 4: 7ba6f5b6 ($191.71 in chips)
Seat 5: 9ad638a5 ($892.34 in chips)
Hero: posts small blind $1
7ba6f5b6: posts big blind $2
*** HOLE CARDS ***
Dealt to e6e6d70f 
Dealt to 66787afe 
Dealt to 6b5568cc 
Dealt to Hero [As Ts]
Dealt to 7ba6f5b6 
Dealt to 9ad638a5 
9ad638a5: raises $4 to $6
e6e6d70f: raises $12 to $18
6b5568cc: folds
66787afe: folds
Hero: folds
7ba6f5b6: folds
9ad638a5: calls $12
*** FLOP *** [2h Ad 5c]
9ad638a5: checks
e6e6d70f: bets $12.87
9ad638a5: calls $12.87
*** TURN *** [2h Ad 5c] [Jc]
9ad638a5: checks
e6e6d70f: bets $29
9ad638a5: raises $61.37 to $90.37
e6e6d70f: folds
Uncalled bet ($61.37) returned to 9ad638a5
*** SHOWDOWN ***
9ad638a5 collected $122.74 from pot
*** SUMMARY ***
Total pot $122.74
Board [2h Ad 5c Jc]
Seat 7: e6e6d70f folded on the Turn
Seat 2: 66787afe folded before Flop (didn't bet)
Seat 1: 6b5568cc folded before Flop (didn't bet)
Seat 3: Hero(small blind) folded before Flop
Seat 4: 7ba6f5b6(big blind) folded before Flop
Seat 5: 9ad638a5won ($122.74) with Pair of Jacks



Poker Hand #ring_861958008: NLH No Limit ($1/$2) - 2025/05/06 19:25:45
Table 'MR NLH BOMBPOT 1/2' 7-max Seat #1 is the button
Seat 7: e6e6d70f ($361.82 in chips)
Seat 2: 66787afe ($499.5 in chips)
Seat 1: 6b5568cc ($368 in chips)
Seat 3: Hero ($356.08 in chips)
Seat 4: 7ba6f5b6 ($191.71 in chips)
Seat 5: 9ad638a5 ($900.34 in chips)
66787afe: posts small blind $1
Hero: posts big blind $2
*** HOLE CARDS ***
Dealt to e6e6d70f 
Dealt to 66787afe 
Dealt to 6b5568cc 
Dealt to Hero [Qs 9c]
Dealt to 7ba6f5b6 
Dealt to 9ad638a5 
7ba6f5b6: folds
9ad638a5: calls $2
e6e6d70f: raises $6 to $8
6b5568cc: calls $8
66787afe: folds
Hero: folds
9ad638a5: calls $6
*** FLOP *** [4d 5h 9d]
9ad638a5: checks
e6e6d70f: checks
6b5568cc: checks
*** TURN *** [4d 5h 9d] [Ac]
9ad638a5: checks
e6e6d70f: checks
6b5568cc: checks
*** RIVER *** [4d 5h 9d Ac] [Kd]
9ad638a5: checks
e6e6d70f: bets $27
6b5568cc: folds
9ad638a5: folds
Uncalled bet ($27) returned to e6e6d70f
*** SHOWDOWN ***
e6e6d70f collected $27 from pot
*** SUMMARY ***
Total pot $27
Board [4d 5h 9d Ac Kd]
Seat 7: e6e6d70fwon ($27) with Pair of Kings and Pair of Fives
Seat 2: 66787afe(small blind) folded before Flop
Seat 1: 6b5568cc folded on the River
Seat 3: Hero(big blind) folded before Flop
Seat 4: 7ba6f5b6 folded before Flop (didn't bet)
Seat 5: 9ad638a5 folded on the River



Poker Hand #ring_861955874: NLH No Limit ($1/$2) - 2025/05/06 19:24:21
Table 'MR NLH BOMBPOT 1/2' 7-max Seat #7 is the button
Seat 6: ac483439 ($382.8 in chips)
Seat 7: e6e6d70f ($361.82 in chips)
Seat 2: 66787afe ($324.2 in chips)
Seat 1: 6b5568cc ($392 in chips)
Seat 3: Hero ($356.08 in chips)
Seat 4: 7ba6f5b6 ($191.71 in chips)
Seat 5: 9ad638a5 ($900.34 in chips)
6b5568cc: posts small blind $1
66787afe: posts big blind $2
*** HOLE CARDS ***
Dealt to ac483439 
Dealt to e6e6d70f 
Dealt to 66787afe 
Dealt to 6b5568cc 
Dealt to Hero [Ts 2c]
Dealt to 7ba6f5b6 
Dealt to 9ad638a5 
Hero: folds
7ba6f5b6: folds
9ad638a5: folds
ac483439: raises $4 to $6
e6e6d70f: folds
6b5568cc: calls $5
66787afe: calls $4
*** FLOP *** [6s As 8d]
6b5568cc: checks
66787afe: bets $18
ac483439: calls $18
6b5568cc: calls $18
*** TURN *** [6s As 8d] [9c]
6b5568cc: checks
66787afe: bets $36
ac483439: calls $36
6b5568cc: folds
*** RIVER *** [6s As 8d 9c] [Ks]
66787afe: checks
ac483439: bets $108
66787afe: calls $108
66787afe: shows [Qs Ac]
ac483439: shows [7d 7c]
*** SHOWDOWN ***
66787afe collected $360 from pot
*** SUMMARY ***
Total pot $360
Board [6s As 8d 9c Ks]
Seat 6: ac483439 showed [7d 7c] and lost with Pair of Sevens
Seat 7: e6e6d70f folded before Flop (didn't bet)
Seat 2: 66787afe(big blind) showed [Qs Ac] and won ($360) with Pair of Aces
Seat 1: 6b5568cc(small blind) folded on the Turn
Seat 3: Hero folded before Flop (didn't bet)
Seat 4: 7ba6f5b6 folded before Flop (didn't bet)
Seat 5: 9ad638a5 folded before Flop (didn't bet)



Poker Hand #ring_861954129: NLH No Limit ($1/$2) - 2025/05/06 19:23:12
Table 'MR NLH BOMBPOT 1/2' 7-max Seat #6 is the button
Seat 6: ac483439 ($382.8 in chips)
Seat 7: e6e6d70f ($530.82 in chips)
Seat 2: 66787afe ($169 in chips)
Seat 1: 6b5568cc ($394 in chips)
Seat 3: Hero ($356.08 in chips)
Seat 4: 7ba6f5b6 ($191.71 in chips)
Seat 5: 9ad638a5 ($900.34 in chips)
e6e6d70f: posts small blind $1
6b5568cc: posts big blind $2
*** HOLE CARDS ***
Dealt to ac483439 
Dealt to e6e6d70f 
Dealt to 66787afe 
Dealt to 6b5568cc 
Dealt to Hero [Qh Ts]
Dealt to 7ba6f5b6 
Dealt to 9ad638a5 
66787afe: raises $4 to $6
Hero: folds
7ba6f5b6: folds
9ad638a5: folds
ac483439: folds
e6e6d70f: raises $18 to $24
6b5568cc: folds
66787afe: calls $18
*** FLOP *** [8s Qc 9s]
e6e6d70f: bets $25
66787afe: raises $50 to $75
e6e6d70f: raises $431.82 to $506.82 and is all-in
66787afe: calls $70 and is all-in
Uncalled bet ($361.82) returned to e6e6d70f
66787afe: shows [Jc Tc] (Queens-High Straight)
e6e6d70f: shows [Ac As] (Pair of Aces)
*** TURN *** [8s Qc 9s] [6s]
*** RIVER *** [8s Qc 9s 6s] [Th]
*** SHOWDOWN ***
66787afe collected $340 from pot
*** SUMMARY ***
Total pot $340
Board [8s Qc 9s 6s Th]
Seat 6: ac483439 folded before Flop (didn't bet)
Seat 7: e6e6d70f(small blind) showed [Ac As] and lost with Pair of Aces
Seat 2: 66787afe showed [Jc Tc] and won ($340) with Queens-High Straight
Seat 1: 6b5568cc(big blind) folded before Flop
Seat 3: Hero folded before Flop (didn't bet)
Seat 4: 7ba6f5b6 folded before Flop (didn't bet)
Seat 5: 9ad638a5 folded before Flop (didn't bet)



Poker Hand #ring_861952852: NLH No Limit ($1/$2) - 2025/05/06 19:22:22
Table 'MR NLH BOMBPOT 1/2' 7-max Seat #5 is the button
Seat 6: ac483439 ($383.8 in chips)
Seat 7: e6e6d70f ($532.82 in chips)
Seat 2: 66787afe ($169 in chips)
Seat 1: 6b5568cc ($400 in chips)
Seat 3: Hero ($336.79 in chips)
Seat 4: 7ba6f5b6 ($197.71 in chips)
Seat 5: 9ad638a5 ($906.34 in chips)
ac483439: posts small blind $1
e6e6d70f: posts big blind $2
6b5568cc: posts big blind $2
*** HOLE CARDS ***
Dealt to ac483439 
Dealt to e6e6d70f 
Dealt to 66787afe 
Dealt to 6b5568cc 
Dealt to Hero [Ad Td]
Dealt to 7ba6f5b6 
Dealt to 9ad638a5 
6b5568cc: checks
66787afe: folds
Hero: raises $4 to $6
7ba6f5b6: calls $6
9ad638a5: calls $6
ac483439: folds
e6e6d70f: folds
6b5568cc: calls $4
*** FLOP *** [Kd Jd 9h]
6b5568cc: checks
Hero: bets $13.5
7ba6f5b6: folds
9ad638a5: folds
6b5568cc: folds
Uncalled bet ($13.5) returned to Hero
*** SHOWDOWN ***
Hero collected $27 from pot
*** SUMMARY ***
Total pot $27
Board [Kd Jd 9h]
Seat 6: ac483439(small blind) folded before Flop
Seat 7: e6e6d70f(big blind) folded before Flop
Seat 2: 66787afe folded before Flop (didn't bet)
Seat 1: 6b5568cc folded on the Flop
Seat 3: Herowon ($27) with Ace-High
Seat 4: 7ba6f5b6 folded on the Flop
Seat 5: 9ad638a5 folded on the Flop



Poker Hand #ring_861951212: NLH No Limit ($1/$2) - 2025/05/06 19:21:19
Table 'MR NLH BOMBPOT 1/2' 7-max Seat #4 is the button
Seat 6: ac483439 ($385.8 in chips)
Seat 7: e6e6d70f ($532.82 in chips)
Seat 2: 66787afe ($177 in chips)
Seat 3: Hero ($357.79 in chips)
Seat 4: 7ba6f5b6 ($197.71 in chips)
Seat 5: 9ad638a5 ($878.18 in chips)
9ad638a5: posts small blind $1
ac483439: posts big blind $2
*** HOLE CARDS ***
Dealt to ac483439 
Dealt to e6e6d70f 
Dealt to 66787afe 
Dealt to Hero [8s 8d]
Dealt to 7ba6f5b6 
Dealt to 9ad638a5 
e6e6d70f: folds
66787afe: calls $2
Hero: raises $6 to $8
7ba6f5b6: folds
9ad638a5: calls $7
ac483439: folds
66787afe: calls $6
*** FLOP *** [3d Ts Ac]
9ad638a5: checks
66787afe: checks
Hero: bets $13
9ad638a5: calls $13
66787afe: folds
*** TURN *** [3d Ts Ac] [7s]
9ad638a5: checks
Hero: checks
*** RIVER *** [3d Ts Ac 7s] [3s]
9ad638a5: bets $34.32
Hero: folds
Uncalled bet ($34.32) returned to 9ad638a5
*** SHOWDOWN ***
9ad638a5 collected $52 from pot
*** SUMMARY ***
Total pot $52
Board [3d Ts Ac 7s 3s]
Seat 6: ac483439(big blind) folded before Flop
Seat 7: e6e6d70f folded before Flop (didn't bet)
Seat 2: 66787afe folded on the Flop
Seat 3: Hero folded on the River
Seat 4: 7ba6f5b6 folded before Flop (didn't bet)
Seat 5: 9ad638a5(small blind)won ($52) with Pair of Aces and Pair of Treys



Poker Hand #ring_861950070: NLH No Limit ($1/$2) - 2025/05/06 19:20:33
Table 'MR NLH BOMBPOT 1/2' 7-max Seat #3 is the button
Seat 6: ac483439 ($385.8 in chips)
Seat 7: e6e6d70f ($549.32 in chips)
Seat 2: 66787afe ($177 in chips)
Seat 3: Hero ($357.79 in chips)
Seat 4: 7ba6f5b6 ($181.28 in chips)
Seat 5: 9ad638a5 ($880.18 in chips)
7ba6f5b6: posts small blind $1
9ad638a5: posts big blind $2
*** HOLE CARDS ***
Dealt to ac483439 
Dealt to e6e6d70f 
Dealt to 66787afe 
Dealt to Hero [Jh 2s]
Dealt to 7ba6f5b6 
Dealt to 9ad638a5 
ac483439: folds
e6e6d70f: raises $4 to $6
66787afe: folds
Hero: folds
7ba6f5b6: raises $10.5 to $16.5
9ad638a5: folds
e6e6d70f: calls $10.5
*** FLOP *** [Kd 9h 5s]
7ba6f5b6: bets $17.5
e6e6d70f: folds
Uncalled bet ($17.5) returned to 7ba6f5b6
*** SHOWDOWN ***
7ba6f5b6 collected $35 from pot
*** SUMMARY ***
Total pot $35
Board [Kd 9h 5s]
Seat 6: ac483439 folded before Flop (didn't bet)
Seat 7: e6e6d70f folded on the Flop
Seat 2: 66787afe folded before Flop (didn't bet)
Seat 3: Hero folded before Flop (didn't bet)
Seat 4: 7ba6f5b6(small blind)won ($35) with Pair of Jacks
Seat 5: 9ad638a5(big blind) folded before Flop



Poker Hand #ring_861946969: NLH No Limit ($1/$2) - 2025/05/06 19:18:31
Table 'MR NLH BOMBPOT 1/2' 7-max Seat #2 is the button
Seat 6: ac483439 ($385.8 in chips)
Seat 7: e6e6d70f ($557.32 in chips)
Seat 2: 66787afe ($177 in chips)
Seat 3: Hero ($358.79 in chips)
Seat 4: 7ba6f5b6 ($183.28 in chips)
Seat 5: 9ad638a5 ($720.02 in chips)
Seat 1: eb771acf ($165 in chips)
Hero: posts small blind $1
7ba6f5b6: posts big blind $2
*** HOLE CARDS ***
Dealt to ac483439 
Dealt to e6e6d70f 
Dealt to 66787afe 
Dealt to Hero [3c 9c]
Dealt to 7ba6f5b6 
Dealt to 9ad638a5 
Dealt to eb771acf 
9ad638a5: calls $2
ac483439: folds
e6e6d70f: raises $6 to $8
eb771acf: calls $8
66787afe: folds
Hero: folds
7ba6f5b6: folds
9ad638a5: raises $37 to $45
e6e6d70f: folds
eb771acf: calls $37
*** FIRST FLOP *** [8s Qc 9s]
9ad638a5: bets $61
eb771acf: calls $61
*** FIRST TURN *** [8s Qc 9s] [3d]
9ad638a5: bets $73.6
eb771acf: calls $59 and is all-in
Uncalled bet ($14.6) returned to 9ad638a5
eb771acf: shows [Js 7s]
9ad638a5: shows [Ad Td]
*** FIRST RIVER *** [8s Qc 9s 3d] [6d]
*** SECOND RIVER *** [8s Qc 9s 3d] [6c]
*** FIRST SHOWDOWN ***
9ad638a5 collected $170.75 from pot
*** SECOND SHOWDOWN ***
9ad638a5 collected $170.25 from pot
*** SUMMARY ***
Total pot $341
Hand was run two timesFIRST Board [8s Qc 9s 3d 6d]
SECOND Board [6c]
Seat 6: ac483439 folded before Flop (didn't bet)
Seat 7: e6e6d70f folded before Flop
Seat 2: 66787afe folded before Flop (didn't bet)
Seat 3: Hero(small blind) folded before Flop
Seat 4: 7ba6f5b6(big blind) folded before Flop
Seat 5: 9ad638a5 showed [Ad Td] and won ($341) with Ace-High / Ace-High
Seat 1: eb771acf showed [Js 7s] and lost with Queen-High / Queen-High



Poker Hand #ring_861944926: NLH No Limit ($1/$2) - 2025/05/06 19:17:12
Table 'MR NLH BOMBPOT 1/2' 7-max Seat #1 is the button
Seat 6: ac483439 ($385.8 in chips)
Seat 7: e6e6d70f ($486.84 in chips)
Seat 2: 66787afe ($185 in chips)
Seat 3: Hero ($366.79 in chips)
Seat 4: 7ba6f5b6 ($183.28 in chips)
Seat 5: 9ad638a5 ($781.22 in chips)
Seat 1: eb771acf ($165 in chips)
66787afe: posts small blind $1
Hero: posts big blind $2
*** HOLE CARDS ***
Dealt to ac483439 
Dealt to e6e6d70f 
Dealt to 66787afe 
Dealt to Hero [Ts 9c]
Dealt to 7ba6f5b6 
Dealt to 9ad638a5 
Dealt to eb771acf 
7ba6f5b6: folds
9ad638a5: calls $2
ac483439: folds
e6e6d70f: raises $6 to $8
eb771acf: folds
66787afe: calls $7
Hero: calls $6
9ad638a5: calls $6
*** FLOP *** [2c 5h 3d]
66787afe: checks
Hero: checks
9ad638a5: bets $16
e6e6d70f: calls $16
66787afe: folds
Hero: folds
*** TURN *** [2c 5h 3d] [5d]
9ad638a5: bets $37.2
e6e6d70f: calls $37.2
*** RIVER *** [2c 5h 3d 5d] [7s]
9ad638a5: checks
e6e6d70f: checks
9ad638a5: shows [Ad 6s]
e6e6d70f: shows [Qs Qc]
*** SHOWDOWN ***
e6e6d70f collected $138.4 from pot
*** SUMMARY ***
Total pot $138.4
Board [2c 5h 3d 5d 7s]
Seat 6: ac483439 folded before Flop (didn't bet)
Seat 7: e6e6d70f showed [Qs Qc] and won ($138.4) with Pair of Queens and Pair of Fives
Seat 2: 66787afe(small blind) folded on the Flop
Seat 3: Hero(big blind) folded on the Flop
Seat 4: 7ba6f5b6 folded before Flop (didn't bet)
Seat 5: 9ad638a5 showed [Ad 6s] and lost with Pair of Fives
Seat 1: eb771acf folded before Flop (didn't bet)



Poker Hand #ring_861942291: NLH No Limit ($1/$2) - 2025/05/06 19:15:31
Table 'MR NLH BOMBPOT 1/2' 7-max Seat #7 is the button
Seat 6: ac483439 ($430.8 in chips)
Seat 7: e6e6d70f ($398.64 in chips)
Seat 2: 66787afe ($195 in chips)
Seat 3: Hero ($376.79 in chips)
Seat 4: 7ba6f5b6 ($145.28 in chips)
Seat 5: 9ad638a5 ($791.22 in chips)
Seat 1: eb771acf ($175 in chips)
eb771acf: posts the ante $10
66787afe: posts the ante $10
Hero: posts the ante $10
7ba6f5b6: posts the ante $10
9ad638a5: posts the ante $10
ac483439: posts the ante $10
e6e6d70f: posts the ante $10
*** HOLE CARDS ***
Dealt to ac483439 
Dealt to e6e6d70f 
Dealt to 66787afe 
Dealt to Hero [7d 5d]
Dealt to 7ba6f5b6 
Dealt to 9ad638a5 
Dealt to eb771acf 
*** FLOP *** [6c Jc Jd]
eb771acf: checks
66787afe: checks
Hero: checks
7ba6f5b6: checks
9ad638a5: checks
ac483439: checks
e6e6d70f: bets $35
eb771acf: folds
66787afe: folds
Hero: folds
7ba6f5b6: folds
9ad638a5: folds
ac483439: calls $35
*** TURN *** [6c Jc Jd] [Ac]
ac483439: checks
e6e6d70f: checks
*** RIVER *** [6c Jc Jd Ac] [Jh]
ac483439: checks
e6e6d70f: bets $105
ac483439: folds
Uncalled bet ($105) returned to e6e6d70f
*** SHOWDOWN ***
e6e6d70f collected $140 from pot
*** SUMMARY ***
Total pot $140
Board [6c Jc Jd Ac Jh]
Seat 6: ac483439 folded on the River
Seat 7: e6e6d70fwon ($140) with Four Jacks
Seat 2: 66787afe(big blind) folded on the Flop
Seat 3: Hero folded on the Flop
Seat 4: 7ba6f5b6 folded on the Flop
Seat 5: 9ad638a5 folded on the Flop
Seat 1: eb771acf(small blind) folded on the Flop



Poker Hand #ring_861940356: NLH No Limit ($1/$2) - 2025/05/06 19:14:15
Table 'MR NLH BOMBPOT 1/2' 7-max Seat #6 is the button
Seat 6: ac483439 ($430.8 in chips)
Seat 7: e6e6d70f ($399.64 in chips)
Seat 2: 66787afe ($195 in chips)
Seat 3: Hero ($376.79 in chips)
Seat 4: 7ba6f5b6 ($151.28 in chips)
Seat 5: 9ad638a5 ($779.07 in chips)
Seat 1: eb771acf ($181 in chips)
e6e6d70f: posts small blind $1
eb771acf: posts big blind $2
*** HOLE CARDS ***
Dealt to ac483439 
Dealt to e6e6d70f 
Dealt to 66787afe 
Dealt to Hero [Td 5d]
Dealt to 7ba6f5b6 
Dealt to 9ad638a5 
Dealt to eb771acf 
66787afe: folds
Hero: folds
7ba6f5b6: calls $2
9ad638a5: raises $4 to $6
ac483439: folds
e6e6d70f: folds
eb771acf: calls $4
7ba6f5b6: calls $4
*** FLOP *** [6c Ts 5c]
eb771acf: checks
7ba6f5b6: checks
9ad638a5: checks
*** TURN *** [6c Ts 5c] [3s]
eb771acf: checks
7ba6f5b6: checks
9ad638a5: bets $11
eb771acf: folds
7ba6f5b6: folds
Uncalled bet ($11) returned to 9ad638a5
*** SHOWDOWN ***
9ad638a5 collected $19 from pot
*** SUMMARY ***
Total pot $19
Board [6c Ts 5c 3s]
Seat 6: ac483439 folded before Flop (didn't bet)
Seat 7: e6e6d70f(small blind) folded before Flop
Seat 2: 66787afe folded before Flop (didn't bet)
Seat 3: Hero folded before Flop (didn't bet)
Seat 4: 7ba6f5b6 folded on the Turn
Seat 5: 9ad638a5won ($19) with Ace-High
Seat 1: eb771acf(big blind) folded on the Turn



Poker Hand #ring_861939083: NLH No Limit ($1/$2) - 2025/05/06 19:13:28
Table 'MR NLH BOMBPOT 1/2' 7-max Seat #5 is the button
Seat 6: ac483439 ($431.8 in chips)
Seat 7: e6e6d70f ($405.64 in chips)
Seat 2: 66787afe ($195 in chips)
Seat 3: Hero ($370.37 in chips)
Seat 4: 7ba6f5b6 ($151.28 in chips)
Seat 5: 9ad638a5 ($779.07 in chips)
Seat 1: eb771acf ($181 in chips)
ac483439: posts small blind $1
e6e6d70f: posts big blind $2
*** HOLE CARDS ***
Dealt to ac483439 
Dealt to e6e6d70f 
Dealt to 66787afe 
Dealt to Hero [Ks Jh]
Dealt to 7ba6f5b6 
Dealt to 9ad638a5 
Dealt to eb771acf 
eb771acf: folds
66787afe: folds
Hero: raises $4 to $6
7ba6f5b6: folds
9ad638a5: folds
ac483439: folds
e6e6d70f: calls $4
*** FLOP *** [8d 3d 8h]
e6e6d70f: checks
Hero: checks
*** TURN *** [8d 3d 8h] [7h]
e6e6d70f: checks
Hero: checks
*** RIVER *** [8d 3d 8h 7h] [Qc]
e6e6d70f: checks
Hero: checks
Hero: shows [Ks Jh]
e6e6d70f: shows [6c 2c]
*** SHOWDOWN ***
Hero collected $13 from pot
*** SUMMARY ***
Total pot $13
Board [8d 3d 8h 7h Qc]
Seat 6: ac483439(small blind) folded before Flop
Seat 7: e6e6d70f(big blind) showed [6c 2c] and lost with Pair of Eights
Seat 2: 66787afe folded before Flop (didn't bet)
Seat 3: Hero showed [Ks Jh] and won ($13) with Pair of Eights
Seat 4: 7ba6f5b6 folded before Flop (didn't bet)
Seat 5: 9ad638a5 folded before Flop (didn't bet)
Seat 1: eb771acf folded before Flop (didn't bet)



Poker Hand #ring_861938085: NLH No Limit ($1/$2) - 2025/05/06 19:12:51
Table 'MR NLH BOMBPOT 1/2' 7-max Seat #4 is the button
Seat 6: ac483439 ($433.8 in chips)
Seat 7: e6e6d70f ($405.64 in chips)
Seat 2: 66787afe ($195 in chips)
Seat 3: Hero ($363 in chips)
Seat 4: 7ba6f5b6 ($151.28 in chips)
Seat 5: 9ad638a5 ($785.07 in chips)
Seat 1: eb771acf ($181 in chips)
9ad638a5: posts small blind $1
ac483439: posts big blind $2
*** HOLE CARDS ***
Dealt to ac483439 
Dealt to e6e6d70f 
Dealt to 66787afe 
Dealt to Hero [9c 9s]
Dealt to 7ba6f5b6 
Dealt to 9ad638a5 
Dealt to eb771acf 
e6e6d70f: folds
eb771acf: folds
66787afe: folds
Hero: raises $4 to $6
7ba6f5b6: folds
9ad638a5: calls $5
ac483439: folds
*** FLOP *** [Th 3c Kc]
9ad638a5: checks
Hero: bets $7
9ad638a5: folds
Uncalled bet ($7) returned to Hero
*** SHOWDOWN ***
Hero collected $14 from pot
*** SUMMARY ***
Total pot $14
Board [Th 3c Kc]
Seat 6: ac483439(big blind) folded before Flop
Seat 7: e6e6d70f folded before Flop (didn't bet)
Seat 2: 66787afe folded before Flop (didn't bet)
Seat 3: Herowon ($14) with Pair of Nines
Seat 4: 7ba6f5b6 folded before Flop (didn't bet)
Seat 5: 9ad638a5(small blind) folded on the Flop
Seat 1: eb771acf folded before Flop (didn't bet)



Poker Hand #ring_861936851: NLH No Limit ($1/$2) - 2025/05/06 19:12:05
Table 'MR NLH BOMBPOT 1/2' 7-max Seat #3 is the button
Seat 6: ac483439 ($433.8 in chips)
Seat 7: e6e6d70f ($405.64 in chips)
Seat 2: 66787afe ($195 in chips)
Seat 3: Hero ($363 in chips)
Seat 4: 7ba6f5b6 ($159.28 in chips)
Seat 5: 9ad638a5 ($777.79 in chips)
Seat 1: eb771acf ($181 in chips)
7ba6f5b6: posts small blind $1
9ad638a5: posts big blind $2
*** HOLE CARDS ***
Dealt to ac483439 
Dealt to e6e6d70f 
Dealt to 66787afe 
Dealt to Hero [2s 3c]
Dealt to 7ba6f5b6 
Dealt to 9ad638a5 
Dealt to eb771acf 
ac483439: folds
e6e6d70f: folds
eb771acf: folds
66787afe: folds
Hero: folds
7ba6f5b6: calls $1
9ad638a5: raises $6 to $8
7ba6f5b6: calls $6
*** FLOP *** [Jc 7h 9s]
7ba6f5b6: checks
9ad638a5: bets $10.56
7ba6f5b6: folds
Uncalled bet ($10.56) returned to 9ad638a5
*** SHOWDOWN ***
9ad638a5 collected $16 from pot
*** SUMMARY ***
Total pot $16
Board [Jc 7h 9s]
Seat 6: ac483439 folded before Flop (didn't bet)
Seat 7: e6e6d70f folded before Flop (didn't bet)
Seat 2: 66787afe folded before Flop (didn't bet)
Seat 3: Hero folded before Flop (didn't bet)
Seat 4: 7ba6f5b6(small blind) folded on the Flop
Seat 5: 9ad638a5(big blind)won ($16) with Pair of Nines
Seat 1: eb771acf folded before Flop (didn't bet)



Poker Hand #ring_861935864: NLH No Limit ($1/$2) - 2025/05/06 19:11:27
Table 'MR NLH BOMBPOT 1/2' 7-max Seat #2 is the button
Seat 6: ac483439 ($433.8 in chips)
Seat 7: e6e6d70f ($400 in chips)
Seat 2: 66787afe ($195 in chips)
Seat 3: Hero ($365 in chips)
Seat 4: 7ba6f5b6 ($161.28 in chips)
Seat 5: 9ad638a5 ($779.79 in chips)
Seat 1: eb771acf ($181 in chips)
Hero: posts small blind $1
7ba6f5b6: posts big blind $2
e6e6d70f: posts big blind $2
*** HOLE CARDS ***
Dealt to ac483439 
Dealt to e6e6d70f 
Dealt to 66787afe 
Dealt to Hero [4h 9s]
Dealt to 7ba6f5b6 
Dealt to 9ad638a5 
Dealt to eb771acf 
9ad638a5: calls $2
ac483439: folds
e6e6d70f: checks
eb771acf: folds
66787afe: folds
Hero: calls $1
7ba6f5b6: checks
*** FLOP *** [Ks 2d 2h]
Hero: checks
7ba6f5b6: checks
9ad638a5: checks
e6e6d70f: bets $8
Hero: folds
7ba6f5b6: folds
9ad638a5: folds
Uncalled bet ($8) returned to e6e6d70f
*** SHOWDOWN ***
e6e6d70f collected $8 from pot
*** SUMMARY ***
Total pot $8
Board [Ks 2d 2h]
Seat 6: ac483439 folded before Flop (didn't bet)
Seat 7: e6e6d70fwon ($8) with Pair of Twos
Seat 2: 66787afe folded before Flop (didn't bet)
Seat 3: Hero(small blind) folded on the Flop
Seat 4: 7ba6f5b6(big blind) folded on the Flop
Seat 5: 9ad638a5 folded on the Flop
Seat 1: eb771acf folded before Flop (didn't bet)



Poker Hand #ring_861934571: NLH No Limit ($1/$2) - 2025/05/06 19:10:38
Table 'MR NLH BOMBPOT 1/2' 7-max Seat #1 is the button
Seat 6: ac483439 ($433.8 in chips)
Seat 2: 66787afe ($196 in chips)
Seat 3: Hero ($367 in chips)
Seat 4: 7ba6f5b6 ($161.28 in chips)
Seat 5: 9ad638a5 ($771.46 in chips)
Seat 1: eb771acf ($187 in chips)
66787afe: posts small blind $1
Hero: posts big blind $2
*** HOLE CARDS ***
Dealt to ac483439 
Dealt to 66787afe 
Dealt to Hero [Td 3s]
Dealt to 7ba6f5b6 
Dealt to 9ad638a5 
Dealt to eb771acf 
7ba6f5b6: folds
9ad638a5: raises $4 to $6
ac483439: folds
eb771acf: calls $6
66787afe: folds
Hero: folds
*** FLOP *** [5c Ad Ah]
9ad638a5: checks
eb771acf: checks
*** TURN *** [5c Ad Ah] [Kh]
9ad638a5: bets $9
eb771acf: folds
Uncalled bet ($9) returned to 9ad638a5
*** SHOWDOWN ***
9ad638a5 collected $15 from pot
*** SUMMARY ***
Total pot $15
Board [5c Ad Ah Kh]
Seat 6: ac483439 folded before Flop (didn't bet)
Seat 2: 66787afe(small blind) folded before Flop
Seat 3: Hero(big blind) folded before Flop
Seat 4: 7ba6f5b6 folded before Flop (didn't bet)
Seat 5: 9ad638a5won ($15) with Pair of Aces
Seat 1: eb771acf folded on the Turn



Poker Hand #ring_861933920: NLH No Limit ($1/$2) - 2025/05/06 19:10:13
Table 'MR NLH BOMBPOT 1/2' 7-max Seat #6 is the button
Seat 6: ac483439 ($430.8 in chips)
Seat 2: 66787afe ($198 in chips)
Seat 3: Hero ($367 in chips)
Seat 4: 7ba6f5b6 ($161.28 in chips)
Seat 5: 9ad638a5 ($771.46 in chips)
Seat 1: eb771acf ($188 in chips)
eb771acf: posts small blind $1
66787afe: posts big blind $2
*** HOLE CARDS ***
Dealt to ac483439 
Dealt to 66787afe 
Dealt to Hero [Js 3c]
Dealt to 7ba6f5b6 
Dealt to 9ad638a5 
Dealt to eb771acf 
Hero: folds
7ba6f5b6: folds
9ad638a5: folds
ac483439: raises $4 to $6
eb771acf: folds
66787afe: folds
Uncalled bet ($4) returned to ac483439
*** SHOWDOWN ***
ac483439 collected $5 from pot
*** SUMMARY ***
Total pot $5
Seat 6: ac483439won ($5)
Seat 2: 66787afe(big blind) folded before Flop
Seat 3: Hero folded before Flop (didn't bet)
Seat 4: 7ba6f5b6 folded before Flop (didn't bet)
Seat 5: 9ad638a5 folded before Flop (didn't bet)
Seat 1: eb771acf(small blind) folded before Flop



Poker Hand #ring_861932484: NLH No Limit ($1/$2) - 2025/05/06 19:09:18
Table 'MR NLH BOMBPOT 1/2' 7-max Seat #5 is the button
Seat 6: ac483439 ($432.8 in chips)
Seat 2: 66787afe ($198 in chips)
Seat 3: Hero ($367 in chips)
Seat 4: 7ba6f5b6 ($157.55 in chips)
Seat 5: 9ad638a5 ($771.46 in chips)
Seat 1: eb771acf ($190 in chips)
ac483439: posts small blind $1
eb771acf: posts big blind $2
*** HOLE CARDS ***
Dealt to ac483439 
Dealt to 66787afe 
Dealt to Hero [Tc 3c]
Dealt to 7ba6f5b6 
Dealt to 9ad638a5 
Dealt to eb771acf 
66787afe: folds
Hero: folds
7ba6f5b6: calls $2
9ad638a5: folds
ac483439: calls $1
eb771acf: checks
*** FLOP *** [Ad 5s 3d]
ac483439: checks
eb771acf: checks
7ba6f5b6: checks
*** TURN *** [Ad 5s 3d] [Kc]
ac483439: checks
eb771acf: checks
7ba6f5b6: bets $3.96
ac483439: folds
eb771acf: folds
Uncalled bet ($3.96) returned to 7ba6f5b6
*** SHOWDOWN ***
7ba6f5b6 collected $6 from pot
*** SUMMARY ***
Total pot $6
Board [Ad 5s 3d Kc]
Seat 6: ac483439(small blind) folded on the Turn
Seat 2: 66787afe folded before Flop (didn't bet)
Seat 3: Hero folded before Flop (didn't bet)
Seat 4: 7ba6f5b6won ($6) with Pair of Kings
Seat 5: 9ad638a5 folded before Flop (didn't bet)
Seat 1: eb771acf(big blind) folded on the Turn



Poker Hand #ring_861931318: NLH No Limit ($1/$2) - 2025/05/06 19:08:34
Table 'MR NLH BOMBPOT 1/2' 7-max Seat #4 is the button
Seat 6: ac483439 ($434.8 in chips)
Seat 2: 66787afe ($198 in chips)
Seat 3: Hero ($378 in chips)
Seat 4: 7ba6f5b6 ($157.55 in chips)
Seat 5: 9ad638a5 ($760.04 in chips)
Seat 1: eb771acf ($190 in chips)
9ad638a5: posts small blind $1
ac483439: posts big blind $2
*** HOLE CARDS ***
Dealt to ac483439 
Dealt to 66787afe 
Dealt to Hero [Jh Ac]
Dealt to 7ba6f5b6 
Dealt to 9ad638a5 
Dealt to eb771acf 
eb771acf: folds
66787afe: folds
Hero: raises $3 to $5
7ba6f5b6: folds
9ad638a5: calls $4
ac483439: folds
*** FLOP *** [4h 8h 4s]
9ad638a5: checks
Hero: checks
*** TURN *** [4h 8h 4s] [Tc]
9ad638a5: bets $6
Hero: calls $6
*** RIVER *** [4h 8h 4s Tc] [Kc]
9ad638a5: bets $15.84
Hero: folds
Uncalled bet ($15.84) returned to 9ad638a5
*** SHOWDOWN ***
9ad638a5 collected $24 from pot
*** SUMMARY ***
Total pot $24
Board [4h 8h 4s Tc Kc]
Seat 6: ac483439(big blind) folded before Flop
Seat 2: 66787afe folded before Flop (didn't bet)
Seat 3: Hero folded on the River
Seat 4: 7ba6f5b6 folded before Flop (didn't bet)
Seat 5: 9ad638a5(small blind)won ($24) with Pair of Kings and Pair of Fours
Seat 1: eb771acf folded before Flop (didn't bet)



Poker Hand #ring_861929968: NLH No Limit ($1/$2) - 2025/05/06 19:07:43
Table 'MR NLH BOMBPOT 1/2' 7-max Seat #3 is the button
Seat 6: ac483439 ($388 in chips)
Seat 2: 66787afe ($208 in chips)
Seat 3: Hero ($388 in chips)
Seat 4: 7ba6f5b6 ($167.55 in chips)
Seat 5: 9ad638a5 ($770.04 in chips)
Seat 1: eb771acf ($200 in chips)
7ba6f5b6: posts the ante $10
9ad638a5: posts the ante $10
ac483439: posts the ante $10
eb771acf: posts the ante $10
66787afe: posts the ante $10
Hero: posts the ante $10
*** HOLE CARDS ***
Dealt to ac483439 
Dealt to 66787afe 
Dealt to Hero [7d 4s]
Dealt to 7ba6f5b6 
Dealt to 9ad638a5 
Dealt to eb771acf 
*** FLOP *** [6s 9h 2d]
7ba6f5b6: checks
9ad638a5: checks
ac483439: checks
eb771acf: checks
66787afe: checks
Hero: checks
*** TURN *** [6s 9h 2d] [6d]
7ba6f5b6: checks
9ad638a5: checks
ac483439: bets $24
eb771acf: folds
66787afe: folds
Hero: folds
7ba6f5b6: folds
9ad638a5: folds
Uncalled bet ($24) returned to ac483439
*** SHOWDOWN ***
ac483439 collected $60 from pot
*** SUMMARY ***
Total pot $60
Board [6s 9h 2d 6d]
Seat 6: ac483439won ($60) with Pair of Sixes and Pair of Fives
Seat 2: 66787afe folded on the Turn
Seat 3: Hero folded on the Turn
Seat 4: 7ba6f5b6(small blind) folded on the Turn
Seat 5: 9ad638a5(big blind) folded on the Turn
Seat 1: eb771acf folded on the Turn



Poker Hand #ring_861929612: NLH No Limit ($1/$2) - 2025/05/06 19:07:29
Table 'MR NLH BOMBPOT 1/2' 7-max Seat #6 is the button
Seat 6: ac483439 ($388 in chips)
Seat 3: Hero ($389 in chips)
Seat 4: 7ba6f5b6 ($166.55 in chips)
Seat 5: 9ad638a5 ($770.04 in chips)
Hero: posts small blind $1
7ba6f5b6: posts big blind $2
*** HOLE CARDS ***
Dealt to ac483439 
Dealt to Hero [Qd 3h]
Dealt to 7ba6f5b6 
Dealt to 9ad638a5 
9ad638a5: folds
ac483439: folds
Hero: folds
*** SHOWDOWN ***
7ba6f5b6 collected $3 from pot
*** SUMMARY ***
Total pot $3
Seat 6: ac483439 folded before Flop (didn't bet)
Seat 3: Hero(small blind) folded before Flop
Seat 4: 7ba6f5b6(big blind)won ($3)
Seat 5: 9ad638a5 folded before Flop (didn't bet)



Poker Hand #ring_861928442: NLH No Limit ($1/$2) - 2025/05/06 19:06:42
Table 'MR NLH BOMBPOT 1/2' 7-max Seat #5 is the button
Seat 6: ac483439 ($396 in chips)
Seat 3: Hero ($397 in chips)
Seat 4: 7ba6f5b6 ($166.55 in chips)
Seat 5: 9ad638a5 ($755.62 in chips)
ac483439: posts small blind $1
Hero: posts big blind $2
*** HOLE CARDS ***
Dealt to ac483439 
Dealt to Hero [Tc 9d]
Dealt to 7ba6f5b6 
Dealt to 9ad638a5 
7ba6f5b6: folds
9ad638a5: calls $2
ac483439: raises $6 to $8
Hero: calls $6
9ad638a5: calls $6
*** FLOP *** [3h 3s Ah]
ac483439: checks
Hero: checks
9ad638a5: bets $12
ac483439: folds
Hero: folds
Uncalled bet ($12) returned to 9ad638a5
*** SHOWDOWN ***
9ad638a5 collected $24 from pot
*** SUMMARY ***
Total pot $24
Board [3h 3s Ah]
Seat 6: ac483439(small blind) folded on the Flop
Seat 3: Hero(big blind) folded on the Flop
Seat 4: 7ba6f5b6 folded before Flop (didn't bet)
Seat 5: 9ad638a5won ($24) with Pair of Treys



Poker Hand #ring_861926808: NLH No Limit ($1/$2) - 2025/05/06 19:05:39
Table 'MR NLH BOMBPOT 1/2' 7-max Seat #4 is the button
Seat 6: ac483439 ($398 in chips)
Seat 2: 535c67aa ($183.5 in chips)
Seat 1: c67771bb ($575.92 in chips)
Seat 3: Hero ($397 in chips)
Seat 4: 7ba6f5b6 ($174.55 in chips)
Seat 5: 9ad638a5 ($579.58 in chips)
9ad638a5: posts small blind $1
ac483439: posts big blind $2
*** HOLE CARDS ***
Dealt to ac483439 
Dealt to 535c67aa 
Dealt to c67771bb 
Dealt to Hero [Ac Th]
Dealt to 7ba6f5b6 
Dealt to 9ad638a5 
c67771bb: folds
535c67aa: raises $6 to $8
Hero: folds
7ba6f5b6: calls $8
9ad638a5: raises $26 to $34
ac483439: folds
535c67aa: calls $26
7ba6f5b6: folds
*** FLOP *** [Jd 3d 7d]
9ad638a5: bets $51.48
535c67aa: raises $98.02 to $149.5 and is all-in
9ad638a5: calls $98.02
535c67aa: shows [Jh Kh] (Pair of Jacks)
9ad638a5: shows [Qh Qd] (Pair of Queens)
*** TURN *** [Jd 3d 7d] [2c]
*** RIVER *** [Jd 3d 7d 2c] [Ts]
*** SHOWDOWN ***
9ad638a5 collected $377 from pot
*** SUMMARY ***
Total pot $377
Board [Jd 3d 7d 2c Ts]
Seat 6: ac483439(big blind) folded before Flop
Seat 2: 535c67aa showed [Jh Kh] and lost with Pair of Jacks
Seat 1: c67771bb folded before Flop (didn't bet)
Seat 3: Hero folded before Flop (didn't bet)
Seat 4: 7ba6f5b6 folded before Flop
Seat 5: 9ad638a5(small blind) showed [Qh Qd] and won ($377) with Pair of Queens



Poker Hand #ring_861925793: NLH No Limit ($1/$2) - 2025/05/06 19:05:00
Table 'MR NLH BOMBPOT 1/2' 7-max Seat #3 is the button
Seat 6: ac483439 ($398 in chips)
Seat 2: 535c67aa ($183.5 in chips)
Seat 7: ce1ba252 ($149.31 in chips)
Seat 1: c67771bb ($575.92 in chips)
Seat 3: Hero ($397 in chips)
Seat 4: 7ba6f5b6 ($170 in chips)
Seat 5: 9ad638a5 ($584.58 in chips)
7ba6f5b6: posts small blind $1
9ad638a5: posts big blind $2
*** HOLE CARDS ***
Dealt to ac483439 
Dealt to 535c67aa 
Dealt to ce1ba252 
Dealt to c67771bb 
Dealt to Hero [9h 3d]
Dealt to 7ba6f5b6 
Dealt to 9ad638a5 
ac483439: folds
ce1ba252: folds
c67771bb: folds
535c67aa: folds
Hero: folds
7ba6f5b6: calls $1
9ad638a5: checks
*** FLOP *** [9d Ks 5s]
7ba6f5b6: checks
9ad638a5: checks
*** TURN *** [9d Ks 5s] [9c]
7ba6f5b6: checks
9ad638a5: checks
*** RIVER *** [9d Ks 5s 9c] [5c]
7ba6f5b6: bets $3
9ad638a5: calls $3
7ba6f5b6: shows [5h 6h]
9ad638a5: shows [Js 4d]
*** SHOWDOWN ***
7ba6f5b6 collected $10 from pot
*** SUMMARY ***
Total pot $10
Board [9d Ks 5s 9c 5c]
Seat 6: ac483439 folded before Flop (didn't bet)
Seat 2: 535c67aa folded before Flop (didn't bet)
Seat 7: ce1ba252 folded before Flop (didn't bet)
Seat 1: c67771bb folded before Flop (didn't bet)
Seat 3: Hero folded before Flop (didn't bet)
Seat 4: 7ba6f5b6(small blind) showed [5h 6h] and won ($10) with Fives Full over Nines
Seat 5: 9ad638a5(big blind) showed [Js 4d] and lost with Pair of Nines and Pair of Fives



Poker Hand #ring_861924672: NLH No Limit ($1/$2) - 2025/05/06 19:04:17
Table 'MR NLH BOMBPOT 1/2' 7-max Seat #2 is the button
Seat 6: ac483439 ($400 in chips)
Seat 2: 535c67aa ($185.5 in chips)
Seat 7: ce1ba252 ($142.71 in chips)
Seat 1: c67771bb ($575.92 in chips)
Seat 3: Hero ($398 in chips)
Seat 4: 7ba6f5b6 ($172 in chips)
Seat 5: 9ad638a5 ($584.58 in chips)
Hero: posts small blind $1
7ba6f5b6: posts big blind $2
ac483439: posts big blind $2
*** HOLE CARDS ***
Dealt to ac483439 
Dealt to 535c67aa 
Dealt to ce1ba252 
Dealt to c67771bb 
Dealt to Hero [3d 8h]
Dealt to 7ba6f5b6 
Dealt to 9ad638a5 
9ad638a5: folds
ac483439: checks
ce1ba252: calls $2
c67771bb: folds
535c67aa: calls $2
Hero: folds
7ba6f5b6: checks
*** FLOP *** [9c 7s 2s]
7ba6f5b6: checks
ac483439: checks
ce1ba252: bets $6.75
535c67aa: folds
7ba6f5b6: folds
ac483439: folds
Uncalled bet ($6.75) returned to ce1ba252
*** SHOWDOWN ***
ce1ba252 collected $9 from pot
*** SUMMARY ***
Total pot $9
Board [9c 7s 2s]
Seat 6: ac483439 folded on the Flop
Seat 2: 535c67aa folded on the Flop
Seat 7: ce1ba252won ($9) with Ten-High
Seat 1: c67771bb folded before Flop (didn't bet)
Seat 3: Hero(small blind) folded before Flop
Seat 4: 7ba6f5b6(big blind) folded on the Flop
Seat 5: 9ad638a5 folded before Flop (didn't bet)



Poker Hand #ring_861923851: NLH No Limit ($1/$2) - 2025/05/06 19:03:46
Table 'MR NLH BOMBPOT 1/2' 7-max Seat #1 is the button
Seat 2: 535c67aa ($186.5 in chips)
Seat 7: ce1ba252 ($142.71 in chips)
Seat 1: c67771bb ($575.92 in chips)
Seat 3: Hero ($400 in chips)
Seat 4: 7ba6f5b6 ($178 in chips)
Seat 5: 9ad638a5 ($576.25 in chips)
535c67aa: posts small blind $1
Hero: posts big blind $2
*** HOLE CARDS ***
Dealt to 535c67aa 
Dealt to ce1ba252 
Dealt to c67771bb 
Dealt to Hero [Qd 2c]
Dealt to 7ba6f5b6 
Dealt to 9ad638a5 
7ba6f5b6: calls $2
9ad638a5: raises $4 to $6
ce1ba252: folds
c67771bb: folds
535c67aa: folds
Hero: folds
7ba6f5b6: calls $4
*** FLOP *** [4c Kh 6c]
7ba6f5b6: checks
9ad638a5: bets $8
7ba6f5b6: folds
Uncalled bet ($8) returned to 9ad638a5
*** SHOWDOWN ***
9ad638a5 collected $15 from pot
*** SUMMARY ***
Total pot $15
Board [4c Kh 6c]
Seat 2: 535c67aa(small blind) folded before Flop
Seat 7: ce1ba252 folded before Flop (didn't bet)
Seat 1: c67771bb folded before Flop (didn't bet)
Seat 3: Hero(big blind) folded before Flop
Seat 4: 7ba6f5b6 folded on the Flop
Seat 5: 9ad638a5won ($15) with King-High



