Poker Hand #ring_880041554: NLH No Limit ($1/$2) - 2025/05/16 02:11:49
Table 'MR NLH 1/2' 7-max Seat #4 is the button
Seat 3: Hero ($298.25 in chips)
Seat 4: 7bf17b82 ($400 in chips)
7bf17b82: posts small blind $1
Hero: posts big blind $2
*** HOLE CARDS ***
Dealt to Hero [3d 5d]
Dealt to 7bf17b82 
7bf17b82: folds
*** SHOWDOWN ***
Hero collected $3 from pot
*** SUMMARY ***
Total pot $3
Seat 3: Hero(big blind)won ($3)
Seat 4: 7bf17b82(small blind) folded before Flop



Poker Hand #ring_880041237: NLH No Limit ($1/$2) - 2025/05/16 02:11:37
Table 'MR NLH 1/2' 7-max Seat #3 is the button
Seat 3: Hero ($296.25 in chips)
Seat 4: 7bf17b82 ($400 in chips)
Hero: posts small blind $1
7bf17b82: posts big blind $2
*** HOLE CARDS ***
Dealt to Hero [Qc Jc]
Dealt to 7bf17b82 
Hero: raises $4 to $6
7bf17b82: folds
Uncalled bet ($4) returned to Hero
*** SHOWDOWN ***
Hero collected $4 from pot
*** SUMMARY ***
Total pot $4
Seat 3: Hero(small blind)won ($4)
Seat 4: 7bf17b82(big blind) folded before Flop



Poker Hand #ring_880039212: NLH No Limit ($1/$2) - 2025/05/16 02:10:20
Table 'MR NLH 1/2' 7-max Seat #4 is the button
Seat 3: Hero ($251.55 in chips)
Seat 4: 7bf17b82 ($441.45 in chips)
7bf17b82: posts small blind $1
Hero: posts big blind $2
*** HOLE CARDS ***
Dealt to Hero [As Ah]
Dealt to 7bf17b82 
7bf17b82: raises $4 to $6
Hero: raises $17.4 to $23.4
7bf17b82: calls $17.4
*** FLOP *** [Jh Th 6d]
Hero: bets $23.4
7bf17b82: calls $23.4
*** TURN *** [Jh Th 6d] [2s]
Hero: bets $89.04
7bf17b82: folds
Uncalled bet ($89.04) returned to Hero
*** SHOWDOWN ***
Hero collected $93.6 from pot
*** SUMMARY ***
Total pot $93.6
Board [Jh Th 6d 2s]
Seat 3: Hero(big blind)won ($93.6) with Pair of Aces
Seat 4: 7bf17b82(small blind) folded on the Turn



Poker Hand #ring_880038261: NLH No Limit ($1/$2) - 2025/05/16 02:09:43
Table 'MR NLH 1/2' 7-max Seat #3 is the button
Seat 3: Hero ($245.82 in chips)
Seat 4: 7bf17b82 ($447.45 in chips)
Hero: posts small blind $1
7bf17b82: posts big blind $2
*** HOLE CARDS ***
Dealt to Hero [Jd 9c]
Dealt to 7bf17b82 
Hero: raises $4 to $6
7bf17b82: calls $4
*** FLOP *** [7h Qs Ts]
7bf17b82: checks
Hero: checks
*** TURN *** [7h Qs Ts] [7s]
7bf17b82: checks
Hero: bets $9.6
7bf17b82: folds
Uncalled bet ($9.6) returned to Hero
*** SHOWDOWN ***
Hero collected $12 from pot
*** SUMMARY ***
Total pot $12
Board [7h Qs Ts 7s]
Seat 3: Hero(small blind)won ($12) with Pair of Sevens
Seat 4: 7bf17b82(big blind) folded on the Turn



Poker Hand #ring_880037202: NLH No Limit ($1/$2) - 2025/05/16 02:09:03
Table 'MR NLH 1/2' 7-max Seat #4 is the button
Seat 3: Hero ($240.09 in chips)
Seat 4: 7bf17b82 ($453.45 in chips)
7bf17b82: posts small blind $1
Hero: posts big blind $2
*** HOLE CARDS ***
Dealt to Hero [Jc Qc]
Dealt to 7bf17b82 
7bf17b82: raises $4 to $6
Hero: calls $4
*** FLOP *** [3c 5h Qh]
Hero: bets $9.6
7bf17b82: folds
Uncalled bet ($9.6) returned to Hero
*** SHOWDOWN ***
Hero collected $12 from pot
*** SUMMARY ***
Total pot $12
Board [3c 5h Qh]
Seat 3: Hero(big blind)won ($12) with Pair of Queens
Seat 4: 7bf17b82(small blind) folded on the Flop



Poker Hand #ring_880036557: NLH No Limit ($1/$2) - 2025/05/16 02:08:38
Table 'MR NLH 1/2' 7-max Seat #3 is the button
Seat 3: Hero ($234.36 in chips)
Seat 4: 7bf17b82 ($459.45 in chips)
Hero: posts small blind $1
7bf17b82: posts big blind $2
*** HOLE CARDS ***
Dealt to Hero [Td Qs]
Dealt to 7bf17b82 
Hero: raises $4 to $6
7bf17b82: calls $4
*** FLOP *** [9s 5c 6d]
7bf17b82: checks
Hero: bets $17.4
7bf17b82: folds
Uncalled bet ($17.4) returned to Hero
*** SHOWDOWN ***
Hero collected $12 from pot
*** SUMMARY ***
Total pot $12
Board [9s 5c 6d]
Seat 3: Hero(small blind)won ($12) with Queen-High
Seat 4: 7bf17b82(big blind) folded on the Flop



Poker Hand #ring_880036228: NLH No Limit ($1/$2) - 2025/05/16 02:08:26
Table 'MR NLH 1/2' 7-max Seat #4 is the button
Seat 3: Hero ($236.36 in chips)
Seat 4: 7bf17b82 ($457.45 in chips)
7bf17b82: posts small blind $1
Hero: posts big blind $2
*** HOLE CARDS ***
Dealt to Hero [7c Td]
Dealt to 7bf17b82 
7bf17b82: raises $4 to $6
Hero: folds
Uncalled bet ($4) returned to 7bf17b82
*** SHOWDOWN ***
7bf17b82 collected $4 from pot
*** SUMMARY ***
Total pot $4
Seat 3: Hero(big blind) folded before Flop
Seat 4: 7bf17b82(small blind)won ($4)



Poker Hand #ring_880034989: NLH No Limit ($1/$2) - 2025/05/16 02:07:38
Table 'MR NLH 1/2' 7-max Seat #3 is the button
Seat 3: Hero ($237.06 in chips)
Seat 4: 7bf17b82 ($458.15 in chips)
Hero: posts small blind $1
7bf17b82: posts big blind $2
*** HOLE CARDS ***
Dealt to Hero [2s 3s]
Dealt to 7bf17b82 
Hero: raises $4 to $6
7bf17b82: calls $4
*** FLOP *** [5h 3c Ad]
7bf17b82: checks
Hero: bets $6
7bf17b82: calls $6
*** TURN *** [5h 3c Ad] [4s]
7bf17b82: checks
Hero: checks
*** RIVER *** [5h 3c Ad 4s] [4h]
7bf17b82: checks
Hero: bets $19.2
7bf17b82: calls $19.2
Hero: shows [2s 3s]
7bf17b82: shows [7d 2d]
*** SHOWDOWN ***
Hero collected $31.2 from pot
7bf17b82 collected $31.2 from pot
*** SUMMARY ***
Total pot $62.4
Board [5h 3c Ad 4s 4h]
Seat 3: Hero(small blind) showed [2s 3s] and won ($31.2) with Fives-High Straight
Seat 4: 7bf17b82(big blind) showed [7d 2d] and won ($31.2) with Fives-High Straight



Poker Hand #ring_880034683: NLH No Limit ($1/$2) - 2025/05/16 02:07:27
Table 'MR NLH 1/2' 7-max Seat #4 is the button
Seat 3: Hero ($239.06 in chips)
Seat 4: 7bf17b82 ($456.15 in chips)
7bf17b82: posts small blind $1
Hero: posts big blind $2
*** HOLE CARDS ***
Dealt to Hero [Td 7s]
Dealt to 7bf17b82 
7bf17b82: raises $4 to $6
Hero: folds
Uncalled bet ($4) returned to 7bf17b82
*** SHOWDOWN ***
7bf17b82 collected $4 from pot
*** SUMMARY ***
Total pot $4
Seat 3: Hero(big blind) folded before Flop
Seat 4: 7bf17b82(small blind)won ($4)



Poker Hand #ring_880033637: NLH No Limit ($1/$2) - 2025/05/16 02:06:47
Table 'MR NLH 1/2' 7-max Seat #3 is the button
Seat 3: Hero ($254.06 in chips)
Seat 4: 7bf17b82 ($441.82 in chips)
Hero: posts small blind $1
7bf17b82: posts big blind $2
*** HOLE CARDS ***
Dealt to Hero [5d Ah]
Dealt to 7bf17b82 
Hero: raises $4 to $6
7bf17b82: calls $4
*** FLOP *** [5s 3s Js]
7bf17b82: checks
Hero: checks
*** TURN *** [5s 3s Js] [Th]
7bf17b82: checks
Hero: checks
*** RIVER *** [5s 3s Js Th] [Jd]
7bf17b82: bets $9
Hero: calls $9
Hero: shows [5d Ah]
7bf17b82: shows [Tc Qh]
*** SHOWDOWN ***
7bf17b82 collected $30 from pot
*** SUMMARY ***
Total pot $30
Board [5s 3s Js Th Jd]
Seat 3: Hero(small blind) showed [5d Ah] and lost with Pair of Jacks and Pair of Fives
Seat 4: 7bf17b82(big blind) showed [Tc Qh] and won ($30) with Pair of Jacks and Pair of Tens



Poker Hand #ring_880033266: NLH No Limit ($1/$2) - 2025/05/16 02:06:33
Table 'MR NLH 1/2' 7-max Seat #4 is the button
Seat 3: Hero ($256.06 in chips)
Seat 4: 7bf17b82 ($439.82 in chips)
7bf17b82: posts small blind $1
Hero: posts big blind $2
*** HOLE CARDS ***
Dealt to Hero [8h Js]
Dealt to 7bf17b82 
7bf17b82: raises $4 to $6
Hero: folds
Uncalled bet ($4) returned to 7bf17b82
*** SHOWDOWN ***
7bf17b82 collected $4 from pot
*** SUMMARY ***
Total pot $4
Seat 3: Hero(big blind) folded before Flop
Seat 4: 7bf17b82(small blind)won ($4)



Poker Hand #ring_880033023: NLH No Limit ($1/$2) - 2025/05/16 02:06:23
Table 'MR NLH 1/2' 7-max Seat #3 is the button
Seat 3: Hero ($257.06 in chips)
Seat 4: 7bf17b82 ($438.82 in chips)
Hero: posts small blind $1
7bf17b82: posts big blind $2
*** HOLE CARDS ***
Dealt to Hero [3d 6h]
Dealt to 7bf17b82 
Hero: folds
*** SHOWDOWN ***
7bf17b82 collected $3 from pot
*** SUMMARY ***
Total pot $3
Seat 3: Hero(small blind) folded before Flop
Seat 4: 7bf17b82(big blind)won ($3)



Poker Hand #ring_880032312: NLH No Limit ($1/$2) - 2025/05/16 02:05:56
Table 'MR NLH 1/2' 7-max Seat #4 is the button
Seat 3: Hero ($247.54 in chips)
Seat 4: 7bf17b82 ($448.78 in chips)
7bf17b82: posts small blind $1
Hero: posts big blind $2
*** HOLE CARDS ***
Dealt to Hero [Td 9c]
Dealt to 7bf17b82 
7bf17b82: raises $4 to $6
Hero: calls $4
*** FLOP *** [Tc Qh Ts]
Hero: checks
7bf17b82: bets $3.96
Hero: raises $20.29 to $24.25
7bf17b82: folds
Uncalled bet ($20.29) returned to Hero
*** SHOWDOWN ***
Hero collected $19.92 from pot
*** SUMMARY ***
Total pot $19.92
Board [Tc Qh Ts]
Seat 3: Hero(big blind)won ($19.92) with Three Tens
Seat 4: 7bf17b82(small blind) folded on the Flop



Poker Hand #ring_880030637: NLH No Limit ($1/$2) - 2025/05/16 02:04:53
Table 'MR NLH 1/2' 7-max Seat #3 is the button
Seat 3: Hero ($287.38 in chips)
Seat 4: 7bf17b82 ($410.73 in chips)
Hero: posts small blind $1
7bf17b82: posts big blind $2
*** HOLE CARDS ***
Dealt to Hero [2d 2c]
Dealt to 7bf17b82 
Hero: raises $4 to $6
7bf17b82: raises $18 to $24
Hero: calls $18
*** FLOP *** [Qs 6c Ts]
7bf17b82: bets $15.84
Hero: calls $15.84
*** TURN *** [Qs 6c Ts] [3c]
7bf17b82: bets $59.76
Hero: folds
Uncalled bet ($59.76) returned to 7bf17b82
*** SHOWDOWN ***
7bf17b82 collected $79.68 from pot
*** SUMMARY ***
Total pot $79.68
Board [Qs 6c Ts 3c]
Seat 3: Hero(small blind) folded on the Turn
Seat 4: 7bf17b82(big blind)won ($79.68) with Pair of Queens



Poker Hand #ring_880030371: NLH No Limit ($1/$2) - 2025/05/16 02:04:43
Table 'MR NLH 1/2' 7-max Seat #4 is the button
Seat 3: Hero ($286.38 in chips)
Seat 4: 7bf17b82 ($411.73 in chips)
7bf17b82: posts small blind $1
Hero: posts big blind $2
*** HOLE CARDS ***
Dealt to Hero [Qd 7h]
Dealt to 7bf17b82 
7bf17b82: folds
*** SHOWDOWN ***
Hero collected $3 from pot
*** SUMMARY ***
Total pot $3
Seat 3: Hero(big blind)won ($3)
Seat 4: 7bf17b82(small blind) folded before Flop



Poker Hand #ring_880029984: NLH No Limit ($1/$2) - 2025/05/16 02:04:28
Table 'MR NLH 1/2' 7-max Seat #3 is the button
Seat 3: Hero ($292.38 in chips)
Seat 4: 7bf17b82 ($405.73 in chips)
Hero: posts small blind $1
7bf17b82: posts big blind $2
*** HOLE CARDS ***
Dealt to Hero [8c Td]
Dealt to 7bf17b82 
Hero: raises $4 to $6
7bf17b82: raises $18 to $24
Hero: folds
Uncalled bet ($18) returned to 7bf17b82
*** SHOWDOWN ***
7bf17b82 collected $12 from pot
*** SUMMARY ***
Total pot $12
Seat 3: Hero(small blind) folded before Flop
Seat 4: 7bf17b82(big blind)won ($12)



Poker Hand #ring_880029308: NLH No Limit ($1/$2) - 2025/05/16 02:04:02
Table 'MR NLH 1/2' 7-max Seat #4 is the button
Seat 3: Hero ($298.38 in chips)
Seat 4: 7bf17b82 ($400 in chips)
7bf17b82: posts small blind $1
Hero: posts big blind $2
*** HOLE CARDS ***
Dealt to Hero [Jd 8c]
Dealt to 7bf17b82 
7bf17b82: raises $4 to $6
Hero: calls $4
*** FLOP *** [3h 9d 3d]
Hero: checks
7bf17b82: bets $3.96
Hero: folds
Uncalled bet ($3.96) returned to 7bf17b82
*** SHOWDOWN ***
7bf17b82 collected $12 from pot
*** SUMMARY ***
Total pot $12
Board [3h 9d 3d]
Seat 3: Hero(big blind) folded on the Flop
Seat 4: 7bf17b82(small blind)won ($12) with Pair of Nines and Pair of Treys



Poker Hand #ring_880028920: NLH No Limit ($1/$2) - 2025/05/16 02:03:47
Table 'MR NLH 1/2' 7-max Seat #3 is the button
Seat 3: Hero ($296.38 in chips)
Seat 4: 7bf17b82 ($402 in chips)
Hero: posts small blind $1
7bf17b82: posts big blind $2
*** HOLE CARDS ***
Dealt to Hero [Jh Kc]
Dealt to 7bf17b82 
Hero: raises $4 to $6
7bf17b82: folds
Uncalled bet ($4) returned to Hero
*** SHOWDOWN ***
Hero collected $4 from pot
*** SUMMARY ***
Total pot $4
Seat 3: Hero(small blind)won ($4)
Seat 4: 7bf17b82(big blind) folded before Flop



Poker Hand #ring_880028648: NLH No Limit ($1/$2) - 2025/05/16 02:03:35
Table 'MR NLH 1/2' 7-max Seat #4 is the button
Seat 3: Hero ($298.38 in chips)
Seat 4: 7bf17b82 ($400 in chips)
7bf17b82: posts small blind $1
Hero: posts big blind $2
*** HOLE CARDS ***
Dealt to Hero [Th 2d]
Dealt to 7bf17b82 
7bf17b82: raises $4 to $6
Hero: folds
Uncalled bet ($4) returned to 7bf17b82
*** SHOWDOWN ***
7bf17b82 collected $4 from pot
*** SUMMARY ***
Total pot $4
Seat 3: Hero(big blind) folded before Flop
Seat 4: 7bf17b82(small blind)won ($4)



Poker Hand #ring_880027439: NLH No Limit ($1/$2) - 2025/05/16 02:02:49
Table 'MR NLH 1/2' 7-max Seat #3 is the button
Seat 3: Hero ($268.58 in chips)
Seat 4: 7bf17b82 ($403 in chips)
Hero: posts small blind $1
7bf17b82: posts big blind $2
*** HOLE CARDS ***
Dealt to Hero [3h 6h]
Dealt to 7bf17b82 
Hero: raises $4 to $6
7bf17b82: calls $4
*** FLOP *** [Jh Qh Ad]
7bf17b82: checks
Hero: checks
*** TURN *** [Jh Qh Ad] [5h]
7bf17b82: checks
Hero: bets $6
7bf17b82: calls $6
*** RIVER *** [Jh Qh Ad 5h] [5s]
7bf17b82: checks
Hero: bets $19.2
7bf17b82: calls $19.2
Hero: shows [3h 6h]
7bf17b82: shows [Ah 7c]
*** SHOWDOWN ***
Hero collected $62.4 from pot
*** SUMMARY ***
Total pot $62.4
Board [Jh Qh Ad 5h 5s]
Seat 3: Hero(small blind) showed [3h 6h] and won ($62.4) with Queen High Flush
Seat 4: 7bf17b82(big blind) showed [Ah 7c] and lost with Pair of Aces and Pair of Fives



Poker Hand #ring_880027148: NLH No Limit ($1/$2) - 2025/05/16 02:02:38
Table 'MR NLH 1/2' 7-max Seat #4 is the button
Seat 3: Hero ($270.58 in chips)
Seat 4: 7bf17b82 ($401 in chips)
7bf17b82: posts small blind $1
Hero: posts big blind $2
*** HOLE CARDS ***
Dealt to Hero [3h Jc]
Dealt to 7bf17b82 
7bf17b82: raises $4 to $6
Hero: folds
Uncalled bet ($4) returned to 7bf17b82
*** SHOWDOWN ***
7bf17b82 collected $4 from pot
*** SUMMARY ***
Total pot $4
Seat 3: Hero(big blind) folded before Flop
Seat 4: 7bf17b82(small blind)won ($4)



Poker Hand #ring_880026830: NLH No Limit ($1/$2) - 2025/05/16 02:02:27
Table 'MR NLH 1/2' 7-max Seat #3 is the button
Seat 3: Hero ($271.58 in chips)
Seat 4: 7bf17b82 ($400 in chips)
Hero: posts small blind $1
7bf17b82: posts big blind $2
*** HOLE CARDS ***
Dealt to Hero [7d 3d]
Dealt to 7bf17b82 
Hero: folds
*** SHOWDOWN ***
7bf17b82 collected $3 from pot
*** SUMMARY ***
Total pot $3
Seat 3: Hero(small blind) folded before Flop
Seat 4: 7bf17b82(big blind)won ($3)



Poker Hand #ring_880026321: NLH No Limit ($1/$2) - 2025/05/16 02:02:06
Table 'MR NLH 1/2' 7-max Seat #4 is the button
Seat 3: Hero ($265.58 in chips)
Seat 4: 7bf17b82 ($400 in chips)
7bf17b82: posts small blind $1
Hero: posts big blind $2
*** HOLE CARDS ***
Dealt to Hero [Kd Qs]
Dealt to 7bf17b82 
7bf17b82: raises $4 to $6
Hero: raises $12.4 to $18.4
7bf17b82: folds
Uncalled bet ($12.4) returned to Hero
*** SHOWDOWN ***
Hero collected $12 from pot
*** SUMMARY ***
Total pot $12
Seat 3: Hero(big blind)won ($12)
Seat 4: 7bf17b82(small blind) folded before Flop



Poker Hand #ring_880025386: NLH No Limit ($1/$2) - 2025/05/16 02:01:31
Table 'MR NLH 1/2' 7-max Seat #3 is the button
Seat 3: Hero ($259.85 in chips)
Seat 4: 7bf17b82 ($402 in chips)
Hero: posts small blind $1
7bf17b82: posts big blind $2
*** HOLE CARDS ***
Dealt to Hero [Tc 8s]
Dealt to 7bf17b82 
Hero: raises $4 to $6
7bf17b82: calls $4
*** FLOP *** [Qc 4h 6h]
7bf17b82: checks
Hero: checks
*** TURN *** [Qc 4h 6h] [9h]
7bf17b82: checks
Hero: bets $17.4
7bf17b82: folds
Uncalled bet ($17.4) returned to Hero
*** SHOWDOWN ***
Hero collected $12 from pot
*** SUMMARY ***
Total pot $12
Board [Qc 4h 6h 9h]
Seat 3: Hero(small blind)won ($12) with Queen-High
Seat 4: 7bf17b82(big blind) folded on the Turn



Poker Hand #ring_880025081: NLH No Limit ($1/$2) - 2025/05/16 02:01:20
Table 'MR NLH 1/2' 7-max Seat #4 is the button
Seat 3: Hero ($261.85 in chips)
Seat 4: 7bf17b82 ($400 in chips)
7bf17b82: posts small blind $1
Hero: posts big blind $2
*** HOLE CARDS ***
Dealt to Hero [4h 6c]
Dealt to 7bf17b82 
7bf17b82: raises $4 to $6
Hero: folds
Uncalled bet ($4) returned to 7bf17b82
*** SHOWDOWN ***
7bf17b82 collected $4 from pot
*** SUMMARY ***
Total pot $4
Seat 3: Hero(big blind) folded before Flop
Seat 4: 7bf17b82(small blind)won ($4)



Poker Hand #ring_880024168: NLH No Limit ($1/$2) - 2025/05/16 02:00:46
Table 'MR NLH 1/2' 7-max Seat #3 is the button
Seat 3: Hero ($256.12 in chips)
Seat 4: 7bf17b82 ($402 in chips)
Hero: posts small blind $1
7bf17b82: posts big blind $2
*** HOLE CARDS ***
Dealt to Hero [6d Ac]
Dealt to 7bf17b82 
Hero: raises $4 to $6
7bf17b82: calls $4
*** FLOP *** [3d 6s 8d]
7bf17b82: checks
Hero: checks
*** TURN *** [3d 6s 8d] [Qc]
7bf17b82: checks
Hero: bets $6
7bf17b82: folds
Uncalled bet ($6) returned to Hero
*** SHOWDOWN ***
Hero collected $12 from pot
*** SUMMARY ***
Total pot $12
Board [3d 6s 8d Qc]
Seat 3: Hero(small blind)won ($12) with Pair of Sixes
Seat 4: 7bf17b82(big blind) folded on the Turn



Poker Hand #ring_880023846: NLH No Limit ($1/$2) - 2025/05/16 02:00:34
Table 'MR NLH 1/2' 7-max Seat #4 is the button
Seat 3: Hero ($255.12 in chips)
Seat 4: 7bf17b82 ($403 in chips)
7bf17b82: posts small blind $1
Hero: posts big blind $2
*** HOLE CARDS ***
Dealt to Hero [6h 2s]
Dealt to 7bf17b82 
7bf17b82: folds
*** SHOWDOWN ***
Hero collected $3 from pot
*** SUMMARY ***
Total pot $3
Seat 3: Hero(big blind)won ($3)
Seat 4: 7bf17b82(small blind) folded before Flop



Poker Hand #ring_880023355: NLH No Limit ($1/$2) - 2025/05/16 02:00:15
Table 'MR NLH 1/2' 7-max Seat #3 is the button
Seat 3: Hero ($253.12 in chips)
Seat 4: 7bf17b82 ($405 in chips)
Hero: posts small blind $1
7bf17b82: posts big blind $2
*** HOLE CARDS ***
Dealt to Hero [Qs Th]
Dealt to 7bf17b82 
Hero: raises $4 to $6
7bf17b82: folds
Uncalled bet ($4) returned to Hero
*** SHOWDOWN ***
Hero collected $4 from pot
*** SUMMARY ***
Total pot $4
Seat 3: Hero(small blind)won ($4)
Seat 4: 7bf17b82(big blind) folded before Flop



Poker Hand #ring_880023029: NLH No Limit ($1/$2) - 2025/05/16 02:00:02
Table 'MR NLH 1/2' 7-max Seat #4 is the button
Seat 3: Hero ($255.12 in chips)
Seat 4: 7bf17b82 ($403 in chips)
7bf17b82: posts small blind $1
Hero: posts big blind $2
*** HOLE CARDS ***
Dealt to Hero [2c Ks]
Dealt to 7bf17b82 
7bf17b82: raises $4 to $6
Hero: folds
Uncalled bet ($4) returned to 7bf17b82
*** SHOWDOWN ***
7bf17b82 collected $4 from pot
*** SUMMARY ***
Total pot $4
Seat 3: Hero(big blind) folded before Flop
Seat 4: 7bf17b82(small blind)won ($4)



Poker Hand #ring_880022686: NLH No Limit ($1/$2) - 2025/05/16 01:59:50
Table 'MR NLH 1/2' 7-max Seat #3 is the button
Seat 3: Hero ($256.12 in chips)
Seat 4: 7bf17b82 ($402 in chips)
Hero: posts small blind $1
7bf17b82: posts big blind $2
*** HOLE CARDS ***
Dealt to Hero [7d 2s]
Dealt to 7bf17b82 
Hero: folds
*** SHOWDOWN ***
7bf17b82 collected $3 from pot
*** SUMMARY ***
Total pot $3
Seat 3: Hero(small blind) folded before Flop
Seat 4: 7bf17b82(big blind)won ($3)



Poker Hand #ring_880022361: NLH No Limit ($1/$2) - 2025/05/16 01:59:38
Table 'MR NLH 1/2' 7-max Seat #4 is the button
Seat 3: Hero ($258.12 in chips)
Seat 4: 7bf17b82 ($400 in chips)
7bf17b82: posts small blind $1
Hero: posts big blind $2
*** HOLE CARDS ***
Dealt to Hero [5s 2d]
Dealt to 7bf17b82 
7bf17b82: raises $4 to $6
Hero: folds
Uncalled bet ($4) returned to 7bf17b82
*** SHOWDOWN ***
7bf17b82 collected $4 from pot
*** SUMMARY ***
Total pot $4
Seat 3: Hero(big blind) folded before Flop
Seat 4: 7bf17b82(small blind)won ($4)



Poker Hand #ring_880020755: NLH No Limit ($1/$2) - 2025/05/16 01:58:38
Table 'MR NLH 1/2' 7-max Seat #3 is the button
Seat 3: Hero ($229.47 in chips)
Seat 4: 7bf17b82 ($422.06 in chips)
Hero: posts small blind $1
7bf17b82: posts big blind $2
*** HOLE CARDS ***
Dealt to Hero [9s 9c]
Dealt to 7bf17b82 
Hero: raises $4 to $6
7bf17b82: calls $4
*** FLOP *** [5h 4h 4s]
7bf17b82: checks
Hero: bets $6
7bf17b82: calls $6
*** TURN *** [5h 4h 4s] [Ad]
7bf17b82: checks
Hero: checks
*** RIVER *** [5h 4h 4s Ad] [Ah]
7bf17b82: bets $18
Hero: calls $18
Hero: shows [9s 9c]
7bf17b82: shows [2d 2h]
*** SHOWDOWN ***
Hero collected $60 from pot
*** SUMMARY ***
Total pot $60
Board [5h 4h 4s Ad Ah]
Seat 3: Hero(small blind) showed [9s 9c] and won ($60) with Pair of Aces and Pair of Nines
Seat 4: 7bf17b82(big blind) showed [2d 2h] and lost with Pair of Aces and Pair of Fours



Poker Hand #ring_880020434: NLH No Limit ($1/$2) - 2025/05/16 01:58:26
Table 'MR NLH 1/2' 7-max Seat #4 is the button
Seat 3: Hero ($231.47 in chips)
Seat 4: 7bf17b82 ($420.06 in chips)
7bf17b82: posts small blind $1
Hero: posts big blind $2
*** HOLE CARDS ***
Dealt to Hero [Qd 5c]
Dealt to 7bf17b82 
7bf17b82: raises $4 to $6
Hero: folds
Uncalled bet ($4) returned to 7bf17b82
*** SHOWDOWN ***
7bf17b82 collected $4 from pot
*** SUMMARY ***
Total pot $4
Seat 3: Hero(big blind) folded before Flop
Seat 4: 7bf17b82(small blind)won ($4)



Poker Hand #ring_880019442: NLH No Limit ($1/$2) - 2025/05/16 01:57:49
Table 'MR NLH 1/2' 7-max Seat #3 is the button
Seat 3: Hero ($246.47 in chips)
Seat 4: 7bf17b82 ($405.73 in chips)
Hero: posts small blind $1
7bf17b82: posts big blind $2
*** HOLE CARDS ***
Dealt to Hero [Kd 4d]
Dealt to 7bf17b82 
Hero: raises $4 to $6
7bf17b82: calls $4
*** FLOP *** [9s 7c 3d]
7bf17b82: checks
Hero: checks
*** TURN *** [9s 7c 3d] [As]
7bf17b82: checks
Hero: checks
*** RIVER *** [9s 7c 3d As] [2c]
7bf17b82: bets $9
Hero: calls $9
Hero: shows [Kd 4d]
7bf17b82: shows [7s 7d]
*** SHOWDOWN ***
7bf17b82 collected $30 from pot
*** SUMMARY ***
Total pot $30
Board [9s 7c 3d As 2c]
Seat 3: Hero(small blind) showed [Kd 4d] and lost with Ace-High
Seat 4: 7bf17b82(big blind) showed [7s 7d] and won ($30) with Three Sevens



Poker Hand #ring_880018639: NLH No Limit ($1/$2) - 2025/05/16 01:57:20
Table 'MR NLH 1/2' 7-max Seat #4 is the button
Seat 3: Hero ($252.47 in chips)
Seat 4: 7bf17b82 ($400 in chips)
7bf17b82: posts small blind $1
Hero: posts big blind $2
*** HOLE CARDS ***
Dealt to Hero [2d Jd]
Dealt to 7bf17b82 
7bf17b82: raises $4 to $6
Hero: calls $4
*** FLOP *** [Kd 6h Ks]
Hero: checks
7bf17b82: bets $3.96
Hero: folds
Uncalled bet ($3.96) returned to 7bf17b82
*** SHOWDOWN ***
7bf17b82 collected $12 from pot
*** SUMMARY ***
Total pot $12
Board [Kd 6h Ks]
Seat 3: Hero(big blind) folded on the Flop
Seat 4: 7bf17b82(small blind)won ($12) with Pair of Kings



Poker Hand #ring_880017974: NLH No Limit ($1/$2) - 2025/05/16 01:56:55
Table 'MR NLH 1/2' 7-max Seat #3 is the button
Seat 3: Hero ($246.74 in chips)
Seat 4: 7bf17b82 ($401.89 in chips)
Hero: posts small blind $1
7bf17b82: posts big blind $2
*** HOLE CARDS ***
Dealt to Hero [7c 9d]
Dealt to 7bf17b82 
Hero: raises $4 to $6
7bf17b82: calls $4
*** FLOP *** [8s Qh 5d]
7bf17b82: checks
Hero: bets $6
7bf17b82: folds
Uncalled bet ($6) returned to Hero
*** SHOWDOWN ***
Hero collected $12 from pot
*** SUMMARY ***
Total pot $12
Board [8s Qh 5d]
Seat 3: Hero(small blind)won ($12) with Queen-High
Seat 4: 7bf17b82(big blind) folded on the Flop



Poker Hand #ring_880017710: NLH No Limit ($1/$2) - 2025/05/16 01:56:44
Table 'MR NLH 1/2' 7-max Seat #4 is the button
Seat 3: Hero ($245.74 in chips)
Seat 4: 7bf17b82 ($402.89 in chips)
7bf17b82: posts small blind $1
Hero: posts big blind $2
*** HOLE CARDS ***
Dealt to Hero [Js 6h]
Dealt to 7bf17b82 
7bf17b82: folds
*** SHOWDOWN ***
Hero collected $3 from pot
*** SUMMARY ***
Total pot $3
Seat 3: Hero(big blind)won ($3)
Seat 4: 7bf17b82(small blind) folded before Flop



Poker Hand #ring_880017396: NLH No Limit ($1/$2) - 2025/05/16 01:56:33
Table 'MR NLH 1/2' 7-max Seat #3 is the button
Seat 3: Hero ($246.74 in chips)
Seat 4: 7bf17b82 ($401.89 in chips)
Hero: posts small blind $1
7bf17b82: posts big blind $2
*** HOLE CARDS ***
Dealt to Hero [Qd 6s]
Dealt to 7bf17b82 
Hero: folds
*** SHOWDOWN ***
7bf17b82 collected $3 from pot
*** SUMMARY ***
Total pot $3
Seat 3: Hero(small blind) folded before Flop
Seat 4: 7bf17b82(big blind)won ($3)



Poker Hand #ring_880017117: NLH No Limit ($1/$2) - 2025/05/16 01:56:22
Table 'MR NLH 1/2' 7-max Seat #4 is the button
Seat 3: Hero ($245.74 in chips)
Seat 4: 7bf17b82 ($402.89 in chips)
7bf17b82: posts small blind $1
Hero: posts big blind $2
*** HOLE CARDS ***
Dealt to Hero [6s Js]
Dealt to 7bf17b82 
7bf17b82: folds
*** SHOWDOWN ***
Hero collected $3 from pot
*** SUMMARY ***
Total pot $3
Seat 3: Hero(big blind)won ($3)
Seat 4: 7bf17b82(small blind) folded before Flop



Poker Hand #ring_880016816: NLH No Limit ($1/$2) - 2025/05/16 01:56:12
Table 'MR NLH 1/2' 7-max Seat #3 is the button
Seat 3: Hero ($246.74 in chips)
Seat 4: 7bf17b82 ($401.89 in chips)
Hero: posts small blind $1
7bf17b82: posts big blind $2
*** HOLE CARDS ***
Dealt to Hero [2d 4c]
Dealt to 7bf17b82 
Hero: folds
*** SHOWDOWN ***
7bf17b82 collected $3 from pot
*** SUMMARY ***
Total pot $3
Seat 3: Hero(small blind) folded before Flop
Seat 4: 7bf17b82(big blind)won ($3)



Poker Hand #ring_880016293: NLH No Limit ($1/$2) - 2025/05/16 01:55:51
Table 'MR NLH 1/2' 7-max Seat #4 is the button
Seat 3: Hero ($248.74 in chips)
Seat 4: 7bf17b82 ($399.89 in chips)
7bf17b82: posts small blind $1
Hero: posts big blind $2
*** HOLE CARDS ***
Dealt to Hero [4d Qh]
Dealt to 7bf17b82 
7bf17b82: raises $4 to $6
Hero: folds
Uncalled bet ($4) returned to 7bf17b82
*** SHOWDOWN ***
7bf17b82 collected $4 from pot
*** SUMMARY ***
Total pot $4
Seat 3: Hero(big blind) folded before Flop
Seat 4: 7bf17b82(small blind)won ($4)



Poker Hand #ring_880014886: NLH No Limit ($1/$2) - 2025/05/16 01:54:58
Table 'MR NLH 1/2' 7-max Seat #3 is the button
Seat 3: Hero ($248.85 in chips)
Seat 4: 7bf17b82 ($400 in chips)
Hero: posts small blind $1
7bf17b82: posts big blind $2
*** HOLE CARDS ***
Dealt to Hero [7d Qs]
Dealt to 7bf17b82 
Hero: raises $3 to $5
7bf17b82: calls $3
*** FLOP *** [6h Kd Jh]
7bf17b82: checks
Hero: checks
*** TURN *** [6h Kd Jh] [9s]
7bf17b82: checks
Hero: checks
*** RIVER *** [6h Kd Jh 9s] [Ac]
7bf17b82: checks
Hero: checks
Hero: shows [7d Qs]
7bf17b82: shows [8s Qc]
*** SHOWDOWN ***
Hero collected $5 from pot
7bf17b82 collected $5 from pot
*** SUMMARY ***
Total pot $10
Board [6h Kd Jh 9s Ac]
Seat 3: Hero(small blind) showed [7d Qs] and won ($5) with Ace-High
Seat 4: 7bf17b82(big blind) showed [8s Qc] and won ($5) with Ace-High



Poker Hand #ring_880013841: NLH No Limit ($1/$2) - 2025/05/16 01:54:19
Table 'MR NLH 1/2' 7-max Seat #4 is the button
Seat 3: Hero ($204.15 in chips)
Seat 4: 7bf17b82 ($406.35 in chips)
7bf17b82: posts small blind $1
Hero: posts big blind $2
*** HOLE CARDS ***
Dealt to Hero [Td Ts]
Dealt to 7bf17b82 
7bf17b82: raises $4 to $6
Hero: raises $17.4 to $23.4
7bf17b82: calls $17.4
*** FLOP *** [7c 3s 4h]
Hero: checks
7bf17b82: bets $23.4
Hero: raises $74.88 to $98.28
7bf17b82: folds
Uncalled bet ($74.88) returned to Hero
*** SHOWDOWN ***
Hero collected $93.6 from pot
*** SUMMARY ***
Total pot $93.6
Board [7c 3s 4h]
Seat 3: Hero(big blind)won ($93.6) with Pair of Tens
Seat 4: 7bf17b82(small blind) folded on the Flop



Poker Hand #ring_880012604: NLH No Limit ($1/$2) - 2025/05/16 01:53:34
Table 'MR NLH 1/2' 7-max Seat #3 is the button
Seat 3: Hero ($194.6 in chips)
Seat 4: 7bf17b82 ($416.35 in chips)
Hero: posts small blind $1
7bf17b82: posts big blind $2
*** HOLE CARDS ***
Dealt to Hero [Qd Jh]
Dealt to 7bf17b82 
Hero: raises $4 to $6
7bf17b82: calls $4
*** FLOP *** [8h Ks 4s]
7bf17b82: checks
Hero: checks
*** TURN *** [8h Ks 4s] [Kh]
7bf17b82: checks
Hero: checks
*** RIVER *** [8h Ks 4s Kh] [Ts]
7bf17b82: bets $4
Hero: calls $4
Hero: shows [Qd Jh]
7bf17b82: shows [3c 9c]
*** SHOWDOWN ***
Hero collected $20 from pot
*** SUMMARY ***
Total pot $20
Board [8h Ks 4s Kh Ts]
Seat 3: Hero(small blind) showed [Qd Jh] and won ($20) with Pair of Kings
Seat 4: 7bf17b82(big blind) showed [3c 9c] and lost with Pair of Kings



Poker Hand #ring_880012109: NLH No Limit ($1/$2) - 2025/05/16 01:53:16
Table 'MR NLH 1/2' 7-max Seat #4 is the button
Seat 3: Hero ($76.6 in chips)
Seat 4: 7bf17b82 ($422.35 in chips)
7bf17b82: posts small blind $1
Hero: posts big blind $2
*** HOLE CARDS ***
Dealt to Hero [As Qs]
Dealt to 7bf17b82 
7bf17b82: raises $4 to $6
Hero: raises $17.4 to $23.4
7bf17b82: folds
Uncalled bet ($17.4) returned to Hero
Hero: shows [As]
7bf17b82: shows [Th]
*** SHOWDOWN ***
Hero collected $12 from pot
*** SUMMARY ***
Total pot $12
Seat 3: Hero(big blind) showed [As] and won ($12)
Seat 4: 7bf17b82(small blind) folded before Flop



Poker Hand #ring_879656147: NLH No Limit ($1/$2) - 2025/05/16 01:52:37
Table 'MR NLH 1/2' 7-max Seat #3 is the button
Seat 3: Hero ($100 in chips)
Seat 4: 7bf17b82 ($400 in chips)
Hero: posts small blind $1
7bf17b82: posts big blind $2
*** HOLE CARDS ***
Dealt to Hero [8h 7c]
Dealt to 7bf17b82 
Hero: raises $4 to $6
7bf17b82: calls $4
*** FLOP *** [2s Ts 7d]
7bf17b82: checks
Hero: checks
*** TURN *** [2s Ts 7d] [8c]
7bf17b82: checks
Hero: bets $17.4
7bf17b82: calls $17.4
*** RIVER *** [2s Ts 7d 8c] [9s]
7bf17b82: checks
Hero: checks
Hero: shows [8h 7c]
7bf17b82: shows [8s 9c]
*** SHOWDOWN ***
7bf17b82 collected $46.8 from pot
*** SUMMARY ***
Total pot $46.8
Board [2s Ts 7d 8c 9s]
Seat 3: Hero(small blind) showed [8h 7c] and lost with Pair of Eights and Pair of Sevens
Seat 4: 7bf17b82(big blind) showed [8s 9c] and won ($46.8) with Pair of Nines and Pair of Eights



