Poker Hand #ring_876181835: NLH No Limit ($1/$2) - 2025/05/14 03:36:34
Table 'MR NLH BOMBPOT 1/2' 7-max Seat #4 is the button
Seat 4: 103e0fa2 ($263.76 in chips)
Seat 7: bbde68ec ($1,475.67 in chips)
Seat 2: f56d3661 ($443.96 in chips)
Seat 5: c26c9225 ($477.03 in chips)
Seat 1: Hero ($463.09 in chips)
c26c9225: posts small blind $1
bbde68ec: posts big blind $2
*** HOLE CARDS ***
Dealt to 103e0fa2 
Dealt to bbde68ec 
Dealt to f56d3661 
Dealt to c26c9225 
Dealt to Hero [7c Js]
Hero: folds
f56d3661: folds
103e0fa2: raises $3 to $5
c26c9225: folds
bbde68ec: folds
Uncalled bet ($3) returned to 103e0fa2
*** SHOWDOWN ***
103e0fa2 collected $5 from pot
*** SUMMARY ***
Total pot $5
Seat 4: 103e0fa2won ($5)
Seat 7: bbde68ec(big blind) folded before Flop
Seat 2: f56d3661 folded before Flop (didn't bet)
Seat 5: c26c9225(small blind) folded before Flop
Seat 1: Hero folded before Flop (didn't bet)



Poker Hand #ring_876180371: NLH No Limit ($1/$2) - 2025/05/14 03:35:31
Table 'MR NLH BOMBPOT 1/2' 7-max Seat #2 is the button
Seat 4: 103e0fa2 ($329.72 in chips)
Seat 7: bbde68ec ($1,475.67 in chips)
Seat 2: f56d3661 ($382.52 in chips)
Seat 5: c26c9225 ($479.03 in chips)
Seat 1: Hero ($463.09 in chips)
103e0fa2: posts small blind $1
c26c9225: posts big blind $2
*** HOLE CARDS ***
Dealt to 103e0fa2 
Dealt to bbde68ec 
Dealt to f56d3661 
Dealt to c26c9225 
Dealt to Hero [5c Qh]
bbde68ec: folds
Hero: folds
f56d3661: raises $4 to $6
103e0fa2: raises $20 to $26
c26c9225: folds
f56d3661: calls $20
*** FLOP *** [3d 9c 6h]
103e0fa2: bets $39.96
f56d3661: raises $66.96 to $106.92
103e0fa2: folds
Uncalled bet ($66.96) returned to f56d3661
f56d3661: shows [Qc Ts]
*** SHOWDOWN ***
f56d3661 collected $133.92 from pot
*** SUMMARY ***
Total pot $133.92
Board [3d 9c 6h]
Seat 4: 103e0fa2(small blind) folded on the Flop
Seat 7: bbde68ec folded before Flop (didn't bet)
Seat 2: f56d3661 showed [Qc Ts] and won ($133.92) with Queen-High
Seat 5: c26c9225(big blind) folded before Flop
Seat 1: Hero folded before Flop (didn't bet)



Poker Hand #ring_876179133: NLH No Limit ($1/$2) - 2025/05/14 03:34:38
Table 'MR NLH BOMBPOT 1/2' 7-max Seat #1 is the button
Seat 4: 103e0fa2 ($305.97 in chips)
Seat 7: bbde68ec ($1,475.67 in chips)
Seat 2: f56d3661 ($395.52 in chips)
Seat 5: c26c9225 ($479.03 in chips)
Seat 1: Hero ($476.09 in chips)
f56d3661: posts small blind $1
103e0fa2: posts big blind $2
*** HOLE CARDS ***
Dealt to 103e0fa2 
Dealt to bbde68ec 
Dealt to f56d3661 
Dealt to c26c9225 
Dealt to Hero [Kd Qc]
c26c9225: folds
bbde68ec: folds
Hero: raises $4 to $6
f56d3661: raises $7 to $13
103e0fa2: calls $11
Hero: calls $7
*** FLOP *** [3d 5c 2d]
f56d3661: checks
103e0fa2: bets $28.86
Hero: folds
f56d3661: folds
Uncalled bet ($28.86) returned to 103e0fa2
*** SHOWDOWN ***
103e0fa2 collected $39 from pot
*** SUMMARY ***
Total pot $39
Board [3d 5c 2d]
Seat 4: 103e0fa2(big blind)won ($39) with Pair of Nines
Seat 7: bbde68ec folded before Flop (didn't bet)
Seat 2: f56d3661(small blind) folded on the Flop
Seat 5: c26c9225 folded before Flop (didn't bet)
Seat 1: Hero folded on the Flop



Poker Hand #ring_876178633: NLH No Limit ($1/$2) - 2025/05/14 03:34:17
Table 'MR NLH BOMBPOT 1/2' 7-max Seat #7 is the button
Seat 4: 103e0fa2 ($305.97 in chips)
Seat 7: bbde68ec ($1,475.67 in chips)
Seat 2: f56d3661 ($394.52 in chips)
Seat 5: c26c9225 ($479.03 in chips)
Seat 1: Hero ($477.09 in chips)
Hero: posts small blind $1
f56d3661: posts big blind $2
*** HOLE CARDS ***
Dealt to 103e0fa2 
Dealt to bbde68ec 
Dealt to f56d3661 
Dealt to c26c9225 
Dealt to Hero [9d 3s]
103e0fa2: folds
c26c9225: folds
bbde68ec: folds
Hero: folds
*** SHOWDOWN ***
f56d3661 collected $3 from pot
*** SUMMARY ***
Total pot $3
Seat 4: 103e0fa2 folded before Flop (didn't bet)
Seat 7: bbde68ec folded before Flop (didn't bet)
Seat 2: f56d3661(big blind)won ($3)
Seat 5: c26c9225 folded before Flop (didn't bet)
Seat 1: Hero(small blind) folded before Flop



Poker Hand #ring_876178039: NLH No Limit ($1/$2) - 2025/05/14 03:33:52
Table 'MR NLH BOMBPOT 1/2' 7-max Seat #5 is the button
Seat 4: 103e0fa2 ($305.97 in chips)
Seat 7: bbde68ec ($1,476.67 in chips)
Seat 2: f56d3661 ($391.52 in chips)
Seat 5: c26c9225 ($479.03 in chips)
Seat 1: Hero ($479.09 in chips)
bbde68ec: posts small blind $1
Hero: posts big blind $2
*** HOLE CARDS ***
Dealt to 103e0fa2 
Dealt to bbde68ec 
Dealt to f56d3661 
Dealt to c26c9225 
Dealt to Hero [9c Th]
f56d3661: raises $6 to $8
103e0fa2: folds
c26c9225: folds
bbde68ec: folds
Hero: folds
Uncalled bet ($6) returned to f56d3661
*** SHOWDOWN ***
f56d3661 collected $5 from pot
*** SUMMARY ***
Total pot $5
Seat 4: 103e0fa2 folded before Flop (didn't bet)
Seat 7: bbde68ec(small blind) folded before Flop
Seat 2: f56d3661won ($5)
Seat 5: c26c9225 folded before Flop (didn't bet)
Seat 1: Hero(big blind) folded before Flop



Poker Hand #ring_876177578: NLH No Limit ($1/$2) - 2025/05/14 03:33:31
Table 'MR NLH BOMBPOT 1/2' 7-max Seat #4 is the button
Seat 4: 103e0fa2 ($305.97 in chips)
Seat 7: bbde68ec ($1,478.67 in chips)
Seat 2: f56d3661 ($388.52 in chips)
Seat 5: c26c9225 ($480.03 in chips)
Seat 1: Hero ($479.09 in chips)
c26c9225: posts small blind $1
bbde68ec: posts big blind $2
*** HOLE CARDS ***
Dealt to 103e0fa2 
Dealt to bbde68ec 
Dealt to f56d3661 
Dealt to c26c9225 
Dealt to Hero [9s Jh]
Hero: folds
f56d3661: raises $6 to $8
103e0fa2: folds
c26c9225: folds
bbde68ec: folds
Uncalled bet ($6) returned to f56d3661
*** SHOWDOWN ***
f56d3661 collected $5 from pot
*** SUMMARY ***
Total pot $5
Seat 4: 103e0fa2 folded before Flop (didn't bet)
Seat 7: bbde68ec(big blind) folded before Flop
Seat 2: f56d3661won ($5)
Seat 5: c26c9225(small blind) folded before Flop
Seat 1: Hero folded before Flop (didn't bet)



Poker Hand #ring_876175800: NLH No Limit ($1/$2) - 2025/05/14 03:32:14
Table 'MR NLH BOMBPOT 1/2' 7-max Seat #2 is the button
Seat 4: 103e0fa2 ($306.97 in chips)
Seat 7: bbde68ec ($1,398.2 in chips)
Seat 2: f56d3661 ($410.27 in chips)
Seat 5: c26c9225 ($482.03 in chips)
Seat 1: Hero ($542.09 in chips)
103e0fa2: posts small blind $1
c26c9225: posts big blind $2
*** HOLE CARDS ***
Dealt to 103e0fa2 
Dealt to bbde68ec 
Dealt to f56d3661 
Dealt to c26c9225 
Dealt to Hero [8c 6c]
bbde68ec: raises $4 to $6
Hero: calls $6
f56d3661: calls $6
103e0fa2: folds
c26c9225: folds
*** FLOP *** [Qc 6h Qh]
bbde68ec: checks
Hero: checks
f56d3661: bets $15.75
bbde68ec: calls $15.75
Hero: raises $41.25 to $57
f56d3661: folds
bbde68ec: calls $41.25
*** TURN *** [Qc 6h Qh] [7h]
bbde68ec: bets $72
Hero: folds
Uncalled bet ($72) returned to bbde68ec
*** SHOWDOWN ***
bbde68ec collected $150.75 from pot
*** SUMMARY ***
Total pot $150.75
Board [Qc 6h Qh 7h]
Seat 4: 103e0fa2(small blind) folded before Flop
Seat 7: bbde68ecwon ($150.75) with Pair of Aces and Pair of Queens
Seat 2: f56d3661 folded on the Flop
Seat 5: c26c9225(big blind) folded before Flop
Seat 1: Hero folded on the Turn



Poker Hand #ring_876174469: NLH No Limit ($1/$2) - 2025/05/14 03:31:16
Table 'MR NLH BOMBPOT 1/2' 7-max Seat #1 is the button
Seat 4: 103e0fa2 ($316.97 in chips)
Seat 7: bbde68ec ($1,408.2 in chips)
Seat 2: f56d3661 ($478.27 in chips)
Seat 5: c26c9225 ($392 in chips)
Seat 1: Hero ($552.09 in chips)
f56d3661: posts the ante $10
103e0fa2: posts the ante $10
c26c9225: posts the ante $10
bbde68ec: posts the ante $10
Hero: posts the ante $10
*** HOLE CARDS ***
Dealt to 103e0fa2 
Dealt to bbde68ec 
Dealt to f56d3661 
Dealt to c26c9225 
Dealt to Hero [6h 8h]
*** FLOP *** [4c Qs 2d]
f56d3661: checks
103e0fa2: checks
c26c9225: bets $16.5
bbde68ec: folds
Hero: folds
f56d3661: calls $16.5
103e0fa2: folds
*** TURN *** [4c Qs 2d] [Jd]
f56d3661: checks
c26c9225: checks
*** RIVER *** [4c Qs 2d Jd] [7d]
f56d3661: bets $41.5
c26c9225: calls $41.5
f56d3661: shows [4h 3h]
c26c9225: shows [8s 8d]
*** SHOWDOWN ***
c26c9225 collected $166 from pot
*** SUMMARY ***
Total pot $166
Board [4c Qs 2d Jd 7d]
Seat 4: 103e0fa2(big blind) folded on the Flop
Seat 7: bbde68ec folded on the Flop
Seat 2: f56d3661(small blind) showed [4h 3h] and lost with Pair of Fours
Seat 5: c26c9225 showed [8s 8d] and won ($166) with Pair of Eights
Seat 1: Hero folded on the Flop



Poker Hand #ring_876173798: NLH No Limit ($1/$2) - 2025/05/14 03:30:48
Table 'MR NLH BOMBPOT 1/2' 7-max Seat #7 is the button
Seat 4: 103e0fa2 ($316.97 in chips)
Seat 7: bbde68ec ($1,408.2 in chips)
Seat 2: f56d3661 ($480.27 in chips)
Seat 5: c26c9225 ($389 in chips)
Seat 1: Hero ($553.09 in chips)
Hero: posts small blind $1
f56d3661: posts big blind $2
*** HOLE CARDS ***
Dealt to 103e0fa2 
Dealt to bbde68ec 
Dealt to f56d3661 
Dealt to c26c9225 
Dealt to Hero [7c 4d]
103e0fa2: folds
c26c9225: raises $2 to $4
bbde68ec: folds
Hero: folds
f56d3661: folds
Uncalled bet ($2) returned to c26c9225
*** SHOWDOWN ***
c26c9225 collected $5 from pot
*** SUMMARY ***
Total pot $5
Seat 4: 103e0fa2 folded before Flop (didn't bet)
Seat 7: bbde68ec folded before Flop (didn't bet)
Seat 2: f56d3661(big blind) folded before Flop
Seat 5: c26c9225won ($5)
Seat 1: Hero(small blind) folded before Flop



Poker Hand #ring_876172565: NLH No Limit ($1/$2) - 2025/05/14 03:29:56
Table 'MR NLH BOMBPOT 1/2' 7-max Seat #5 is the button
Seat 4: 103e0fa2 ($316.97 in chips)
Seat 7: bbde68ec ($1,410.2 in chips)
Seat 2: f56d3661 ($476.54 in chips)
Seat 5: c26c9225 ($389 in chips)
Seat 1: Hero ($555.09 in chips)
bbde68ec: posts small blind $1
Hero: posts big blind $2
*** HOLE CARDS ***
Dealt to 103e0fa2 
Dealt to bbde68ec 
Dealt to f56d3661 
Dealt to c26c9225 
Dealt to Hero [3d 9h]
f56d3661: calls $2
103e0fa2: folds
c26c9225: folds
bbde68ec: calls $1
Hero: checks
*** FLOP *** [9s Jd Th]
bbde68ec: checks
Hero: checks
f56d3661: checks
*** TURN *** [9s Jd Th] [7h]
bbde68ec: checks
Hero: checks
f56d3661: bets $6
bbde68ec: folds
Hero: folds
Uncalled bet ($6) returned to f56d3661
*** SHOWDOWN ***
f56d3661 collected $6 from pot
*** SUMMARY ***
Total pot $6
Board [9s Jd Th 7h]
Seat 4: 103e0fa2 folded before Flop (didn't bet)
Seat 7: bbde68ec(small blind) folded on the Turn
Seat 2: f56d3661won ($6) with Ace-High
Seat 5: c26c9225 folded before Flop (didn't bet)
Seat 1: Hero(big blind) folded on the Turn



Poker Hand #ring_876171041: NLH No Limit ($1/$2) - 2025/05/14 03:28:51
Table 'MR NLH BOMBPOT 1/2' 7-max Seat #4 is the button
Seat 4: 103e0fa2 ($316.97 in chips)
Seat 7: bbde68ec ($1,412.2 in chips)
Seat 2: f56d3661 ($472.81 in chips)
Seat 5: c26c9225 ($391 in chips)
Seat 1: Hero ($555.09 in chips)
c26c9225: posts small blind $1
bbde68ec: posts big blind $2
*** HOLE CARDS ***
Dealt to 103e0fa2 
Dealt to bbde68ec 
Dealt to f56d3661 
Dealt to c26c9225 
Dealt to Hero [2d 3s]
Hero: folds
f56d3661: calls $2
103e0fa2: folds
c26c9225: calls $1
bbde68ec: checks
*** FLOP *** [Qh Jd 3d]
c26c9225: checks
bbde68ec: checks
f56d3661: bets $6
c26c9225: folds
bbde68ec: folds
Uncalled bet ($6) returned to f56d3661
*** SHOWDOWN ***
f56d3661 collected $6 from pot
*** SUMMARY ***
Total pot $6
Board [Qh Jd 3d]
Seat 4: 103e0fa2 folded before Flop (didn't bet)
Seat 7: bbde68ec(big blind) folded on the Flop
Seat 2: f56d3661won ($6) with Queen-High
Seat 5: c26c9225(small blind) folded on the Flop
Seat 1: Hero folded before Flop (didn't bet)



Poker Hand #ring_876170557: NLH No Limit ($1/$2) - 2025/05/14 03:28:29
Table 'MR NLH BOMBPOT 1/2' 7-max Seat #2 is the button
Seat 4: 103e0fa2 ($314.97 in chips)
Seat 7: bbde68ec ($1,412.2 in chips)
Seat 2: f56d3661 ($472.81 in chips)
Seat 5: c26c9225 ($393 in chips)
Seat 1: Hero ($555.09 in chips)
103e0fa2: posts small blind $1
c26c9225: posts big blind $2
*** HOLE CARDS ***
Dealt to 103e0fa2 
Dealt to bbde68ec 
Dealt to f56d3661 
Dealt to c26c9225 
Dealt to Hero [5h Td]
bbde68ec: folds
Hero: folds
f56d3661: folds
103e0fa2: raises $6 to $8
c26c9225: folds
Uncalled bet ($6) returned to 103e0fa2
*** SHOWDOWN ***
103e0fa2 collected $4 from pot
*** SUMMARY ***
Total pot $4
Seat 4: 103e0fa2(small blind)won ($4)
Seat 7: bbde68ec folded before Flop (didn't bet)
Seat 2: f56d3661 folded before Flop (didn't bet)
Seat 5: c26c9225(big blind) folded before Flop
Seat 1: Hero folded before Flop (didn't bet)



Poker Hand #ring_876169475: NLH No Limit ($1/$2) - 2025/05/14 03:27:43
Table 'MR NLH BOMBPOT 1/2' 7-max Seat #1 is the button
Seat 4: 103e0fa2 ($285.5 in chips)
Seat 7: bbde68ec ($1,412.2 in chips)
Seat 2: f56d3661 ($505.74 in chips)
Seat 5: c26c9225 ($393 in chips)
Seat 1: Hero ($555.09 in chips)
f56d3661: posts small blind $1
103e0fa2: posts big blind $2
*** HOLE CARDS ***
Dealt to 103e0fa2 
Dealt to bbde68ec 
Dealt to f56d3661 
Dealt to c26c9225 
Dealt to Hero [7h Ts]
c26c9225: folds
bbde68ec: folds
Hero: folds
f56d3661: calls $1
103e0fa2: raises $6 to $8
f56d3661: calls $6
*** FLOP *** [3s 9h 2s]
f56d3661: checks
103e0fa2: bets $11.84
f56d3661: calls $11.84
*** TURN *** [3s 9h 2s] [7c]
f56d3661: checks
103e0fa2: checks
*** RIVER *** [3s 9h 2s 7c] [Kd]
f56d3661: bets $13.09
103e0fa2: calls $13.09
f56d3661: shows [6h 9d]
103e0fa2: shows [8c 9c]
*** SHOWDOWN ***
103e0fa2 collected $65.86 from pot
*** SUMMARY ***
Total pot $65.86
Board [3s 9h 2s 7c Kd]
Seat 4: 103e0fa2(big blind) showed [8c 9c] and won ($65.86) with Pair of Nines
Seat 7: bbde68ec folded before Flop (didn't bet)
Seat 2: f56d3661(small blind) showed [6h 9d] and lost with Pair of Nines
Seat 5: c26c9225 folded before Flop (didn't bet)
Seat 1: Hero folded before Flop (didn't bet)



Poker Hand #ring_876168189: NLH No Limit ($1/$2) - 2025/05/14 03:26:51
Table 'MR NLH BOMBPOT 1/2' 7-max Seat #7 is the button
Seat 4: 103e0fa2 ($285.5 in chips)
Seat 7: bbde68ec ($1,412.2 in chips)
Seat 2: f56d3661 ($521.74 in chips)
Seat 5: c26c9225 ($397 in chips)
Seat 1: Hero ($537.21 in chips)
Hero: posts small blind $1
f56d3661: posts big blind $2
*** HOLE CARDS ***
Dealt to 103e0fa2 
Dealt to bbde68ec 
Dealt to f56d3661 
Dealt to c26c9225 
Dealt to Hero [Qd Ad]
103e0fa2: folds
c26c9225: raises $2 to $4
bbde68ec: folds
Hero: raises $12 to $16
f56d3661: calls $14
c26c9225: folds
*** FLOP *** [2h Qc 6d]
Hero: bets $18
f56d3661: folds
Uncalled bet ($18) returned to Hero
*** SHOWDOWN ***
Hero collected $36 from pot
*** SUMMARY ***
Total pot $36
Board [2h Qc 6d]
Seat 4: 103e0fa2 folded before Flop (didn't bet)
Seat 7: bbde68ec folded before Flop (didn't bet)
Seat 2: f56d3661(big blind) folded on the Flop
Seat 5: c26c9225 folded before Flop
Seat 1: Hero(small blind)won ($36) with Pair of Queens



Poker Hand #ring_876166972: NLH No Limit ($1/$2) - 2025/05/14 03:25:59
Table 'MR NLH BOMBPOT 1/2' 7-max Seat #5 is the button
Seat 4: 103e0fa2 ($265.5 in chips)
Seat 7: bbde68ec ($1,413.2 in chips)
Seat 2: f56d3661 ($521.74 in chips)
Seat 5: c26c9225 ($397 in chips)
Seat 1: Hero ($556.21 in chips)
bbde68ec: posts small blind $1
Hero: posts big blind $2
*** HOLE CARDS ***
Dealt to 103e0fa2 
Dealt to bbde68ec 
Dealt to f56d3661 
Dealt to c26c9225 
Dealt to Hero [Jc Ac]
f56d3661: folds
103e0fa2: raises $4 to $6
c26c9225: folds
bbde68ec: folds
Hero: raises $13 to $19
103e0fa2: raises $25.4 to $44.4
Hero: folds
Uncalled bet ($25.4) returned to 103e0fa2
*** SHOWDOWN ***
103e0fa2 collected $39 from pot
*** SUMMARY ***
Total pot $39
Seat 4: 103e0fa2won ($39)
Seat 7: bbde68ec(small blind) folded before Flop
Seat 2: f56d3661 folded before Flop (didn't bet)
Seat 5: c26c9225 folded before Flop (didn't bet)
Seat 1: Hero(big blind) folded before Flop



Poker Hand #ring_876165975: NLH No Limit ($1/$2) - 2025/05/14 03:25:17
Table 'MR NLH BOMBPOT 1/2' 7-max Seat #4 is the button
Seat 4: 103e0fa2 ($265.5 in chips)
Seat 7: bbde68ec ($1,419.2 in chips)
Seat 2: f56d3661 ($521.74 in chips)
Seat 5: c26c9225 ($398 in chips)
Seat 1: Hero ($549.79 in chips)
c26c9225: posts small blind $1
bbde68ec: posts big blind $2
*** HOLE CARDS ***
Dealt to 103e0fa2 
Dealt to bbde68ec 
Dealt to f56d3661 
Dealt to c26c9225 
Dealt to Hero [Td Th]
Hero: raises $4 to $6
f56d3661: folds
103e0fa2: folds
c26c9225: folds
bbde68ec: calls $4
*** FLOP *** [Ts Jd 7s]
bbde68ec: checks
Hero: bets $6.5
bbde68ec: folds
Uncalled bet ($6.5) returned to Hero
*** SHOWDOWN ***
Hero collected $13 from pot
*** SUMMARY ***
Total pot $13
Board [Ts Jd 7s]
Seat 4: 103e0fa2 folded before Flop (didn't bet)
Seat 7: bbde68ec(big blind) folded on the Flop
Seat 2: f56d3661 folded before Flop (didn't bet)
Seat 5: c26c9225(small blind) folded before Flop
Seat 1: Herowon ($13) with Three Tens



Poker Hand #ring_876164892: NLH No Limit ($1/$2) - 2025/05/14 03:24:33
Table 'MR NLH BOMBPOT 1/2' 7-max Seat #2 is the button
Seat 4: 103e0fa2 ($189.5 in chips)
Seat 7: bbde68ec ($1,419.2 in chips)
Seat 2: f56d3661 ($496.67 in chips)
Seat 5: c26c9225 ($400 in chips)
Seat 1: Hero ($549.79 in chips)
103e0fa2: posts small blind $1
c26c9225: posts big blind $2
*** HOLE CARDS ***
Dealt to 103e0fa2 
Dealt to bbde68ec 
Dealt to f56d3661 
Dealt to c26c9225 
Dealt to Hero [Qd 5s]
bbde68ec: folds
Hero: folds
f56d3661: calls $2
103e0fa2: raises $6 to $8
c26c9225: folds
f56d3661: calls $6
*** FLOP *** [5c 8d Tc]
103e0fa2: checks
f56d3661: bets $18
103e0fa2: calls $18
*** TURN *** [5c 8d Tc] [Ac]
103e0fa2: checks
f56d3661: bets $27
103e0fa2: folds
Uncalled bet ($27) returned to f56d3661
*** SHOWDOWN ***
f56d3661 collected $54 from pot
*** SUMMARY ***
Total pot $54
Board [5c 8d Tc Ac]
Seat 4: 103e0fa2(small blind) folded on the Turn
Seat 7: bbde68ec folded before Flop (didn't bet)
Seat 2: f56d3661won ($54) with Ace-High
Seat 5: c26c9225(big blind) folded before Flop
Seat 1: Hero folded before Flop (didn't bet)



Poker Hand #ring_876163993: NLH No Limit ($1/$2) - 2025/05/14 03:23:54
Table 'MR NLH BOMBPOT 1/2' 7-max Seat #1 is the button
Seat 4: 103e0fa2 ($199.5 in chips)
Seat 7: bbde68ec ($1,429.2 in chips)
Seat 2: f56d3661 ($506.67 in chips)
Seat 1: Hero ($522.09 in chips)
f56d3661: posts the ante $10
103e0fa2: posts the ante $10
bbde68ec: posts the ante $10
Hero: posts the ante $10
*** HOLE CARDS ***
Dealt to 103e0fa2 
Dealt to bbde68ec 
Dealt to f56d3661 
Dealt to Hero [Tc 3d]
*** FLOP *** [2h 2c 3c]
f56d3661: checks
103e0fa2: checks
bbde68ec: checks
Hero: bets $20
f56d3661: folds
103e0fa2: folds
bbde68ec: folds
Uncalled bet ($20) returned to Hero
*** SHOWDOWN ***
Hero collected $40 from pot
*** SUMMARY ***
Total pot $40
Board [2h 2c 3c]
Seat 4: 103e0fa2(big blind) folded on the Flop
Seat 7: bbde68ec folded on the Flop
Seat 2: f56d3661(small blind) folded on the Flop
Seat 1: Herowon ($40) with Pair of Treys and Pair of Twos



Poker Hand #ring_876163073: NLH No Limit ($1/$2) - 2025/05/14 03:23:15
Table 'MR NLH BOMBPOT 1/2' 7-max Seat #7 is the button
Seat 4: 103e0fa2 ($199.5 in chips)
Seat 7: bbde68ec ($1,429.2 in chips)
Seat 2: f56d3661 ($498.07 in chips)
Seat 1: Hero ($532.09 in chips)
Hero: posts small blind $1
f56d3661: posts big blind $2
*** HOLE CARDS ***
Dealt to 103e0fa2 
Dealt to bbde68ec 
Dealt to f56d3661 
Dealt to Hero [Kh 2s]
103e0fa2: folds
bbde68ec: folds
Hero: raises $3 to $5
f56d3661: calls $3
*** FLOP *** [Ac 7h Qh]
Hero: bets $5
f56d3661: calls $5
*** TURN *** [Ac 7h Qh] [5s]
Hero: checks
f56d3661: bets $10
Hero: folds
Uncalled bet ($10) returned to f56d3661
*** SHOWDOWN ***
f56d3661 collected $20 from pot
*** SUMMARY ***
Total pot $20
Board [Ac 7h Qh 5s]
Seat 4: 103e0fa2 folded before Flop (didn't bet)
Seat 7: bbde68ec folded before Flop (didn't bet)
Seat 2: f56d3661(big blind)won ($20) with Pair of Aces
Seat 1: Hero(small blind) folded on the Turn



Poker Hand #ring_876161884: NLH No Limit ($1/$2) - 2025/05/14 03:22:25
Table 'MR NLH BOMBPOT 1/2' 7-max Seat #4 is the button
Seat 4: 103e0fa2 ($237.9 in chips)
Seat 7: bbde68ec ($1,430.2 in chips)
Seat 2: f56d3661 ($460.76 in chips)
Seat 1: Hero ($534.09 in chips)
bbde68ec: posts small blind $1
Hero: posts big blind $2
*** HOLE CARDS ***
Dealt to 103e0fa2 
Dealt to bbde68ec 
Dealt to f56d3661 
Dealt to Hero [9h Kc]
f56d3661: calls $2
103e0fa2: raises $6 to $8
bbde68ec: folds
Hero: folds
f56d3661: calls $6
*** FLOP *** [Kd 2c 3d]
f56d3661: bets $14.25
103e0fa2: calls $14.25
*** TURN *** [Kd 2c 3d] [3c]
f56d3661: checks
103e0fa2: bets $16.15
f56d3661: raises $39.9 to $56.05
103e0fa2: folds
Uncalled bet ($39.9) returned to f56d3661
*** SHOWDOWN ***
f56d3661 collected $79.8 from pot
*** SUMMARY ***
Total pot $79.8
Board [Kd 2c 3d 3c]
Seat 4: 103e0fa2 folded on the Turn
Seat 7: bbde68ec(small blind) folded before Flop
Seat 2: f56d3661won ($79.8) with Pair of Treys
Seat 1: Hero(big blind) folded before Flop



Poker Hand #ring_876161480: NLH No Limit ($1/$2) - 2025/05/14 03:22:08
Table 'MR NLH BOMBPOT 1/2' 7-max Seat #2 is the button
Seat 4: 103e0fa2 ($238.9 in chips)
Seat 7: bbde68ec ($1,432.2 in chips)
Seat 2: f56d3661 ($460.76 in chips)
Seat 1: Hero ($531.09 in chips)
103e0fa2: posts small blind $1
bbde68ec: posts big blind $2
*** HOLE CARDS ***
Dealt to 103e0fa2 
Dealt to bbde68ec 
Dealt to f56d3661 
Dealt to Hero [Tc Jd]
Hero: raises $4 to $6
f56d3661: folds
103e0fa2: folds
bbde68ec: folds
Uncalled bet ($4) returned to Hero
*** SHOWDOWN ***
Hero collected $5 from pot
*** SUMMARY ***
Total pot $5
Seat 4: 103e0fa2(small blind) folded before Flop
Seat 7: bbde68ec(big blind) folded before Flop
Seat 2: f56d3661 folded before Flop (didn't bet)
Seat 1: Herowon ($5)



Poker Hand #ring_876160251: NLH No Limit ($1/$2) - 2025/05/14 03:21:16
Table 'MR NLH BOMBPOT 1/2' 7-max Seat #1 is the button
Seat 4: 103e0fa2 ($215.92 in chips)
Seat 7: bbde68ec ($1,432.2 in chips)
Seat 2: f56d3661 ($480.26 in chips)
Seat 1: Hero ($537.09 in chips)
f56d3661: posts small blind $1
103e0fa2: posts big blind $2
*** HOLE CARDS ***
Dealt to 103e0fa2 
Dealt to bbde68ec 
Dealt to f56d3661 
Dealt to Hero [2s 2d]
bbde68ec: folds
Hero: raises $4 to $6
f56d3661: calls $5
103e0fa2: calls $4
*** FLOP *** [Th 6c 7d]
f56d3661: checks
103e0fa2: checks
Hero: checks
*** TURN *** [Th 6c 7d] [Ts]
f56d3661: bets $13.5
103e0fa2: raises $24.3 to $37.8
Hero: folds
f56d3661: folds
Uncalled bet ($24.3) returned to 103e0fa2
*** SHOWDOWN ***
103e0fa2 collected $45 from pot
*** SUMMARY ***
Total pot $45
Board [Th 6c 7d Ts]
Seat 4: 103e0fa2(big blind)won ($45) with Three Tens
Seat 7: bbde68ec folded before Flop (didn't bet)
Seat 2: f56d3661(small blind) folded on the Turn
Seat 1: Hero folded on the Turn



Poker Hand #ring_876159774: NLH No Limit ($1/$2) - 2025/05/14 03:20:57
Table 'MR NLH BOMBPOT 1/2' 7-max Seat #7 is the button
Seat 4: 103e0fa2 ($215.92 in chips)
Seat 7: bbde68ec ($1,432.2 in chips)
Seat 2: f56d3661 ($479.26 in chips)
Seat 1: Hero ($538.09 in chips)
Hero: posts small blind $1
f56d3661: posts big blind $2
*** HOLE CARDS ***
Dealt to 103e0fa2 
Dealt to bbde68ec 
Dealt to f56d3661 
Dealt to Hero [9d 5c]
103e0fa2: folds
bbde68ec: folds
Hero: folds
*** SHOWDOWN ***
f56d3661 collected $3 from pot
*** SUMMARY ***
Total pot $3
Seat 4: 103e0fa2 folded before Flop (didn't bet)
Seat 7: bbde68ec folded before Flop (didn't bet)
Seat 2: f56d3661(big blind)won ($3)
Seat 1: Hero(small blind) folded before Flop



Poker Hand #ring_876158046: NLH No Limit ($1/$2) - 2025/05/14 03:19:44
Table 'MR NLH BOMBPOT 1/2' 7-max Seat #4 is the button
Seat 4: 103e0fa2 ($215.92 in chips)
Seat 7: bbde68ec ($1,433.2 in chips)
Seat 2: f56d3661 ($530.36 in chips)
Seat 1: Hero ($491.13 in chips)
bbde68ec: posts small blind $1
Hero: posts big blind $2
*** HOLE CARDS ***
Dealt to 103e0fa2 
Dealt to bbde68ec 
Dealt to f56d3661 
Dealt to Hero [8d Ad]
f56d3661: calls $2
103e0fa2: folds
bbde68ec: folds
Hero: raises $6.1 to $8.1
f56d3661: calls $6.1
*** FLOP *** [7d 2s 8s]
Hero: bets $8.6
f56d3661: calls $8.6
*** TURN *** [7d 2s 8s] [Ts]
Hero: checks
f56d3661: checks
*** RIVER *** [7d 2s 8s Ts] [3s]
Hero: checks
f56d3661: bets $34.4
Hero: calls $34.4
Hero: shows [8d Ad]
f56d3661: shows [6h Kh]
*** SHOWDOWN ***
Hero collected $103.2 from pot
*** SUMMARY ***
Total pot $103.2
Board [7d 2s 8s Ts 3s]
Seat 4: 103e0fa2 folded before Flop (didn't bet)
Seat 7: bbde68ec(small blind) folded before Flop
Seat 2: f56d3661 showed [6h Kh] and lost with King-High
Seat 1: Hero(big blind) showed [8d Ad] and won ($103.2) with Pair of Eights



Poker Hand #ring_876157126: NLH No Limit ($1/$2) - 2025/05/14 03:19:06
Table 'MR NLH BOMBPOT 1/2' 7-max Seat #2 is the button
Seat 4: 103e0fa2 ($223.92 in chips)
Seat 7: bbde68ec ($1,435.2 in chips)
Seat 2: f56d3661 ($521.17 in chips)
Seat 1: Hero ($491.13 in chips)
103e0fa2: posts small blind $1
bbde68ec: posts big blind $2
*** HOLE CARDS ***
Dealt to 103e0fa2 
Dealt to bbde68ec 
Dealt to f56d3661 
Dealt to Hero [2c Td]
Hero: folds
f56d3661: calls $2
103e0fa2: raises $6 to $8
bbde68ec: folds
f56d3661: calls $6
*** FLOP *** [6s 9s 3s]
103e0fa2: checks
f56d3661: bets $13.5
103e0fa2: folds
Uncalled bet ($13.5) returned to f56d3661
*** SHOWDOWN ***
f56d3661 collected $18 from pot
*** SUMMARY ***
Total pot $18
Board [6s 9s 3s]
Seat 4: 103e0fa2(small blind) folded on the Flop
Seat 7: bbde68ec(big blind) folded before Flop
Seat 2: f56d3661won ($18) with Jack-High
Seat 1: Hero folded before Flop (didn't bet)



Poker Hand #ring_876155791: NLH No Limit ($1/$2) - 2025/05/14 03:18:11
Table 'MR NLH BOMBPOT 1/2' 7-max Seat #1 is the button
Seat 4: 103e0fa2 ($229.92 in chips)
Seat 7: bbde68ec ($1,441.2 in chips)
Seat 2: f56d3661 ($509.98 in chips)
Seat 1: Hero ($491.13 in chips)
f56d3661: posts small blind $1
103e0fa2: posts big blind $2
*** HOLE CARDS ***
Dealt to 103e0fa2 
Dealt to bbde68ec 
Dealt to f56d3661 
Dealt to Hero [8d 3s]
bbde68ec: raises $4 to $6
Hero: folds
f56d3661: calls $5
103e0fa2: calls $4
*** FLOP *** [2c 3d 9h]
f56d3661: checks
103e0fa2: checks
bbde68ec: checks
*** TURN *** [2c 3d 9h] [5s]
f56d3661: bets $9
103e0fa2: folds
bbde68ec: folds
Uncalled bet ($9) returned to f56d3661
*** SHOWDOWN ***
f56d3661 collected $18 from pot
*** SUMMARY ***
Total pot $18
Board [2c 3d 9h 5s]
Seat 4: 103e0fa2(big blind) folded on the Turn
Seat 7: bbde68ec folded on the Turn
Seat 2: f56d3661(small blind)won ($18) with Pair of Fives
Seat 1: Hero folded before Flop (didn't bet)



Poker Hand #ring_876155182: NLH No Limit ($1/$2) - 2025/05/14 03:17:45
Table 'MR NLH BOMBPOT 1/2' 7-max Seat #7 is the button
Seat 4: 103e0fa2 ($229.92 in chips)
Seat 7: bbde68ec ($1,438.2 in chips)
Seat 2: f56d3661 ($511.98 in chips)
Seat 1: Hero ($492.13 in chips)
Hero: posts small blind $1
f56d3661: posts big blind $2
*** HOLE CARDS ***
Dealt to 103e0fa2 
Dealt to bbde68ec 
Dealt to f56d3661 
Dealt to Hero [Kh 9c]
103e0fa2: folds
bbde68ec: raises $4 to $6
Hero: folds
f56d3661: folds
Uncalled bet ($4) returned to bbde68ec
*** SHOWDOWN ***
bbde68ec collected $5 from pot
*** SUMMARY ***
Total pot $5
Seat 4: 103e0fa2 folded before Flop (didn't bet)
Seat 7: bbde68ecwon ($5)
Seat 2: f56d3661(big blind) folded before Flop
Seat 1: Hero(small blind) folded before Flop



Poker Hand #ring_876153827: NLH No Limit ($1/$2) - 2025/05/14 03:16:48
Table 'MR NLH BOMBPOT 1/2' 7-max Seat #4 is the button
Seat 4: 103e0fa2 ($239.92 in chips)
Seat 7: bbde68ec ($1,448.2 in chips)
Seat 2: f56d3661 ($466.08 in chips)
Seat 1: Hero ($522.13 in chips)
bbde68ec: posts the ante $10
Hero: posts the ante $10
f56d3661: posts the ante $10
103e0fa2: posts the ante $10
*** HOLE CARDS ***
Dealt to 103e0fa2 
Dealt to bbde68ec 
Dealt to f56d3661 
Dealt to Hero [Qh 3s]
*** FLOP *** [Jh 6s 7s]
bbde68ec: checks
Hero: bets $20
f56d3661: calls $20
103e0fa2: folds
bbde68ec: folds
*** TURN *** [Jh 6s 7s] [7d]
Hero: checks
f56d3661: bets $60
Hero: folds
Uncalled bet ($60) returned to f56d3661
f56d3661: shows [Qd Ks]
*** SHOWDOWN ***
f56d3661 collected $80 from pot
*** SUMMARY ***
Total pot $80
Board [Jh 6s 7s 7d]
Seat 4: 103e0fa2 folded on the Flop
Seat 7: bbde68ec(small blind) folded on the Flop
Seat 2: f56d3661 showed [Qd Ks] and won ($80) with Pair of Sevens
Seat 1: Hero(big blind) folded on the Turn



Poker Hand #ring_876152190: NLH No Limit ($1/$2) - 2025/05/14 03:15:39
Table 'MR NLH BOMBPOT 1/2' 7-max Seat #2 is the button
Seat 4: 103e0fa2 ($245.92 in chips)
Seat 7: bbde68ec ($1,428.41 in chips)
Seat 2: f56d3661 ($482.08 in chips)
Seat 1: Hero ($522.13 in chips)
103e0fa2: posts small blind $1
bbde68ec: posts big blind $2
*** HOLE CARDS ***
Dealt to 103e0fa2 
Dealt to bbde68ec 
Dealt to f56d3661 
Dealt to Hero [4c 8h]
Hero: folds
f56d3661: calls $2
103e0fa2: raises $4 to $6
bbde68ec: calls $4
f56d3661: calls $4
*** FLOP *** [Tc 8d 5d]
103e0fa2: checks
bbde68ec: bets $10
f56d3661: calls $10
103e0fa2: folds
*** TURN *** [Tc 8d 5d] [2c]
bbde68ec: checks
f56d3661: checks
*** RIVER *** [Tc 8d 5d 2c] [Ts]
bbde68ec: bets $56
f56d3661: folds
Uncalled bet ($56) returned to bbde68ec
*** SHOWDOWN ***
bbde68ec collected $38 from pot
*** SUMMARY ***
Total pot $38
Board [Tc 8d 5d 2c Ts]
Seat 4: 103e0fa2(small blind) folded on the Flop
Seat 7: bbde68ec(big blind)won ($38) with Pair of Tens
Seat 2: f56d3661 folded on the River
Seat 1: Hero folded before Flop (didn't bet)



Poker Hand #ring_876151145: NLH No Limit ($1/$2) - 2025/05/14 03:14:55
Table 'MR NLH BOMBPOT 1/2' 7-max Seat #1 is the button
Seat 4: 103e0fa2 ($247.92 in chips)
Seat 7: bbde68ec ($1,428.41 in chips)
Seat 2: f56d3661 ($498.58 in chips)
Seat 1: Hero ($505.7 in chips)
f56d3661: posts small blind $1
103e0fa2: posts big blind $2
*** HOLE CARDS ***
Dealt to 103e0fa2 
Dealt to bbde68ec 
Dealt to f56d3661 
Dealt to Hero [Jd Ac]
bbde68ec: folds
Hero: raises $4 to $6
f56d3661: calls $5
103e0fa2: folds
*** FLOP *** [6s 7s Qh]
f56d3661: checks
Hero: checks
*** TURN *** [6s 7s Qh] [Tc]
f56d3661: checks
Hero: checks
*** RIVER *** [6s 7s Qh Tc] [Qc]
f56d3661: bets $10.5
Hero: calls $10.5
Hero: shows [Jd Ac]
f56d3661: shows [As 2c]
*** SHOWDOWN ***
Hero collected $35 from pot
*** SUMMARY ***
Total pot $35
Board [6s 7s Qh Tc Qc]
Seat 4: 103e0fa2(big blind) folded before Flop
Seat 7: bbde68ec folded before Flop (didn't bet)
Seat 2: f56d3661(small blind) showed [As 2c] and lost with Pair of Queens
Seat 1: Hero showed [Jd Ac] and won ($35) with Pair of Queens



Poker Hand #ring_876150053: NLH No Limit ($1/$2) - 2025/05/14 03:14:09
Table 'MR NLH BOMBPOT 1/2' 7-max Seat #7 is the button
Seat 4: 103e0fa2 ($262.92 in chips)
Seat 7: bbde68ec ($1,428.41 in chips)
Seat 2: f56d3661 ($457.59 in chips)
Seat 1: Hero ($535.55 in chips)
Hero: posts small blind $1
f56d3661: posts big blind $2
*** HOLE CARDS ***
Dealt to 103e0fa2 
Dealt to bbde68ec 
Dealt to f56d3661 
Dealt to Hero [Ah 6h]
103e0fa2: raises $4 to $6
bbde68ec: folds
Hero: calls $5
f56d3661: raises $9 to $15
103e0fa2: calls $9
Hero: calls $9
*** FLOP *** [4c 2c 3s]
Hero: checks
f56d3661: bets $14.85
103e0fa2: folds
Hero: calls $14.85
*** TURN *** [4c 2c 3s] [6s]
Hero: checks
f56d3661: checks
*** RIVER *** [4c 2c 3s 6s] [Qh]
Hero: checks
f56d3661: checks
Hero: shows [Ah 6h]
f56d3661: shows [Tc Ts]
*** SHOWDOWN ***
f56d3661 collected $74.7 from pot
*** SUMMARY ***
Total pot $74.7
Board [4c 2c 3s 6s Qh]
Seat 4: 103e0fa2 folded on the Flop
Seat 7: bbde68ec folded before Flop (didn't bet)
Seat 2: f56d3661(big blind) showed [Tc Ts] and won ($74.7) with Pair of Tens
Seat 1: Hero(small blind) showed [Ah 6h] and lost with Pair of Sixes



Poker Hand #ring_876148506: NLH No Limit ($1/$2) - 2025/05/14 03:13:04
Table 'MR NLH BOMBPOT 1/2' 7-max Seat #4 is the button
Seat 4: 103e0fa2 ($262.92 in chips)
Seat 7: bbde68ec ($1,436.41 in chips)
Seat 2: f56d3661 ($448.4 in chips)
Seat 1: Hero ($537.55 in chips)
bbde68ec: posts small blind $1
Hero: posts big blind $2
*** HOLE CARDS ***
Dealt to 103e0fa2 
Dealt to bbde68ec 
Dealt to f56d3661 
Dealt to Hero [4d As]
f56d3661: calls $2
103e0fa2: folds
bbde68ec: calls $1
Hero: checks
*** FLOP *** [3h 3c Qs]
bbde68ec: checks
Hero: checks
f56d3661: checks
*** TURN *** [3h 3c Qs] [8s]
bbde68ec: checks
Hero: checks
f56d3661: checks
*** RIVER *** [3h 3c Qs 8s] [6c]
bbde68ec: bets $6
Hero: folds
f56d3661: calls $6
f56d3661: shows [8d Th]
bbde68ec: shows [Kd 5s]
*** SHOWDOWN ***
f56d3661 collected $18 from pot
*** SUMMARY ***
Total pot $18
Board [3h 3c Qs 8s 6c]
Seat 4: 103e0fa2 folded before Flop (didn't bet)
Seat 7: bbde68ec(small blind) showed [Kd 5s] and lost with Pair of Treys
Seat 2: f56d3661 showed [8d Th] and won ($18) with Pair of Eights and Pair of Treys
Seat 1: Hero(big blind) folded on the River



Poker Hand #ring_876147740: NLH No Limit ($1/$2) - 2025/05/14 03:12:32
Table 'MR NLH BOMBPOT 1/2' 7-max Seat #2 is the button
Seat 4: 103e0fa2 ($263.92 in chips)
Seat 7: bbde68ec ($1,438.41 in chips)
Seat 2: f56d3661 ($445.62 in chips)
Seat 1: Hero ($537.55 in chips)
103e0fa2: posts small blind $1
bbde68ec: posts big blind $2
*** HOLE CARDS ***
Dealt to 103e0fa2 
Dealt to bbde68ec 
Dealt to f56d3661 
Dealt to Hero [5s Js]
Hero: folds
f56d3661: calls $2
103e0fa2: folds
bbde68ec: checks
*** FLOP *** [Qs Qc 3d]
bbde68ec: checks
f56d3661: bets $5
bbde68ec: folds
Uncalled bet ($5) returned to f56d3661
*** SHOWDOWN ***
f56d3661 collected $5 from pot
*** SUMMARY ***
Total pot $5
Board [Qs Qc 3d]
Seat 4: 103e0fa2(small blind) folded before Flop
Seat 7: bbde68ec(big blind) folded on the Flop
Seat 2: f56d3661won ($5) with Pair of Queens
Seat 1: Hero folded before Flop (didn't bet)



Poker Hand #ring_876146725: NLH No Limit ($1/$2) - 2025/05/14 03:11:51
Table 'MR NLH BOMBPOT 1/2' 7-max Seat #1 is the button
Seat 4: 103e0fa2 ($246.22 in chips)
Seat 7: bbde68ec ($1,438.41 in chips)
Seat 2: f56d3661 ($465.62 in chips)
Seat 1: Hero ($537.55 in chips)
f56d3661: posts small blind $1
103e0fa2: posts big blind $2
*** HOLE CARDS ***
Dealt to 103e0fa2 
Dealt to bbde68ec 
Dealt to f56d3661 
Dealt to Hero [7c 5h]
bbde68ec: folds
Hero: folds
f56d3661: calls $1
103e0fa2: raises $6 to $8
f56d3661: calls $6
*** FLOP *** [Ts 8s 7s]
f56d3661: bets $12
103e0fa2: raises $29.6 to $41.6
f56d3661: folds
Uncalled bet ($29.6) returned to 103e0fa2
*** SHOWDOWN ***
103e0fa2 collected $40 from pot
*** SUMMARY ***
Total pot $40
Board [Ts 8s 7s]
Seat 4: 103e0fa2(big blind)won ($40) with Pair of Tens
Seat 7: bbde68ec folded before Flop (didn't bet)
Seat 2: f56d3661(small blind) folded on the Flop
Seat 1: Hero folded before Flop (didn't bet)



Poker Hand #ring_876145174: NLH No Limit ($1/$2) - 2025/05/14 03:10:48
Table 'MR NLH BOMBPOT 1/2' 7-max Seat #7 is the button
Seat 4: 103e0fa2 ($246.22 in chips)
Seat 7: bbde68ec ($1,428.59 in chips)
Seat 2: f56d3661 ($475.91 in chips)
Seat 1: Hero ($538.55 in chips)
Hero: posts small blind $1
f56d3661: posts big blind $2
*** HOLE CARDS ***
Dealt to 103e0fa2 
Dealt to bbde68ec 
Dealt to f56d3661 
Dealt to Hero [3d Ts]
103e0fa2: folds
bbde68ec: raises $4 to $6
Hero: folds
f56d3661: calls $4
*** FLOP *** [5s Td Qs]
f56d3661: bets $4.29
bbde68ec: calls $4.29
*** TURN *** [5s Td Qs] [7s]
f56d3661: checks
bbde68ec: bets $12
f56d3661: folds
Uncalled bet ($12) returned to bbde68ec
*** SHOWDOWN ***
bbde68ec collected $21.58 from pot
*** SUMMARY ***
Total pot $21.58
Board [5s Td Qs 7s]
Seat 4: 103e0fa2 folded before Flop (didn't bet)
Seat 7: bbde68ecwon ($21.58) with Pair of Fours
Seat 2: f56d3661(big blind) folded on the Turn
Seat 1: Hero(small blind) folded before Flop



Poker Hand #ring_876143852: NLH No Limit ($1/$2) - 2025/05/14 03:09:53
Table 'MR NLH BOMBPOT 1/2' 7-max Seat #4 is the button
Seat 4: 103e0fa2 ($284.31 in chips)
Seat 7: bbde68ec ($1,429.59 in chips)
Seat 2: f56d3661 ($438.88 in chips)
Seat 1: Hero ($540.55 in chips)
bbde68ec: posts small blind $1
Hero: posts big blind $2
*** HOLE CARDS ***
Dealt to 103e0fa2 
Dealt to bbde68ec 
Dealt to f56d3661 
Dealt to Hero [6d 4s]
f56d3661: calls $2
103e0fa2: raises $6 to $8
bbde68ec: folds
Hero: folds
f56d3661: calls $6
*** FLOP *** [9s 9h 2d]
f56d3661: checks
103e0fa2: bets $14.06
f56d3661: calls $14.06
*** TURN *** [9s 9h 2d] [As]
f56d3661: checks
103e0fa2: bets $16.03
f56d3661: calls $16.03
*** RIVER *** [9s 9h 2d As] [2s]
f56d3661: bets $79.18
103e0fa2: folds
Uncalled bet ($79.18) returned to f56d3661
*** SHOWDOWN ***
f56d3661 collected $79.18 from pot
*** SUMMARY ***
Total pot $79.18
Board [9s 9h 2d As 2s]
Seat 4: 103e0fa2 folded on the River
Seat 7: bbde68ec(small blind) folded before Flop
Seat 2: f56d3661won ($79.18) with Nines Full over Aces
Seat 1: Hero(big blind) folded before Flop



Poker Hand #ring_876143306: NLH No Limit ($1/$2) - 2025/05/14 03:09:30
Table 'MR NLH BOMBPOT 1/2' 7-max Seat #2 is the button
Seat 4: 103e0fa2 ($285.31 in chips)
Seat 7: bbde68ec ($1,431.59 in chips)
Seat 2: f56d3661 ($435.88 in chips)
Seat 1: Hero ($540.55 in chips)
103e0fa2: posts small blind $1
bbde68ec: posts big blind $2
*** HOLE CARDS ***
Dealt to 103e0fa2 
Dealt to bbde68ec 
Dealt to f56d3661 
Dealt to Hero [8s 3c]
Hero: folds
f56d3661: raises $6 to $8
103e0fa2: folds
bbde68ec: folds
Uncalled bet ($6) returned to f56d3661
*** SHOWDOWN ***
f56d3661 collected $5 from pot
*** SUMMARY ***
Total pot $5
Seat 4: 103e0fa2(small blind) folded before Flop
Seat 7: bbde68ec(big blind) folded before Flop
Seat 2: f56d3661won ($5)
Seat 1: Hero folded before Flop (didn't bet)



Poker Hand #ring_876141790: NLH No Limit ($1/$2) - 2025/05/14 03:08:28
Table 'MR NLH BOMBPOT 1/2' 7-max Seat #1 is the button
Seat 4: 103e0fa2 ($199.97 in chips)
Seat 7: bbde68ec ($1,441.59 in chips)
Seat 2: f56d3661 ($509.21 in chips)
Seat 1: Hero ($550.55 in chips)
f56d3661: posts the ante $10
103e0fa2: posts the ante $10
bbde68ec: posts the ante $10
Hero: posts the ante $10
*** HOLE CARDS ***
Dealt to 103e0fa2 
Dealt to bbde68ec 
Dealt to f56d3661 
Dealt to Hero [Td 9d]
*** FLOP *** [5c 4s 3h]
f56d3661: checks
103e0fa2: bets $29.6
bbde68ec: folds
Hero: folds
f56d3661: calls $29.6
*** TURN *** [5c 4s 3h] [7c]
f56d3661: checks
103e0fa2: bets $33.73
f56d3661: calls $33.73
*** RIVER *** [5c 4s 3h 7c] [Kh]
f56d3661: checks
103e0fa2: bets $126.64 and is all-in
f56d3661: folds
Uncalled bet ($126.64) returned to 103e0fa2
*** SHOWDOWN ***
103e0fa2 collected $166.66 from pot
*** SUMMARY ***
Total pot $166.66
Board [5c 4s 3h 7c Kh]
Seat 4: 103e0fa2(big blind)won ($166.66) with Sevens-High Straight
Seat 7: bbde68ec folded on the Flop
Seat 2: f56d3661(small blind) folded on the River
Seat 1: Hero folded on the Flop



Poker Hand #ring_876141204: NLH No Limit ($1/$2) - 2025/05/14 03:08:04
Table 'MR NLH BOMBPOT 1/2' 7-max Seat #7 is the button
Seat 4: 103e0fa2 ($199.97 in chips)
Seat 7: bbde68ec ($1,441.59 in chips)
Seat 2: f56d3661 ($511.21 in chips)
Seat 1: Hero ($548.55 in chips)
Hero: posts small blind $1
f56d3661: posts big blind $2
*** HOLE CARDS ***
Dealt to 103e0fa2 
Dealt to bbde68ec 
Dealt to f56d3661 
Dealt to Hero [6c 4c]
103e0fa2: folds
bbde68ec: folds
Hero: raises $3 to $5
f56d3661: folds
Uncalled bet ($3) returned to Hero
*** SHOWDOWN ***
Hero collected $4 from pot
*** SUMMARY ***
Total pot $4
Seat 4: 103e0fa2 folded before Flop (didn't bet)
Seat 7: bbde68ec folded before Flop (didn't bet)
Seat 2: f56d3661(big blind) folded before Flop
Seat 1: Hero(small blind)won ($4)



Poker Hand #ring_876139667: NLH No Limit ($1/$2) - 2025/05/14 03:07:01
Table 'MR NLH BOMBPOT 1/2' 7-max Seat #4 is the button
Seat 4: 103e0fa2 ($281.47 in chips)
Seat 7: bbde68ec ($1,442.59 in chips)
Seat 2: f56d3661 ($513.21 in chips)
Seat 1: Hero ($472.02 in chips)
bbde68ec: posts small blind $1
Hero: posts big blind $2
*** HOLE CARDS ***
Dealt to 103e0fa2 
Dealt to bbde68ec 
Dealt to f56d3661 
Dealt to Hero [Th Tc]
f56d3661: calls $2
103e0fa2: raises $6 to $8
bbde68ec: folds
Hero: raises $15.2 to $23.2
f56d3661: folds
103e0fa2: calls $15.2
*** FLOP *** [5h 3d 3c]
Hero: checks
103e0fa2: checks
*** TURN *** [5h 3d 3c] [5c]
Hero: checks
103e0fa2: bets $16.8
Hero: calls $16.8
*** RIVER *** [5h 3d 3c 5c] [3s]
Hero: bets $41.5
103e0fa2: calls $41.5
Hero: shows [Th Tc]
103e0fa2: shows [6d Ad]
*** SHOWDOWN ***
Hero collected $166 from pot
*** SUMMARY ***
Total pot $166
Board [5h 3d 3c 5c 3s]
Seat 4: 103e0fa2 showed [6d Ad] and lost with Treys Full over Fives
Seat 7: bbde68ec(small blind) folded before Flop
Seat 2: f56d3661 folded before Flop
Seat 1: Hero(big blind) showed [Th Tc] and won ($166) with Treys Full over Tens



Poker Hand #ring_876138841: NLH No Limit ($1/$2) - 2025/05/14 03:06:26
Table 'MR NLH BOMBPOT 1/2' 7-max Seat #2 is the button
Seat 4: 103e0fa2 ($305.47 in chips)
Seat 7: bbde68ec ($1,421.25 in chips)
Seat 2: f56d3661 ($513.21 in chips)
Seat 1: Hero ($472.02 in chips)
103e0fa2: posts small blind $1
bbde68ec: posts big blind $2
*** HOLE CARDS ***
Dealt to 103e0fa2 
Dealt to bbde68ec 
Dealt to f56d3661 
Dealt to Hero [Qd 5h]
Hero: folds
f56d3661: folds
103e0fa2: raises $6 to $8
bbde68ec: raises $16 to $24
103e0fa2: calls $16
*** FLOP *** [Jh 4c 2h]
103e0fa2: checks
bbde68ec: bets $20
103e0fa2: folds
Uncalled bet ($20) returned to bbde68ec
*** SHOWDOWN ***
bbde68ec collected $48 from pot
*** SUMMARY ***
Total pot $48
Board [Jh 4c 2h]
Seat 4: 103e0fa2(small blind) folded on the Flop
Seat 7: bbde68ec(big blind)won ($48) with Pair of Jacks
Seat 2: f56d3661 folded before Flop (didn't bet)
Seat 1: Hero folded before Flop (didn't bet)



Poker Hand #ring_876138353: NLH No Limit ($1/$2) - 2025/05/14 03:06:06
Table 'MR NLH BOMBPOT 1/2' 7-max Seat #1 is the button
Seat 4: 103e0fa2 ($307.47 in chips)
Seat 7: bbde68ec ($1,418.25 in chips)
Seat 2: f56d3661 ($514.21 in chips)
Seat 1: Hero ($472.02 in chips)
f56d3661: posts small blind $1
103e0fa2: posts big blind $2
*** HOLE CARDS ***
Dealt to 103e0fa2 
Dealt to bbde68ec 
Dealt to f56d3661 
Dealt to Hero [3s 6d]
bbde68ec: raises $4 to $6
Hero: folds
f56d3661: folds
103e0fa2: folds
Uncalled bet ($4) returned to bbde68ec
*** SHOWDOWN ***
bbde68ec collected $5 from pot
*** SUMMARY ***
Total pot $5
Seat 4: 103e0fa2(big blind) folded before Flop
Seat 7: bbde68ecwon ($5)
Seat 2: f56d3661(small blind) folded before Flop
Seat 1: Hero folded before Flop (didn't bet)



Poker Hand #ring_876136738: NLH No Limit ($1/$2) - 2025/05/14 03:04:58
Table 'MR NLH BOMBPOT 1/2' 7-max Seat #7 is the button
Seat 4: 103e0fa2 ($289.72 in chips)
Seat 7: bbde68ec ($1,418.25 in chips)
Seat 2: f56d3661 ($533.21 in chips)
Seat 1: Hero ($473.02 in chips)
Hero: posts small blind $1
f56d3661: posts big blind $2
*** HOLE CARDS ***
Dealt to 103e0fa2 
Dealt to bbde68ec 
Dealt to f56d3661 
Dealt to Hero [7c Kh]
103e0fa2: raises $4 to $6
bbde68ec: folds
Hero: folds
f56d3661: calls $4
*** FLOP *** [Jc Qd Ks]
f56d3661: bets $13
103e0fa2: calls $13
*** TURN *** [Jc Qd Ks] [8d]
f56d3661: checks
103e0fa2: checks
*** RIVER *** [Jc Qd Ks 8d] [5s]
f56d3661: checks
103e0fa2: bets $21.06
f56d3661: folds
Uncalled bet ($21.06) returned to 103e0fa2
*** SHOWDOWN ***
103e0fa2 collected $39 from pot
*** SUMMARY ***
Total pot $39
Board [Jc Qd Ks 8d 5s]
Seat 4: 103e0fa2won ($39) with Ace-High
Seat 7: bbde68ec folded before Flop (didn't bet)
Seat 2: f56d3661(big blind) folded on the River
Seat 1: Hero(small blind) folded before Flop



Poker Hand #ring_876136186: NLH No Limit ($1/$2) - 2025/05/14 03:04:35
Table 'MR NLH BOMBPOT 1/2' 7-max Seat #4 is the button
Seat 4: 103e0fa2 ($286.72 in chips)
Seat 7: bbde68ec ($1,419.25 in chips)
Seat 2: f56d3661 ($533.21 in chips)
Seat 1: Hero ($475.02 in chips)
bbde68ec: posts small blind $1
Hero: posts big blind $2
*** HOLE CARDS ***
Dealt to 103e0fa2 
Dealt to bbde68ec 
Dealt to f56d3661 
Dealt to Hero [7c 3h]
f56d3661: folds
103e0fa2: raises $3 to $5
bbde68ec: folds
Hero: folds
Uncalled bet ($3) returned to 103e0fa2
*** SHOWDOWN ***
103e0fa2 collected $5 from pot
*** SUMMARY ***
Total pot $5
Seat 4: 103e0fa2won ($5)
Seat 7: bbde68ec(small blind) folded before Flop
Seat 2: f56d3661 folded before Flop (didn't bet)
Seat 1: Hero(big blind) folded before Flop



Poker Hand #ring_876135314: NLH No Limit ($1/$2) - 2025/05/14 03:04:00
Table 'MR NLH BOMBPOT 1/2' 7-max Seat #2 is the button
Seat 4: 103e0fa2 ($287.72 in chips)
Seat 7: bbde68ec ($1,421.25 in chips)
Seat 2: f56d3661 ($530.43 in chips)
Seat 1: Hero ($475.02 in chips)
103e0fa2: posts small blind $1
bbde68ec: posts big blind $2
*** HOLE CARDS ***
Dealt to 103e0fa2 
Dealt to bbde68ec 
Dealt to f56d3661 
Dealt to Hero [5c Th]
Hero: folds
f56d3661: calls $2
103e0fa2: folds
bbde68ec: checks
*** FLOP *** [2c Kc 3h]
bbde68ec: checks
f56d3661: bets $5
bbde68ec: folds
Uncalled bet ($5) returned to f56d3661
*** SHOWDOWN ***
f56d3661 collected $5 from pot
*** SUMMARY ***
Total pot $5
Board [2c Kc 3h]
Seat 4: 103e0fa2(small blind) folded before Flop
Seat 7: bbde68ec(big blind) folded on the Flop
Seat 2: f56d3661won ($5) with Ace-High
Seat 1: Hero folded before Flop (didn't bet)



Poker Hand #ring_876134393: NLH No Limit ($1/$2) - 2025/05/14 03:03:21
Table 'MR NLH BOMBPOT 1/2' 7-max Seat #1 is the button
Seat 4: 103e0fa2 ($280.44 in chips)
Seat 7: bbde68ec ($1,421.25 in chips)
Seat 2: f56d3661 ($538.43 in chips)
Seat 1: Hero ($475.02 in chips)
f56d3661: posts small blind $1
103e0fa2: posts big blind $2
*** HOLE CARDS ***
Dealt to 103e0fa2 
Dealt to bbde68ec 
Dealt to f56d3661 
Dealt to Hero [Ts 4c]
bbde68ec: folds
Hero: folds
f56d3661: calls $1
103e0fa2: raises $6 to $8
f56d3661: calls $6
*** FLOP *** [Jd 6d Qc]
f56d3661: checks
103e0fa2: bets $8.64
f56d3661: folds
Uncalled bet ($8.64) returned to 103e0fa2
*** SHOWDOWN ***
103e0fa2 collected $16 from pot
*** SUMMARY ***
Total pot $16
Board [Jd 6d Qc]
Seat 4: 103e0fa2(big blind)won ($16) with Pair of Queens
Seat 7: bbde68ec folded before Flop (didn't bet)
Seat 2: f56d3661(small blind) folded on the Flop
Seat 1: Hero folded before Flop (didn't bet)



Poker Hand #ring_876133573: NLH No Limit ($1/$2) - 2025/05/14 03:02:46
Table 'MR NLH BOMBPOT 1/2' 7-max Seat #7 is the button
Seat 4: 103e0fa2 ($280.44 in chips)
Seat 7: bbde68ec ($1,421.25 in chips)
Seat 2: f56d3661 ($532.97 in chips)
Seat 1: Hero ($481.02 in chips)
Hero: posts small blind $1
f56d3661: posts big blind $2
*** HOLE CARDS ***
Dealt to 103e0fa2 
Dealt to bbde68ec 
Dealt to f56d3661 
Dealt to Hero [5c 6d]
103e0fa2: folds
bbde68ec: folds
Hero: calls $1
f56d3661: checks
*** FLOP *** [Th Qh 6c]
Hero: checks
f56d3661: bets $4
Hero: calls $4
*** TURN *** [Th Qh 6c] [9s]
Hero: checks
f56d3661: bets $9
Hero: folds
Uncalled bet ($9) returned to f56d3661
*** SHOWDOWN ***
f56d3661 collected $12 from pot
*** SUMMARY ***
Total pot $12
Board [Th Qh 6c 9s]
Seat 4: 103e0fa2 folded before Flop (didn't bet)
Seat 7: bbde68ec folded before Flop (didn't bet)
Seat 2: f56d3661(big blind)won ($12) with Pair of Queens
Seat 1: Hero(small blind) folded on the Turn



Poker Hand #ring_876132439: NLH No Limit ($1/$2) - 2025/05/14 03:01:58
Table 'MR NLH BOMBPOT 1/2' 7-max Seat #4 is the button
Seat 4: 103e0fa2 ($233.08 in chips)
Seat 7: bbde68ec ($1,431.25 in chips)
Seat 2: f56d3661 ($542.97 in chips)
Seat 1: Hero ($512.62 in chips)
bbde68ec: posts the ante $10
Hero: posts the ante $10
f56d3661: posts the ante $10
103e0fa2: posts the ante $10
*** HOLE CARDS ***
Dealt to 103e0fa2 
Dealt to bbde68ec 
Dealt to f56d3661 
Dealt to Hero [9h 9d]
*** FLOP *** [Tc 5s 5d]
bbde68ec: checks
Hero: checks
f56d3661: checks
103e0fa2: bets $21.6
bbde68ec: folds
Hero: calls $21.6
f56d3661: folds
*** TURN *** [Tc 5s 5d] [Jc]
Hero: checks
103e0fa2: bets $44.93
Hero: folds
Uncalled bet ($44.93) returned to 103e0fa2
*** SHOWDOWN ***
103e0fa2 collected $83.2 from pot
*** SUMMARY ***
Total pot $83.2
Board [Tc 5s 5d Jc]
Seat 4: 103e0fa2won ($83.2) with Pair of Tens and Pair of Fives
Seat 7: bbde68ec(small blind) folded on the Flop
Seat 2: f56d3661 folded on the Flop
Seat 1: Hero(big blind) folded on the Turn



Poker Hand #ring_876130814: NLH No Limit ($1/$2) - 2025/05/14 03:00:48
Table 'MR NLH BOMBPOT 1/2' 7-max Seat #2 is the button
Seat 4: 103e0fa2 ($241.08 in chips)
Seat 7: bbde68ec ($1,451.25 in chips)
Seat 2: f56d3661 ($517.63 in chips)
Seat 1: Hero ($512.62 in chips)
103e0fa2: posts small blind $1
bbde68ec: posts big blind $2
*** HOLE CARDS ***
Dealt to 103e0fa2 
Dealt to bbde68ec 
Dealt to f56d3661 
Dealt to Hero [4h Qc]
Hero: folds
f56d3661: calls $2
103e0fa2: raises $6 to $8
bbde68ec: calls $6
f56d3661: calls $6
*** FLOP *** [7s 5d 9c]
103e0fa2: checks
bbde68ec: checks
f56d3661: bets $12
103e0fa2: folds
bbde68ec: calls $12
*** TURN *** [7s 5d 9c] [8c]
bbde68ec: checks
f56d3661: bets $24
bbde68ec: folds
Uncalled bet ($24) returned to f56d3661
*** SHOWDOWN ***
f56d3661 collected $48 from pot
*** SUMMARY ***
Total pot $48
Board [7s 5d 9c 8c]
Seat 4: 103e0fa2(small blind) folded on the Flop
Seat 7: bbde68ec(big blind) folded on the Turn
Seat 2: f56d3661won ($48) with Pair of Nines
Seat 1: Hero folded before Flop (didn't bet)



Poker Hand #ring_876129881: NLH No Limit ($1/$2) - 2025/05/14 03:00:08
Table 'MR NLH BOMBPOT 1/2' 7-max Seat #1 is the button
Seat 4: 103e0fa2 ($243.08 in chips)
Seat 7: bbde68ec ($1,443.88 in chips)
Seat 2: f56d3661 ($523.63 in chips)
Seat 1: Hero ($512.62 in chips)
f56d3661: posts small blind $1
103e0fa2: posts big blind $2
*** HOLE CARDS ***
Dealt to 103e0fa2 
Dealt to bbde68ec 
Dealt to f56d3661 
Dealt to Hero [4s 6h]
bbde68ec: raises $4 to $6
Hero: folds
f56d3661: calls $5
103e0fa2: folds
*** FLOP *** [Ad 9d Tc]
f56d3661: checks
bbde68ec: bets $6
f56d3661: folds
Uncalled bet ($6) returned to bbde68ec
*** SHOWDOWN ***
bbde68ec collected $14 from pot
*** SUMMARY ***
Total pot $14
Board [Ad 9d Tc]
Seat 4: 103e0fa2(big blind) folded before Flop
Seat 7: bbde68ecwon ($14) with Ace-High
Seat 2: f56d3661(small blind) folded on the Flop
Seat 1: Hero folded before Flop (didn't bet)



Poker Hand #ring_876128735: NLH No Limit ($1/$2) - 2025/05/14 02:59:18
Table 'MR NLH BOMBPOT 1/2' 7-max Seat #7 is the button
Seat 3: cd30f7bf ($288.05 in chips)
Seat 4: 103e0fa2 ($243.08 in chips)
Seat 7: bbde68ec ($1,449.88 in chips)
Seat 2: f56d3661 ($512.44 in chips)
Seat 1: Hero ($518.62 in chips)
Hero: posts small blind $1
f56d3661: posts big blind $2
*** HOLE CARDS ***
Dealt to cd30f7bf 
Dealt to 103e0fa2 
Dealt to bbde68ec 
Dealt to f56d3661 
Dealt to Hero [Ad 5s]
cd30f7bf: folds
103e0fa2: folds
bbde68ec: raises $4 to $6
Hero: calls $5
f56d3661: calls $4
*** FLOP *** [Qs 3s Jd]
Hero: checks
f56d3661: checks
bbde68ec: checks
*** TURN *** [Qs 3s Jd] [3d]
Hero: checks
f56d3661: bets $9
bbde68ec: folds
Hero: folds
Uncalled bet ($9) returned to f56d3661
*** SHOWDOWN ***
f56d3661 collected $18 from pot
*** SUMMARY ***
Total pot $18
Board [Qs 3s Jd 3d]
Seat 3: cd30f7bf folded before Flop (didn't bet)
Seat 4: 103e0fa2 folded before Flop (didn't bet)
Seat 7: bbde68ec folded on the Turn
Seat 2: f56d3661(big blind)won ($18) with Pair of Queens and Pair of Treys
Seat 1: Hero(small blind) folded on the Turn



Poker Hand #ring_876128013: NLH No Limit ($1/$2) - 2025/05/14 02:58:48
Table 'MR NLH BOMBPOT 1/2' 7-max Seat #4 is the button
Seat 3: cd30f7bf ($290.05 in chips)
Seat 4: 103e0fa2 ($243.08 in chips)
Seat 7: bbde68ec ($1,451.88 in chips)
Seat 2: f56d3661 ($512.44 in chips)
Seat 1: Hero ($514.89 in chips)
bbde68ec: posts small blind $1
Hero: posts big blind $2
*** HOLE CARDS ***
Dealt to cd30f7bf 
Dealt to 103e0fa2 
Dealt to bbde68ec 
Dealt to f56d3661 
Dealt to Hero [Th 8s]
f56d3661: folds
cd30f7bf: calls $2
103e0fa2: folds
bbde68ec: calls $1
Hero: checks
*** FLOP *** [Jd 3s Qc]
bbde68ec: checks
Hero: bets $3
cd30f7bf: folds
bbde68ec: folds
Uncalled bet ($3) returned to Hero
*** SHOWDOWN ***
Hero collected $6 from pot
*** SUMMARY ***
Total pot $6
Board [Jd 3s Qc]
Seat 3: cd30f7bf folded on the Flop
Seat 4: 103e0fa2 folded before Flop (didn't bet)
Seat 7: bbde68ec(small blind) folded on the Flop
Seat 2: f56d3661 folded before Flop (didn't bet)
Seat 1: Hero(big blind)won ($6) with Queen-High



Poker Hand #ring_876127565: NLH No Limit ($1/$2) - 2025/05/14 02:58:29
Table 'MR NLH BOMBPOT 1/2' 7-max Seat #3 is the button
Seat 3: cd30f7bf ($287.05 in chips)
Seat 4: 103e0fa2 ($244.08 in chips)
Seat 7: bbde68ec ($1,453.88 in chips)
Seat 2: f56d3661 ($512.44 in chips)
Seat 1: Hero ($514.89 in chips)
103e0fa2: posts small blind $1
bbde68ec: posts big blind $2
*** HOLE CARDS ***
Dealt to cd30f7bf 
Dealt to 103e0fa2 
Dealt to bbde68ec 
Dealt to f56d3661 
Dealt to Hero [7c 2h]
Hero: folds
f56d3661: folds
cd30f7bf: raises $6 to $8
103e0fa2: folds
bbde68ec: folds
Uncalled bet ($6) returned to cd30f7bf
*** SHOWDOWN ***
cd30f7bf collected $5 from pot
*** SUMMARY ***
Total pot $5
Seat 3: cd30f7bfwon ($5)
Seat 4: 103e0fa2(small blind) folded before Flop
Seat 7: bbde68ec(big blind) folded before Flop
Seat 2: f56d3661 folded before Flop (didn't bet)
Seat 1: Hero folded before Flop (didn't bet)



Poker Hand #ring_876126657: NLH No Limit ($1/$2) - 2025/05/14 02:57:50
Table 'MR NLH BOMBPOT 1/2' 7-max Seat #2 is the button
Seat 3: cd30f7bf ($293.05 in chips)
Seat 4: 103e0fa2 ($246.08 in chips)
Seat 7: bbde68ec ($1,453.88 in chips)
Seat 2: f56d3661 ($499.84 in chips)
Seat 1: Hero ($520.89 in chips)
cd30f7bf: posts small blind $1
103e0fa2: posts big blind $2
*** HOLE CARDS ***
Dealt to cd30f7bf 
Dealt to 103e0fa2 
Dealt to bbde68ec 
Dealt to f56d3661 
Dealt to Hero [9d Jd]
bbde68ec: folds
Hero: raises $4 to $6
f56d3661: calls $6
cd30f7bf: calls $5
103e0fa2: folds
*** FLOP *** [2d 4c 5h]
cd30f7bf: checks
Hero: checks
f56d3661: bets $20
cd30f7bf: folds
Hero: folds
Uncalled bet ($20) returned to f56d3661
*** SHOWDOWN ***
f56d3661 collected $20 from pot
*** SUMMARY ***
Total pot $20
Board [2d 4c 5h]
Seat 3: cd30f7bf(small blind) folded on the Flop
Seat 4: 103e0fa2(big blind) folded before Flop
Seat 7: bbde68ec folded before Flop (didn't bet)
Seat 2: f56d3661won ($20) with Ace-High
Seat 1: Hero folded on the Flop



Poker Hand #ring_876125613: NLH No Limit ($1/$2) - 2025/05/14 02:57:07
Table 'MR NLH BOMBPOT 1/2' 7-max Seat #1 is the button
Seat 3: cd30f7bf ($295.05 in chips)
Seat 4: 103e0fa2 ($246.08 in chips)
Seat 7: bbde68ec ($1,453.88 in chips)
Seat 2: f56d3661 ($498.02 in chips)
Seat 1: Hero ($520.89 in chips)
f56d3661: posts small blind $1
cd30f7bf: posts big blind $2
*** HOLE CARDS ***
Dealt to cd30f7bf 
Dealt to 103e0fa2 
Dealt to bbde68ec 
Dealt to f56d3661 
Dealt to Hero [5h Jc]
103e0fa2: folds
bbde68ec: folds
Hero: folds
f56d3661: calls $1
cd30f7bf: checks
*** FLOP *** [Qh 3c Ks]
f56d3661: checks
cd30f7bf: checks
*** TURN *** [Qh 3c Ks] [7h]
f56d3661: bets $4
cd30f7bf: folds
Uncalled bet ($4) returned to f56d3661
*** SHOWDOWN ***
f56d3661 collected $4 from pot
*** SUMMARY ***
Total pot $4
Board [Qh 3c Ks 7h]
Seat 3: cd30f7bf(big blind) folded on the Turn
Seat 4: 103e0fa2 folded before Flop (didn't bet)
Seat 7: bbde68ec folded before Flop (didn't bet)
Seat 2: f56d3661(small blind)won ($4) with Pair of Treys
Seat 1: Hero folded before Flop (didn't bet)



Poker Hand #ring_876124536: NLH No Limit ($1/$2) - 2025/05/14 02:56:21
Table 'MR NLH BOMBPOT 1/2' 7-max Seat #7 is the button
Seat 3: cd30f7bf ($295.05 in chips)
Seat 4: 103e0fa2 ($256.5 in chips)
Seat 7: bbde68ec ($1,453.88 in chips)
Seat 2: f56d3661 ($488.08 in chips)
Seat 1: Hero ($521.89 in chips)
Hero: posts small blind $1
f56d3661: posts big blind $2
*** HOLE CARDS ***
Dealt to cd30f7bf 
Dealt to 103e0fa2 
Dealt to bbde68ec 
Dealt to f56d3661 
Dealt to Hero [8h 5c]
cd30f7bf: folds
103e0fa2: raises $4 to $6
bbde68ec: folds
Hero: folds
f56d3661: calls $4
*** FLOP *** [4h Kc As]
f56d3661: checks
103e0fa2: bets $4.42
f56d3661: calls $4.42
*** TURN *** [4h Kc As] [Kh]
f56d3661: checks
103e0fa2: checks
*** RIVER *** [4h Kc As Kh] [8c]
f56d3661: bets $21.84
103e0fa2: folds
Uncalled bet ($21.84) returned to f56d3661
*** SHOWDOWN ***
f56d3661 collected $21.84 from pot
*** SUMMARY ***
Total pot $21.84
Board [4h Kc As Kh 8c]
Seat 3: cd30f7bf folded before Flop (didn't bet)
Seat 4: 103e0fa2 folded on the River
Seat 7: bbde68ec folded before Flop (didn't bet)
Seat 2: f56d3661(big blind)won ($21.84) with Kings Full over Eights
Seat 1: Hero(small blind) folded before Flop



Poker Hand #ring_876123797: NLH No Limit ($1/$2) - 2025/05/14 02:55:49
Table 'MR NLH BOMBPOT 1/2' 7-max Seat #4 is the button
Seat 3: cd30f7bf ($295.05 in chips)
Seat 4: 103e0fa2 ($256.5 in chips)
Seat 7: bbde68ec ($1,454.88 in chips)
Seat 2: f56d3661 ($482.08 in chips)
Seat 1: Hero ($526.89 in chips)
bbde68ec: posts small blind $1
Hero: posts big blind $2
*** HOLE CARDS ***
Dealt to cd30f7bf 
Dealt to 103e0fa2 
Dealt to bbde68ec 
Dealt to f56d3661 
Dealt to Hero [4h Th]
f56d3661: calls $2
cd30f7bf: folds
103e0fa2: folds
bbde68ec: folds
Hero: raises $3 to $5
f56d3661: raises $11 to $16
Hero: folds
Uncalled bet ($11) returned to f56d3661
*** SHOWDOWN ***
f56d3661 collected $11 from pot
*** SUMMARY ***
Total pot $11
Seat 3: cd30f7bf folded before Flop (didn't bet)
Seat 4: 103e0fa2 folded before Flop (didn't bet)
Seat 7: bbde68ec(small blind) folded before Flop
Seat 2: f56d3661won ($11)
Seat 1: Hero(big blind) folded before Flop



Poker Hand #ring_876121838: NLH No Limit ($1/$2) - 2025/05/14 02:54:27
Table 'MR NLH BOMBPOT 1/2' 7-max Seat #3 is the button
Seat 3: cd30f7bf ($305.05 in chips)
Seat 4: 103e0fa2 ($164.5 in chips)
Seat 7: bbde68ec ($1,544.88 in chips)
Seat 2: f56d3661 ($492.08 in chips)
Seat 1: Hero ($416.84 in chips)
103e0fa2: posts the ante $10
bbde68ec: posts the ante $10
Hero: posts the ante $10
f56d3661: posts the ante $10
cd30f7bf: posts the ante $10
*** HOLE CARDS ***
Dealt to cd30f7bf 
Dealt to 103e0fa2 
Dealt to bbde68ec 
Dealt to f56d3661 
Dealt to Hero [Ac Jc]
*** FLOP *** [Ad 6h 2s]
103e0fa2: checks
bbde68ec: checks
Hero: bets $25
f56d3661: folds
cd30f7bf: folds
103e0fa2: folds
bbde68ec: raises $55 to $80
Hero: calls $55
*** TURN *** [Ad 6h 2s] [9d]
bbde68ec: checks
Hero: checks
*** RIVER *** [Ad 6h 2s 9d] [9c]
bbde68ec: checks
Hero: checks
Hero: shows [Ac Jc]
bbde68ec: shows [Jh 6s]
*** SHOWDOWN ***
Hero collected $210 from pot
*** SUMMARY ***
Total pot $210
Board [Ad 6h 2s 9d 9c]
Seat 3: cd30f7bf folded on the Flop
Seat 4: 103e0fa2(small blind) folded on the Flop
Seat 7: bbde68ec(big blind) showed [Jh 6s] and lost with Pair of Nines and Pair of Sixes
Seat 2: f56d3661 folded on the Flop
Seat 1: Hero showed [Ac Jc] and won ($210) with Pair of Aces and Pair of Nines



Poker Hand #ring_876120866: NLH No Limit ($1/$2) - 2025/05/14 02:53:47
Table 'MR NLH BOMBPOT 1/2' 7-max Seat #2 is the button
Seat 3: cd30f7bf ($313.05 in chips)
Seat 4: 103e0fa2 ($166.5 in chips)
Seat 7: bbde68ec ($1,544.88 in chips)
Seat 6: 99eb5434 ($1,059.71 in chips)
Seat 2: f56d3661 ($482.89 in chips)
Seat 1: Hero ($416.84 in chips)
cd30f7bf: posts small blind $1
103e0fa2: posts big blind $2
*** HOLE CARDS ***
Dealt to cd30f7bf 
Dealt to 103e0fa2 
Dealt to bbde68ec 
Dealt to 99eb5434 
Dealt to f56d3661 
Dealt to Hero [5s 9s]
99eb5434: folds
bbde68ec: folds
Hero: folds
f56d3661: calls $2
cd30f7bf: raises $6 to $8
103e0fa2: folds
f56d3661: calls $6
*** FLOP *** [7d 5h 4c]
cd30f7bf: checks
f56d3661: bets $9
cd30f7bf: folds
Uncalled bet ($9) returned to f56d3661
*** SHOWDOWN ***
f56d3661 collected $18 from pot
*** SUMMARY ***
Total pot $18
Board [7d 5h 4c]
Seat 3: cd30f7bf(small blind) folded on the Flop
Seat 4: 103e0fa2(big blind) folded before Flop
Seat 7: bbde68ec folded before Flop (didn't bet)
Seat 6: 99eb5434 folded before Flop (didn't bet)
Seat 2: f56d3661won ($18) with Pair of Sevens
Seat 1: Hero folded before Flop (didn't bet)



Poker Hand #ring_876119303: NLH No Limit ($1/$2) - 2025/05/14 02:52:44
Table 'MR NLH BOMBPOT 1/2' 7-max Seat #1 is the button
Seat 3: cd30f7bf ($315.05 in chips)
Seat 4: 103e0fa2 ($166.5 in chips)
Seat 7: bbde68ec ($1,544.88 in chips)
Seat 6: 99eb5434 ($945.46 in chips)
Seat 2: f56d3661 ($606.89 in chips)
Seat 1: Hero ($416.84 in chips)
f56d3661: posts small blind $1
cd30f7bf: posts big blind $2
*** HOLE CARDS ***
Dealt to cd30f7bf 
Dealt to 103e0fa2 
Dealt to bbde68ec 
Dealt to 99eb5434 
Dealt to f56d3661 
Dealt to Hero [9c 6h]
103e0fa2: folds
99eb5434: raises $7 to $9
bbde68ec: folds
Hero: folds
f56d3661: calls $8
cd30f7bf: folds
*** FLOP *** [6s 5h Qc]
f56d3661: checks
99eb5434: bets $10
f56d3661: calls $10
*** TURN *** [6s 5h Qc] [9h]
f56d3661: checks
99eb5434: bets $30
f56d3661: calls $30
*** RIVER *** [6s 5h Qc 9h] [4d]
f56d3661: checks
99eb5434: bets $75
f56d3661: calls $75
f56d3661: shows [9d 7s]
99eb5434: shows [Ac Qd]
*** SHOWDOWN ***
99eb5434 collected $250 from pot
*** SUMMARY ***
Total pot $250
Board [6s 5h Qc 9h 4d]
Seat 3: cd30f7bf(big blind) folded before Flop
Seat 4: 103e0fa2 folded before Flop (didn't bet)
Seat 7: bbde68ec folded before Flop (didn't bet)
Seat 6: 99eb5434 showed [Ac Qd] and won ($250) with Pair of Queens
Seat 2: f56d3661(small blind) showed [9d 7s] and lost with Pair of Nines
Seat 1: Hero folded before Flop (didn't bet)



Poker Hand #ring_876118023: NLH No Limit ($1/$2) - 2025/05/14 02:51:51
Table 'MR NLH BOMBPOT 1/2' 7-max Seat #7 is the button
Seat 3: cd30f7bf ($315.05 in chips)
Seat 4: 103e0fa2 ($166.5 in chips)
Seat 7: bbde68ec ($1,564.88 in chips)
Seat 6: 99eb5434 ($924.89 in chips)
Seat 2: f56d3661 ($608.89 in chips)
Seat 1: Hero ($417.84 in chips)
Hero: posts small blind $1
f56d3661: posts big blind $2
*** HOLE CARDS ***
Dealt to cd30f7bf 
Dealt to 103e0fa2 
Dealt to bbde68ec 
Dealt to 99eb5434 
Dealt to f56d3661 
Dealt to Hero [Qh Jc]
cd30f7bf: folds
103e0fa2: folds
99eb5434: raises $4 to $6
bbde68ec: raises $14 to $20
Hero: folds
f56d3661: folds
99eb5434: calls $14
*** FLOP *** [5d 6h 7d]
99eb5434: checks
bbde68ec: checks
*** TURN *** [5d 6h 7d] [9d]
99eb5434: bets $32.25
bbde68ec: folds
Uncalled bet ($32.25) returned to 99eb5434
*** SHOWDOWN ***
99eb5434 collected $43 from pot
*** SUMMARY ***
Total pot $43
Board [5d 6h 7d 9d]
Seat 3: cd30f7bf folded before Flop (didn't bet)
Seat 4: 103e0fa2 folded before Flop (didn't bet)
Seat 7: bbde68ec folded on the Turn
Seat 6: 99eb5434won ($43) with Pair of Sixes and Pair of Fives
Seat 2: f56d3661(big blind) folded before Flop
Seat 1: Hero(small blind) folded before Flop



Poker Hand #ring_876116794: NLH No Limit ($1/$2) - 2025/05/14 02:50:59
Table 'MR NLH BOMBPOT 1/2' 7-max Seat #6 is the button
Seat 3: cd30f7bf ($315.05 in chips)
Seat 4: 103e0fa2 ($166.5 in chips)
Seat 7: bbde68ec ($1,568.88 in chips)
Seat 6: 99eb5434 ($924.89 in chips)
Seat 2: f56d3661 ($608.89 in chips)
Seat 1: Hero ($414.2 in chips)
bbde68ec: posts small blind $1
Hero: posts big blind $2
*** HOLE CARDS ***
Dealt to cd30f7bf 
Dealt to 103e0fa2 
Dealt to bbde68ec 
Dealt to 99eb5434 
Dealt to f56d3661 
Dealt to Hero [4d Kh]
f56d3661: folds
cd30f7bf: folds
103e0fa2: folds
99eb5434: folds
bbde68ec: raises $2 to $4
Hero: calls $2
*** FLOP *** [Qc 2c 8c]
bbde68ec: checks
Hero: bets $4
bbde68ec: folds
Uncalled bet ($4) returned to Hero
*** SHOWDOWN ***
Hero collected $8 from pot
*** SUMMARY ***
Total pot $8
Board [Qc 2c 8c]
Seat 3: cd30f7bf folded before Flop (didn't bet)
Seat 4: 103e0fa2 folded before Flop (didn't bet)
Seat 7: bbde68ec(small blind) folded on the Flop
Seat 6: 99eb5434 folded before Flop (didn't bet)
Seat 2: f56d3661 folded before Flop (didn't bet)
Seat 1: Hero(big blind)won ($8) with King-High



Poker Hand #ring_876114172: NLH No Limit ($1/$2) - 2025/05/14 02:49:12
Table 'MR NLH BOMBPOT 1/2' 7-max Seat #4 is the button
Seat 3: cd30f7bf ($366.55 in chips)
Seat 4: 103e0fa2 ($166.5 in chips)
Seat 7: bbde68ec ($1,570.88 in chips)
Seat 6: 99eb5434 ($943.89 in chips)
Seat 2: f56d3661 ($536.74 in chips)
Seat 1: Hero ($420.2 in chips)
99eb5434: posts small blind $1
bbde68ec: posts big blind $2
*** HOLE CARDS ***
Dealt to cd30f7bf 
Dealt to 103e0fa2 
Dealt to bbde68ec 
Dealt to 99eb5434 
Dealt to f56d3661 
Dealt to Hero [8s Ks]
Hero: raises $4 to $6
f56d3661: calls $6
cd30f7bf: calls $6
103e0fa2: folds
99eb5434: calls $5
bbde68ec: folds
*** FLOP *** [2c 9c Ts]
99eb5434: bets $13
Hero: folds
f56d3661: calls $13
cd30f7bf: raises $32.5 to $45.5
99eb5434: folds
f56d3661: calls $32.5
*** TURN *** [2c 9c Ts] [5s]
f56d3661: checks
cd30f7bf: checks
*** RIVER *** [2c 9c Ts 5s] [5c]
f56d3661: checks
cd30f7bf: checks
f56d3661: shows [Jc Kc]
cd30f7bf: shows [Tc Ad]
*** SHOWDOWN ***
f56d3661 collected $130 from pot
*** SUMMARY ***
Total pot $130
Board [2c 9c Ts 5s 5c]
Seat 3: cd30f7bf showed [Tc Ad] and lost with Pair of Tens and Pair of Fives
Seat 4: 103e0fa2 folded before Flop (didn't bet)
Seat 7: bbde68ec(big blind) folded before Flop
Seat 6: 99eb5434(small blind) folded on the Flop
Seat 2: f56d3661 showed [Jc Kc] and won ($130) with King High Flush
Seat 1: Hero folded on the Flop



Poker Hand #ring_876112239: NLH No Limit ($1/$2) - 2025/05/14 02:47:51
Table 'MR NLH BOMBPOT 1/2' 7-max Seat #3 is the button
Seat 3: cd30f7bf ($389.55 in chips)
Seat 4: 103e0fa2 ($167.5 in chips)
Seat 7: bbde68ec ($1,570.88 in chips)
Seat 6: 99eb5434 ($913.91 in chips)
Seat 2: f56d3661 ($545.74 in chips)
Seat 1: Hero ($420.2 in chips)
103e0fa2: posts small blind $1
99eb5434: posts big blind $2
*** HOLE CARDS ***
Dealt to cd30f7bf 
Dealt to 103e0fa2 
Dealt to bbde68ec 
Dealt to 99eb5434 
Dealt to f56d3661 
Dealt to Hero [6c 4h]
bbde68ec: folds
Hero: folds
f56d3661: calls $2
cd30f7bf: raises $7 to $9
103e0fa2: folds
99eb5434: calls $7
f56d3661: calls $7
*** FLOP *** [2d 9s Ac]
99eb5434: checks
f56d3661: checks
cd30f7bf: bets $14
99eb5434: calls $14
f56d3661: folds
*** TURN *** [2d 9s Ac] [3d]
99eb5434: checks
cd30f7bf: checks
*** RIVER *** [2d 9s Ac 3d] [5d]
99eb5434: checks
cd30f7bf: checks
cd30f7bf: shows [8c 7c]
99eb5434: shows [Ah 8d]
*** SHOWDOWN ***
99eb5434 collected $56 from pot
*** SUMMARY ***
Total pot $56
Board [2d 9s Ac 3d 5d]
Seat 3: cd30f7bf showed [8c 7c] and lost with Ace-High
Seat 4: 103e0fa2(small blind) folded before Flop
Seat 7: bbde68ec folded before Flop (didn't bet)
Seat 6: 99eb5434(big blind) showed [Ah 8d] and won ($56) with Pair of Aces
Seat 2: f56d3661 folded on the Flop
Seat 1: Hero folded before Flop (didn't bet)



Poker Hand #ring_876110423: NLH No Limit ($1/$2) - 2025/05/14 02:46:35
Table 'MR NLH BOMBPOT 1/2' 7-max Seat #2 is the button
Seat 3: cd30f7bf ($390.55 in chips)
Seat 4: 103e0fa2 ($183 in chips)
Seat 7: bbde68ec ($1,570.88 in chips)
Seat 6: 99eb5434 ($884.54 in chips)
Seat 2: f56d3661 ($561.24 in chips)
Seat 1: Hero ($420.2 in chips)
cd30f7bf: posts small blind $1
103e0fa2: posts big blind $2
*** HOLE CARDS ***
Dealt to cd30f7bf 
Dealt to 103e0fa2 
Dealt to bbde68ec 
Dealt to 99eb5434 
Dealt to f56d3661 
Dealt to Hero [Jh 8s]
99eb5434: raises $4 to $6
bbde68ec: folds
Hero: folds
f56d3661: calls $6
cd30f7bf: folds
103e0fa2: calls $4
*** FLOP *** [5c 7d Jd]
103e0fa2: checks
99eb5434: bets $9.5
f56d3661: calls $9.5
103e0fa2: calls $9.5
*** TURN *** [5c 7d Jd] [4d]
103e0fa2: checks
99eb5434: checks
f56d3661: checks
*** RIVER *** [5c 7d Jd 4d] [Js]
103e0fa2: checks
99eb5434: bets $23.75
f56d3661: folds
103e0fa2: folds
Uncalled bet ($23.75) returned to 99eb5434
*** SHOWDOWN ***
99eb5434 collected $47.5 from pot
*** SUMMARY ***
Total pot $47.5
Board [5c 7d Jd 4d Js]
Seat 3: cd30f7bf(small blind) folded before Flop
Seat 4: 103e0fa2(big blind) folded on the River
Seat 7: bbde68ec folded before Flop (didn't bet)
Seat 6: 99eb5434won ($47.5) with Pair of Jacks and Pair of Fives
Seat 2: f56d3661 folded on the River
Seat 1: Hero folded before Flop (didn't bet)



Poker Hand #ring_876109151: NLH No Limit ($1/$2) - 2025/05/14 02:45:43
Table 'MR NLH BOMBPOT 1/2' 7-max Seat #1 is the button
Seat 3: cd30f7bf ($392.55 in chips)
Seat 4: 103e0fa2 ($183 in chips)
Seat 7: bbde68ec ($1,570.88 in chips)
Seat 6: 99eb5434 ($884.54 in chips)
Seat 2: f56d3661 ($574.24 in chips)
Seat 1: Hero ($406.96 in chips)
f56d3661: posts small blind $1
cd30f7bf: posts big blind $2
*** HOLE CARDS ***
Dealt to cd30f7bf 
Dealt to 103e0fa2 
Dealt to bbde68ec 
Dealt to 99eb5434 
Dealt to f56d3661 
Dealt to Hero [8d Kd]
103e0fa2: folds
99eb5434: folds
bbde68ec: folds
Hero: raises $4 to $6
f56d3661: calls $5
cd30f7bf: folds
*** FLOP *** [5c Jd Td]
f56d3661: bets $7
Hero: calls $7
*** TURN *** [5c Jd Td] [Kh]
f56d3661: checks
Hero: bets $22.4
f56d3661: folds
Uncalled bet ($22.4) returned to Hero
*** SHOWDOWN ***
Hero collected $28 from pot
*** SUMMARY ***
Total pot $28
Board [5c Jd Td Kh]
Seat 3: cd30f7bf(big blind) folded before Flop
Seat 4: 103e0fa2 folded before Flop (didn't bet)
Seat 7: bbde68ec folded before Flop (didn't bet)
Seat 6: 99eb5434 folded before Flop (didn't bet)
Seat 2: f56d3661(small blind) folded on the Turn
Seat 1: Herowon ($28) with Pair of Kings



Poker Hand #ring_876108011: NLH No Limit ($1/$2) - 2025/05/14 02:44:56
Table 'MR NLH BOMBPOT 1/2' 7-max Seat #7 is the button
Seat 3: cd30f7bf ($392.55 in chips)
Seat 4: 103e0fa2 ($189 in chips)
Seat 7: bbde68ec ($1,570.88 in chips)
Seat 6: 99eb5434 ($872.39 in chips)
Seat 2: f56d3661 ($580.24 in chips)
Seat 1: Hero ($407.96 in chips)
Hero: posts small blind $1
f56d3661: posts big blind $2
*** HOLE CARDS ***
Dealt to cd30f7bf 
Dealt to 103e0fa2 
Dealt to bbde68ec 
Dealt to 99eb5434 
Dealt to f56d3661 
Dealt to Hero [Ac 8h]
cd30f7bf: folds
103e0fa2: raises $4 to $6
99eb5434: calls $6
bbde68ec: folds
Hero: folds
f56d3661: calls $4
*** FLOP *** [Ad 3s Qd]
f56d3661: checks
103e0fa2: checks
99eb5434: bets $9.5
f56d3661: folds
103e0fa2: folds
Uncalled bet ($9.5) returned to 99eb5434
*** SHOWDOWN ***
99eb5434 collected $19 from pot
*** SUMMARY ***
Total pot $19
Board [Ad 3s Qd]
Seat 3: cd30f7bf folded before Flop (didn't bet)
Seat 4: 103e0fa2 folded on the Flop
Seat 7: bbde68ec folded before Flop (didn't bet)
Seat 6: 99eb5434won ($19) with Pair of Queens
Seat 2: f56d3661(big blind) folded on the Flop
Seat 1: Hero(small blind) folded before Flop



Poker Hand #ring_876107063: NLH No Limit ($1/$2) - 2025/05/14 02:44:16
Table 'MR NLH BOMBPOT 1/2' 7-max Seat #6 is the button
Seat 3: cd30f7bf ($402.55 in chips)
Seat 4: 103e0fa2 ($199 in chips)
Seat 7: bbde68ec ($1,580.88 in chips)
Seat 6: 99eb5434 ($825.59 in chips)
Seat 2: f56d3661 ($590.24 in chips)
Seat 1: Hero ($417.96 in chips)
bbde68ec: posts the ante $10
Hero: posts the ante $10
f56d3661: posts the ante $10
cd30f7bf: posts the ante $10
103e0fa2: posts the ante $10
99eb5434: posts the ante $10
*** HOLE CARDS ***
Dealt to cd30f7bf 
Dealt to 103e0fa2 
Dealt to bbde68ec 
Dealt to 99eb5434 
Dealt to f56d3661 
Dealt to Hero [Td Qc]
*** FLOP *** [3c 9s 3s]
bbde68ec: checks
Hero: checks
f56d3661: checks
cd30f7bf: checks
103e0fa2: checks
99eb5434: bets $45
bbde68ec: folds
Hero: folds
f56d3661: folds
cd30f7bf: folds
103e0fa2: folds
Uncalled bet ($45) returned to 99eb5434
*** SHOWDOWN ***
99eb5434 collected $60 from pot
*** SUMMARY ***
Total pot $60
Board [3c 9s 3s]
Seat 3: cd30f7bf folded on the Flop
Seat 4: 103e0fa2 folded on the Flop
Seat 7: bbde68ec(small blind) folded on the Flop
Seat 6: 99eb5434won ($60) with Pair of Nines and Pair of Treys
Seat 2: f56d3661 folded on the Flop
Seat 1: Hero(big blind) folded on the Flop



Poker Hand #ring_876105414: NLH No Limit ($1/$2) - 2025/05/14 02:43:09
Table 'MR NLH BOMBPOT 1/2' 7-max Seat #4 is the button
Seat 3: cd30f7bf ($402.55 in chips)
Seat 4: 103e0fa2 ($199 in chips)
Seat 7: bbde68ec ($1,582.88 in chips)
Seat 6: 99eb5434 ($831.59 in chips)
Seat 2: f56d3661 ($568.54 in chips)
Seat 1: Hero ($433.96 in chips)
99eb5434: posts small blind $1
bbde68ec: posts big blind $2
*** HOLE CARDS ***
Dealt to cd30f7bf 
Dealt to 103e0fa2 
Dealt to bbde68ec 
Dealt to 99eb5434 
Dealt to f56d3661 
Dealt to Hero [2d 2s]
Hero: raises $4 to $6
f56d3661: calls $6
cd30f7bf: folds
103e0fa2: folds
99eb5434: calls $5
bbde68ec: folds
*** FLOP *** [Th 3s 4h]
99eb5434: checks
Hero: bets $10
f56d3661: calls $10
99eb5434: folds
*** TURN *** [Th 3s 4h] [5c]
Hero: checks
f56d3661: bets $30
Hero: folds
Uncalled bet ($30) returned to f56d3661
*** SHOWDOWN ***
f56d3661 collected $40 from pot
*** SUMMARY ***
Total pot $40
Board [Th 3s 4h 5c]
Seat 3: cd30f7bf folded before Flop (didn't bet)
Seat 4: 103e0fa2 folded before Flop (didn't bet)
Seat 7: bbde68ec(big blind) folded before Flop
Seat 6: 99eb5434(small blind) folded on the Flop
Seat 2: f56d3661won ($40) with Ace-High
Seat 1: Hero folded on the Turn



Poker Hand #ring_876104803: NLH No Limit ($1/$2) - 2025/05/14 02:42:43
Table 'MR NLH BOMBPOT 1/2' 7-max Seat #3 is the button
Seat 3: cd30f7bf ($402.55 in chips)
Seat 4: 103e0fa2 ($200 in chips)
Seat 7: bbde68ec ($1,582.88 in chips)
Seat 6: 99eb5434 ($830.59 in chips)
Seat 2: f56d3661 ($568.54 in chips)
Seat 1: Hero ($433.96 in chips)
103e0fa2: posts small blind $1
99eb5434: posts big blind $2
*** HOLE CARDS ***
Dealt to cd30f7bf 
Dealt to 103e0fa2 
Dealt to bbde68ec 
Dealt to 99eb5434 
Dealt to f56d3661 
Dealt to Hero [Kd 5s]
bbde68ec: folds
Hero: folds
f56d3661: folds
cd30f7bf: folds
103e0fa2: folds
*** SHOWDOWN ***
99eb5434 collected $3 from pot
*** SUMMARY ***
Total pot $3
Seat 3: cd30f7bf folded before Flop (didn't bet)
Seat 4: 103e0fa2(small blind) folded before Flop
Seat 7: bbde68ec folded before Flop (didn't bet)
Seat 6: 99eb5434(big blind)won ($3)
Seat 2: f56d3661 folded before Flop (didn't bet)
Seat 1: Hero folded before Flop (didn't bet)



Poker Hand #ring_876103119: NLH No Limit ($1/$2) - 2025/05/14 02:41:35
Table 'MR NLH BOMBPOT 1/2' 7-max Seat #2 is the button
Seat 3: cd30f7bf ($395.27 in chips)
Seat 4: 103e0fa2 ($208 in chips)
Seat 7: bbde68ec ($1,582.88 in chips)
Seat 6: 99eb5434 ($830.59 in chips)
Seat 2: f56d3661 ($568.54 in chips)
Seat 1: Hero ($433.96 in chips)
cd30f7bf: posts small blind $1
103e0fa2: posts big blind $2
*** HOLE CARDS ***
Dealt to cd30f7bf 
Dealt to 103e0fa2 
Dealt to bbde68ec 
Dealt to 99eb5434 
Dealt to f56d3661 
Dealt to Hero [7d 4h]
99eb5434: folds
bbde68ec: folds
Hero: folds
f56d3661: folds
cd30f7bf: calls $1
103e0fa2: raises $6 to $8
cd30f7bf: calls $6
*** FLOP *** [6s 9h Qd]
cd30f7bf: checks
103e0fa2: checks
*** TURN *** [6s 9h Qd] [Kh]
cd30f7bf: checks
103e0fa2: checks
*** RIVER *** [6s 9h Qd Kh] [2c]
cd30f7bf: checks
103e0fa2: checks
cd30f7bf: shows [Ac 2h]
103e0fa2: shows [Ah 7c]
*** SHOWDOWN ***
cd30f7bf collected $16 from pot
*** SUMMARY ***
Total pot $16
Board [6s 9h Qd Kh 2c]
Seat 3: cd30f7bf(small blind) showed [Ac 2h] and won ($16) with Pair of Twos
Seat 4: 103e0fa2(big blind) showed [Ah 7c] and lost with Ace-High
Seat 7: bbde68ec folded before Flop (didn't bet)
Seat 6: 99eb5434 folded before Flop (didn't bet)
Seat 2: f56d3661 folded before Flop (didn't bet)
Seat 1: Hero folded before Flop (didn't bet)



Poker Hand #ring_876102038: NLH No Limit ($1/$2) - 2025/05/14 02:40:49
Table 'MR NLH BOMBPOT 1/2' 7-max Seat #1 is the button
Seat 3: cd30f7bf ($401.27 in chips)
Seat 7: bbde68ec ($1,582.88 in chips)
Seat 6: 99eb5434 ($842.53 in chips)
Seat 2: f56d3661 ($552.44 in chips)
Seat 1: Hero ($433.96 in chips)
f56d3661: posts small blind $1
cd30f7bf: posts big blind $2
*** HOLE CARDS ***
Dealt to cd30f7bf 
Dealt to bbde68ec 
Dealt to 99eb5434 
Dealt to f56d3661 
Dealt to Hero [5c 8h]
99eb5434: raises $4 to $6
bbde68ec: folds
Hero: folds
f56d3661: calls $5
cd30f7bf: calls $4
*** FLOP *** [Th 9c 7h]
f56d3661: checks
cd30f7bf: checks
99eb5434: checks
*** TURN *** [Th 9c 7h] [4s]
f56d3661: bets $5.94
cd30f7bf: folds
99eb5434: calls $5.94
*** RIVER *** [Th 9c 7h 4s] [4d]
f56d3661: bets $29.88
99eb5434: folds
Uncalled bet ($29.88) returned to f56d3661
*** SHOWDOWN ***
f56d3661 collected $29.88 from pot
*** SUMMARY ***
Total pot $29.88
Board [Th 9c 7h 4s 4d]
Seat 3: cd30f7bf(big blind) folded on the Turn
Seat 7: bbde68ec folded before Flop (didn't bet)
Seat 6: 99eb5434 folded on the River
Seat 2: f56d3661(small blind)won ($29.88) with Pair of Fours
Seat 1: Hero folded before Flop (didn't bet)



Poker Hand #ring_876101562: NLH No Limit ($1/$2) - 2025/05/14 02:40:31
Table 'MR NLH BOMBPOT 1/2' 7-max Seat #7 is the button
Seat 3: cd30f7bf ($401.27 in chips)
Seat 7: bbde68ec ($1,579.88 in chips)
Seat 6: 99eb5434 ($842.53 in chips)
Seat 2: f56d3661 ($554.44 in chips)
Seat 1: Hero ($434.96 in chips)
Hero: posts small blind $1
f56d3661: posts big blind $2
*** HOLE CARDS ***
Dealt to cd30f7bf 
Dealt to bbde68ec 
Dealt to 99eb5434 
Dealt to f56d3661 
Dealt to Hero [Ad 9h]
cd30f7bf: folds
99eb5434: folds
bbde68ec: raises $4 to $6
Hero: folds
f56d3661: folds
Uncalled bet ($4) returned to bbde68ec
*** SHOWDOWN ***
bbde68ec collected $5 from pot
*** SUMMARY ***
Total pot $5
Seat 3: cd30f7bf folded before Flop (didn't bet)
Seat 7: bbde68ecwon ($5)
Seat 6: 99eb5434 folded before Flop (didn't bet)
Seat 2: f56d3661(big blind) folded before Flop
Seat 1: Hero(small blind) folded before Flop



Poker Hand #ring_876099608: NLH No Limit ($1/$2) - 2025/05/14 02:39:11
Table 'MR NLH BOMBPOT 1/2' 7-max Seat #6 is the button
Seat 3: cd30f7bf ($401.27 in chips)
Seat 7: bbde68ec ($1,585.88 in chips)
Seat 6: 99eb5434 ($842.53 in chips)
Seat 2: f56d3661 ($569.44 in chips)
Seat 1: Hero ($416.08 in chips)
bbde68ec: posts small blind $1
Hero: posts big blind $2
*** HOLE CARDS ***
Dealt to cd30f7bf 
Dealt to bbde68ec 
Dealt to 99eb5434 
Dealt to f56d3661 
Dealt to Hero [9c 7c]
f56d3661: calls $2
cd30f7bf: folds
99eb5434: folds
bbde68ec: calls $1
Hero: raises $4 to $6
f56d3661: calls $4
bbde68ec: calls $4
*** FLOP *** [9s 8h 8s]
bbde68ec: checks
Hero: bets $9
f56d3661: calls $9
bbde68ec: folds
*** TURN *** [9s 8h 8s] [Jc]
Hero: bets $18
f56d3661: folds
Uncalled bet ($18) returned to Hero
*** SHOWDOWN ***
Hero collected $36 from pot
*** SUMMARY ***
Total pot $36
Board [9s 8h 8s Jc]
Seat 3: cd30f7bf folded before Flop (didn't bet)
Seat 7: bbde68ec(small blind) folded on the Flop
Seat 6: 99eb5434 folded before Flop (didn't bet)
Seat 2: f56d3661 folded on the Turn
Seat 1: Hero(big blind)won ($36) with Pair of Nines and Pair of Eights



Poker Hand #ring_876097634: NLH No Limit ($1/$2) - 2025/05/14 02:37:50
Table 'MR NLH BOMBPOT 1/2' 7-max Seat #5 is the button
Seat 3: cd30f7bf ($411.75 in chips)
Seat 7: bbde68ec ($1,587.88 in chips)
Seat 6: 99eb5434 ($878.09 in chips)
Seat 2: f56d3661 ($525.66 in chips)
Seat 5: 9f1fa18d ($986.86 in chips)
Seat 1: Hero ($416.08 in chips)
99eb5434: posts small blind $1
bbde68ec: posts big blind $2
*** HOLE CARDS ***
Dealt to cd30f7bf 
Dealt to bbde68ec 
Dealt to 99eb5434 
Dealt to f56d3661 
Dealt to 9f1fa18d 
Dealt to Hero [5d 3s]
Hero: folds
f56d3661: calls $2
cd30f7bf: calls $2
9f1fa18d: folds
99eb5434: raises $8.48 to $10.48
bbde68ec: folds
f56d3661: calls $8.48
cd30f7bf: calls $8.48
*** FLOP *** [Tc 6d 5c]
99eb5434: checks
f56d3661: checks
cd30f7bf: checks
*** TURN *** [Tc 6d 5c] [8c]
99eb5434: bets $25.08
f56d3661: calls $25.08
cd30f7bf: folds
*** RIVER *** [Tc 6d 5c 8c] [2h]
99eb5434: checks
f56d3661: checks
f56d3661: shows [Th 7d]
99eb5434: shows [Qs Ac]
*** SHOWDOWN ***
f56d3661 collected $83.6 from pot
*** SUMMARY ***
Total pot $83.6
Board [Tc 6d 5c 8c 2h]
Seat 3: cd30f7bf folded on the Turn
Seat 7: bbde68ec(big blind) folded before Flop
Seat 6: 99eb5434(small blind) showed [Qs Ac] and lost with Ace-High
Seat 2: f56d3661 showed [Th 7d] and won ($83.6) with Pair of Tens
Seat 5: 9f1fa18d folded before Flop (didn't bet)
Seat 1: Hero folded before Flop (didn't bet)



Poker Hand #ring_876096899: NLH No Limit ($1/$2) - 2025/05/14 02:37:20
Table 'MR NLH BOMBPOT 1/2' 7-max Seat #0 is the button
Seat 7: bbde68ec ($1,587.88 in chips)
Seat 6: 99eb5434 ($880.09 in chips)
Seat 2: f56d3661 ($525.66 in chips)
Seat 5: 9f1fa18d ($987.86 in chips)
Seat 1: Hero ($413.08 in chips)
9f1fa18d: posts small blind $1
99eb5434: posts big blind $2
*** HOLE CARDS ***
Dealt to bbde68ec 
Dealt to 99eb5434 
Dealt to f56d3661 
Dealt to 9f1fa18d 
Dealt to Hero [7h Th]
bbde68ec: folds
Hero: raises $4 to $6
f56d3661: folds
9f1fa18d: folds
99eb5434: folds
Uncalled bet ($4) returned to Hero
*** SHOWDOWN ***
Hero collected $5 from pot
*** SUMMARY ***
Total pot $5
Seat 7: bbde68ec folded before Flop (didn't bet)
Seat 6: 99eb5434(big blind) folded before Flop
Seat 2: f56d3661 folded before Flop (didn't bet)
Seat 5: 9f1fa18d(small blind) folded before Flop
Seat 1: Herowon ($5)



Poker Hand #ring_876096187: NLH No Limit ($1/$2) - 2025/05/14 02:36:51
Table 'MR NLH BOMBPOT 1/2' 7-max Seat #3 is the button
Seat 3: cd30f7bf ($411.75 in chips)
Seat 7: bbde68ec ($1,587.88 in chips)
Seat 6: 99eb5434 ($878.09 in chips)
Seat 2: f56d3661 ($525.66 in chips)
Seat 5: 9f1fa18d ($989.86 in chips)
Seat 1: Hero ($413.08 in chips)
9f1fa18d: posts big blind $2
*** HOLE CARDS ***
Dealt to cd30f7bf 
Dealt to bbde68ec 
Dealt to 99eb5434 
Dealt to f56d3661 
Dealt to 9f1fa18d 
Dealt to Hero [6d 2c]
99eb5434: raises $2 to $4
bbde68ec: folds
Hero: folds
f56d3661: folds
cd30f7bf: folds
9f1fa18d: folds
Uncalled bet ($2) returned to 99eb5434
*** SHOWDOWN ***
99eb5434 collected $4 from pot
*** SUMMARY ***
Total pot $4
Seat 3: cd30f7bf folded before Flop (didn't bet)
Seat 7: bbde68ec folded before Flop (didn't bet)
Seat 6: 99eb5434won ($4)
Seat 2: f56d3661 folded before Flop (didn't bet)
Seat 5: 9f1fa18d(big blind) folded before Flop
Seat 1: Hero folded before Flop (didn't bet)



Poker Hand #ring_876094146: NLH No Limit ($1/$2) - 2025/05/14 02:35:30
Table 'MR NLH BOMBPOT 1/2' 7-max Seat #2 is the button
Seat 3: cd30f7bf ($421.75 in chips)
Seat 4: 103e0fa2 ($213.47 in chips)
Seat 7: bbde68ec ($1,597.88 in chips)
Seat 6: 99eb5434 ($888.09 in chips)
Seat 2: f56d3661 ($234.68 in chips)
Seat 5: 9f1fa18d ($999.86 in chips)
Seat 1: Hero ($474.88 in chips)
cd30f7bf: posts the ante $10
103e0fa2: posts the ante $10
9f1fa18d: posts the ante $10
99eb5434: posts the ante $10
bbde68ec: posts the ante $10
Hero: posts the ante $10
f56d3661: posts the ante $10
*** HOLE CARDS ***
Dealt to cd30f7bf 
Dealt to 103e0fa2 
Dealt to bbde68ec 
Dealt to 99eb5434 
Dealt to f56d3661 
Dealt to 9f1fa18d 
Dealt to Hero [Js Ah]
*** FLOP *** [7h 8h Qh]
cd30f7bf: checks
103e0fa2: checks
9f1fa18d: checks
99eb5434: checks
bbde68ec: checks
Hero: checks
f56d3661: checks
*** TURN *** [7h 8h Qh] [7d]
cd30f7bf: checks
103e0fa2: bets $51.8
9f1fa18d: folds
99eb5434: folds
bbde68ec: folds
Hero: calls $51.8
f56d3661: calls $51.8
cd30f7bf: folds
*** RIVER *** [7h 8h Qh 7d] [Ks]
103e0fa2: bets $151.67 and is all-in
Hero: folds
f56d3661: calls $151.67
f56d3661: shows [Qs Qc]
103e0fa2: shows [7s Tc]
*** SHOWDOWN ***
f56d3661 collected $528.74 from pot
*** SUMMARY ***
Total pot $528.74
Board [7h 8h Qh 7d Ks]
Seat 3: cd30f7bf(small blind) folded on the Turn
Seat 4: 103e0fa2(big blind) showed [7s Tc] and lost with Three Sevens
Seat 7: bbde68ec folded on the Turn
Seat 6: 99eb5434 folded on the Turn
Seat 2: f56d3661 showed [Qs Qc] and won ($528.74) with Queens Full over Sevens
Seat 5: 9f1fa18d folded on the Turn
Seat 1: Hero folded on the River



Poker Hand #ring_876093608: NLH No Limit ($1/$2) - 2025/05/14 02:35:08
Table 'MR NLH BOMBPOT 1/2' 7-max Seat #1 is the button
Seat 3: cd30f7bf ($420.75 in chips)
Seat 4: 103e0fa2 ($213.47 in chips)
Seat 7: bbde68ec ($1,597.88 in chips)
Seat 6: 99eb5434 ($888.09 in chips)
Seat 2: f56d3661 ($235.68 in chips)
Seat 5: 9f1fa18d ($999.86 in chips)
Seat 1: Hero ($474.88 in chips)
f56d3661: posts small blind $1
cd30f7bf: posts big blind $2
*** HOLE CARDS ***
Dealt to cd30f7bf 
Dealt to 103e0fa2 
Dealt to bbde68ec 
Dealt to 99eb5434 
Dealt to f56d3661 
Dealt to 9f1fa18d 
Dealt to Hero [2s Kd]
103e0fa2: folds
9f1fa18d: folds
99eb5434: folds
bbde68ec: folds
Hero: folds
f56d3661: folds
*** SHOWDOWN ***
cd30f7bf collected $3 from pot
*** SUMMARY ***
Total pot $3
Seat 3: cd30f7bf(big blind)won ($3)
Seat 4: 103e0fa2 folded before Flop (didn't bet)
Seat 7: bbde68ec folded before Flop (didn't bet)
Seat 6: 99eb5434 folded before Flop (didn't bet)
Seat 2: f56d3661(small blind) folded before Flop
Seat 5: 9f1fa18d folded before Flop (didn't bet)
Seat 1: Hero folded before Flop (didn't bet)



Poker Hand #ring_876092318: NLH No Limit ($1/$2) - 2025/05/14 02:34:16
Table 'MR NLH BOMBPOT 1/2' 7-max Seat #7 is the button
Seat 3: cd30f7bf ($420.75 in chips)
Seat 4: 103e0fa2 ($213.47 in chips)
Seat 7: bbde68ec ($1,597.88 in chips)
Seat 6: 99eb5434 ($901.09 in chips)
Seat 2: f56d3661 ($210.98 in chips)
Seat 5: 9f1fa18d ($1,012.86 in chips)
Seat 1: Hero ($475.88 in chips)
Hero: posts small blind $1
f56d3661: posts big blind $2
*** HOLE CARDS ***
Dealt to cd30f7bf 
Dealt to 103e0fa2 
Dealt to bbde68ec 
Dealt to 99eb5434 
Dealt to f56d3661 
Dealt to 9f1fa18d 
Dealt to Hero [Jd 6c]
cd30f7bf: folds
103e0fa2: folds
9f1fa18d: raises $3 to $5
99eb5434: calls $5
bbde68ec: folds
Hero: folds
f56d3661: calls $3
*** FLOP *** [4d 8h 9h]
f56d3661: checks
9f1fa18d: checks
99eb5434: bets $8
f56d3661: calls $8
9f1fa18d: calls $8
*** TURN *** [4d 8h 9h] [5c]
f56d3661: bets $13.2
9f1fa18d: folds
99eb5434: folds
Uncalled bet ($13.2) returned to f56d3661
*** SHOWDOWN ***
f56d3661 collected $40 from pot
*** SUMMARY ***
Total pot $40
Board [4d 8h 9h 5c]
Seat 3: cd30f7bf folded before Flop (didn't bet)
Seat 4: 103e0fa2 folded before Flop (didn't bet)
Seat 7: bbde68ec folded before Flop (didn't bet)
Seat 6: 99eb5434 folded on the Turn
Seat 2: f56d3661(big blind)won ($40) with Pair of Eights
Seat 5: 9f1fa18d folded on the Turn
Seat 1: Hero(small blind) folded before Flop



Poker Hand #ring_876090176: NLH No Limit ($1/$2) - 2025/05/14 02:32:54
Table 'MR NLH BOMBPOT 1/2' 7-max Seat #6 is the button
Seat 3: cd30f7bf ($420.75 in chips)
Seat 4: 103e0fa2 ($213.47 in chips)
Seat 7: bbde68ec ($1,893.88 in chips)
Seat 6: 99eb5434 ($576.84 in chips)
Seat 2: f56d3661 ($238.98 in chips)
Seat 5: 9f1fa18d ($1,040.86 in chips)
Seat 1: Hero ($477.88 in chips)
bbde68ec: posts small blind $1
Hero: posts big blind $2
*** HOLE CARDS ***
Dealt to cd30f7bf 
Dealt to 103e0fa2 
Dealt to bbde68ec 
Dealt to 99eb5434 
Dealt to f56d3661 
Dealt to 9f1fa18d 
Dealt to Hero [2s 8d]
f56d3661: calls $2
cd30f7bf: folds
103e0fa2: folds
9f1fa18d: raises $3 to $5
99eb5434: calls $5
bbde68ec: raises $23 to $28
Hero: folds
f56d3661: calls $26
9f1fa18d: calls $23
99eb5434: calls $23
*** FLOP *** [Ts 8c Kc]
bbde68ec: checks
f56d3661: checks
9f1fa18d: checks
99eb5434: checks
*** TURN *** [Ts 8c Kc] [5c]
bbde68ec: bets $76
f56d3661: folds
9f1fa18d: folds
99eb5434: calls $76
*** RIVER *** [Ts 8c Kc 5c] [Ah]
bbde68ec: bets $192
99eb5434: raises $280.84 to $472.84 and is all-in
bbde68ec: folds
Uncalled bet ($280.84) returned to 99eb5434
*** SHOWDOWN ***
99eb5434 collected $650 from pot
*** SUMMARY ***
Total pot $650
Board [Ts 8c Kc 5c Ah]
Seat 3: cd30f7bf folded before Flop (didn't bet)
Seat 4: 103e0fa2 folded before Flop (didn't bet)
Seat 7: bbde68ec(small blind) folded on the River
Seat 6: 99eb5434won ($650) with Aces-High Straight
Seat 2: f56d3661 folded on the Turn
Seat 5: 9f1fa18d folded on the Turn
Seat 1: Hero(big blind) folded before Flop



Poker Hand #ring_876088069: NLH No Limit ($1/$2) - 2025/05/14 02:31:32
Table 'MR NLH BOMBPOT 1/2' 7-max Seat #5 is the button
Seat 3: cd30f7bf ($368.93 in chips)
Seat 4: 103e0fa2 ($213.47 in chips)
Seat 7: bbde68ec ($1,895.88 in chips)
Seat 6: 99eb5434 ($584.84 in chips)
Seat 2: f56d3661 ($285.98 in chips)
Seat 5: 9f1fa18d ($1,040.86 in chips)
Seat 1: Hero ($477.88 in chips)
99eb5434: posts small blind $1
bbde68ec: posts big blind $2
*** HOLE CARDS ***
Dealt to cd30f7bf 
Dealt to 103e0fa2 
Dealt to bbde68ec 
Dealt to 99eb5434 
Dealt to f56d3661 
Dealt to 9f1fa18d 
Dealt to Hero [9d 6s]
Hero: folds
f56d3661: raises $6 to $8
cd30f7bf: calls $8
103e0fa2: folds
9f1fa18d: folds
99eb5434: calls $7
bbde68ec: folds
*** FLOP *** [3d 5d 7s]
99eb5434: checks
f56d3661: bets $13
cd30f7bf: raises $26 to $39
99eb5434: folds
f56d3661: calls $26
*** TURN *** [3d 5d 7s] [Qs]
f56d3661: checks
cd30f7bf: bets $52
f56d3661: folds
Uncalled bet ($52) returned to cd30f7bf
*** SHOWDOWN ***
cd30f7bf collected $104 from pot
*** SUMMARY ***
Total pot $104
Board [3d 5d 7s Qs]
Seat 3: cd30f7bfwon ($104) with Pair of Fives and Pair of Treys
Seat 4: 103e0fa2 folded before Flop (didn't bet)
Seat 7: bbde68ec(big blind) folded before Flop
Seat 6: 99eb5434(small blind) folded on the Flop
Seat 2: f56d3661 folded on the Turn
Seat 5: 9f1fa18d folded before Flop (didn't bet)
Seat 1: Hero folded before Flop (didn't bet)



Poker Hand #ring_876087007: NLH No Limit ($1/$2) - 2025/05/14 02:30:50
Table 'MR NLH BOMBPOT 1/2' 7-max Seat #4 is the button
Seat 3: cd30f7bf ($370.93 in chips)
Seat 4: 103e0fa2 ($135.47 in chips)
Seat 7: bbde68ec ($1,895.88 in chips)
Seat 6: 99eb5434 ($581.84 in chips)
Seat 2: f56d3661 ($285.98 in chips)
Seat 5: 9f1fa18d ($1,041.86 in chips)
Seat 1: Hero ($477.88 in chips)
9f1fa18d: posts small blind $1
99eb5434: posts big blind $2
*** HOLE CARDS ***
Dealt to cd30f7bf 
Dealt to 103e0fa2 
Dealt to bbde68ec 
Dealt to 99eb5434 
Dealt to f56d3661 
Dealt to 9f1fa18d 
Dealt to Hero [Td Qh]
bbde68ec: folds
Hero: folds
f56d3661: folds
cd30f7bf: calls $2
103e0fa2: folds
9f1fa18d: folds
99eb5434: raises $24.18 to $26.18
cd30f7bf: folds
Uncalled bet ($24.18) returned to 99eb5434
*** SHOWDOWN ***
99eb5434 collected $5 from pot
*** SUMMARY ***
Total pot $5
Seat 3: cd30f7bf folded before Flop
Seat 4: 103e0fa2 folded before Flop (didn't bet)
Seat 7: bbde68ec folded before Flop (didn't bet)
Seat 6: 99eb5434(big blind)won ($5)
Seat 2: f56d3661 folded before Flop (didn't bet)
Seat 5: 9f1fa18d(small blind) folded before Flop
Seat 1: Hero folded before Flop (didn't bet)



Poker Hand #ring_876085452: NLH No Limit ($1/$2) - 2025/05/14 02:29:49
Table 'MR NLH BOMBPOT 1/2' 7-max Seat #3 is the button
Seat 3: cd30f7bf ($378.93 in chips)
Seat 4: 103e0fa2 ($136.47 in chips)
Seat 7: bbde68ec ($1,920.38 in chips)
Seat 6: 99eb5434 ($543.81 in chips)
Seat 2: f56d3661 ($285.98 in chips)
Seat 5: 9f1fa18d ($1,049.86 in chips)
Seat 1: Hero ($477.88 in chips)
103e0fa2: posts small blind $1
9f1fa18d: posts big blind $2
*** HOLE CARDS ***
Dealt to cd30f7bf 
Dealt to 103e0fa2 
Dealt to bbde68ec 
Dealt to 99eb5434 
Dealt to f56d3661 
Dealt to 9f1fa18d 
Dealt to Hero [5h Js]
99eb5434: raises $6 to $8
bbde68ec: calls $8
Hero: folds
f56d3661: folds
cd30f7bf: calls $8
103e0fa2: folds
9f1fa18d: calls $6
*** FLOP *** [6c 2c Ad]
9f1fa18d: checks
99eb5434: bets $16.5
bbde68ec: calls $16.5
cd30f7bf: folds
9f1fa18d: folds
*** TURN *** [6c 2c Ad] [6s]
99eb5434: bets $49.5
bbde68ec: folds
Uncalled bet ($49.5) returned to 99eb5434
*** SHOWDOWN ***
99eb5434 collected $66 from pot
*** SUMMARY ***
Total pot $66
Board [6c 2c Ad 6s]
Seat 3: cd30f7bf folded on the Flop
Seat 4: 103e0fa2(small blind) folded before Flop
Seat 7: bbde68ec folded on the Turn
Seat 6: 99eb5434won ($66) with Pair of Aces and Pair of Sixes
Seat 2: f56d3661 folded before Flop (didn't bet)
Seat 5: 9f1fa18d(big blind) folded on the Flop
Seat 1: Hero folded before Flop (didn't bet)



Poker Hand #ring_876083680: NLH No Limit ($1/$2) - 2025/05/14 02:28:38
Table 'MR NLH BOMBPOT 1/2' 7-max Seat #2 is the button
Seat 3: cd30f7bf ($379.93 in chips)
Seat 4: 103e0fa2 ($141.47 in chips)
Seat 7: bbde68ec ($1,920.38 in chips)
Seat 6: 99eb5434 ($564.56 in chips)
Seat 2: f56d3661 ($257.09 in chips)
Seat 5: 9f1fa18d ($1,054.86 in chips)
Seat 1: Hero ($477.88 in chips)
cd30f7bf: posts small blind $1
103e0fa2: posts big blind $2
*** HOLE CARDS ***
Dealt to cd30f7bf 
Dealt to 103e0fa2 
Dealt to bbde68ec 
Dealt to 99eb5434 
Dealt to f56d3661 
Dealt to 9f1fa18d 
Dealt to Hero [8h Ad]
9f1fa18d: raises $3 to $5
99eb5434: calls $5
bbde68ec: folds
Hero: folds
f56d3661: calls $5
cd30f7bf: folds
103e0fa2: calls $3
*** FLOP *** [Td 6d 3h]
103e0fa2: checks
9f1fa18d: checks
99eb5434: bets $15.75
f56d3661: calls $15.75
103e0fa2: folds
9f1fa18d: folds
*** TURN *** [Td 6d 3h] [4s]
99eb5434: checks
f56d3661: bets $26.25
99eb5434: folds
Uncalled bet ($26.25) returned to f56d3661
*** SHOWDOWN ***
f56d3661 collected $52.5 from pot
*** SUMMARY ***
Total pot $52.5
Board [Td 6d 3h 4s]
Seat 3: cd30f7bf(small blind) folded before Flop
Seat 4: 103e0fa2(big blind) folded on the Flop
Seat 7: bbde68ec folded before Flop (didn't bet)
Seat 6: 99eb5434 folded on the Turn
Seat 2: f56d3661won ($52.5) with Jack-High
Seat 5: 9f1fa18d folded on the Flop
Seat 1: Hero folded before Flop (didn't bet)



Poker Hand #ring_876083039: NLH No Limit ($1/$2) - 2025/05/14 02:28:13
Table 'MR NLH BOMBPOT 1/2' 7-max Seat #1 is the button
Seat 3: cd30f7bf ($381.93 in chips)
Seat 4: 103e0fa2 ($141.47 in chips)
Seat 7: bbde68ec ($1,917.38 in chips)
Seat 6: 99eb5434 ($564.56 in chips)
Seat 2: f56d3661 ($258.09 in chips)
Seat 5: 9f1fa18d ($1,054.86 in chips)
Seat 1: Hero ($477.88 in chips)
f56d3661: posts small blind $1
cd30f7bf: posts big blind $2
*** HOLE CARDS ***
Dealt to cd30f7bf 
Dealt to 103e0fa2 
Dealt to bbde68ec 
Dealt to 99eb5434 
Dealt to f56d3661 
Dealt to 9f1fa18d 
Dealt to Hero [8h Ks]
103e0fa2: folds
9f1fa18d: folds
99eb5434: folds
bbde68ec: raises $4 to $6
Hero: folds
f56d3661: folds
cd30f7bf: folds
Uncalled bet ($4) returned to bbde68ec
*** SHOWDOWN ***
bbde68ec collected $5 from pot
*** SUMMARY ***
Total pot $5
Seat 3: cd30f7bf(big blind) folded before Flop
Seat 4: 103e0fa2 folded before Flop (didn't bet)
Seat 7: bbde68ecwon ($5)
Seat 6: 99eb5434 folded before Flop (didn't bet)
Seat 2: f56d3661(small blind) folded before Flop
Seat 5: 9f1fa18d folded before Flop (didn't bet)
Seat 1: Hero folded before Flop (didn't bet)



Poker Hand #ring_876081593: NLH No Limit ($1/$2) - 2025/05/14 02:27:14
Table 'MR NLH BOMBPOT 1/2' 7-max Seat #7 is the button
Seat 3: cd30f7bf ($383.93 in chips)
Seat 4: 103e0fa2 ($141.47 in chips)
Seat 7: bbde68ec ($1,917.38 in chips)
Seat 6: 99eb5434 ($618.31 in chips)
Seat 2: f56d3661 ($260.09 in chips)
Seat 5: 9f1fa18d ($1,001.67 in chips)
Seat 1: Hero ($478.88 in chips)
Hero: posts small blind $1
f56d3661: posts big blind $2
*** HOLE CARDS ***
Dealt to cd30f7bf 
Dealt to 103e0fa2 
Dealt to bbde68ec 
Dealt to 99eb5434 
Dealt to f56d3661 
Dealt to 9f1fa18d 
Dealt to Hero [6d 2c]
cd30f7bf: calls $2
103e0fa2: folds
9f1fa18d: raises $3 to $5
99eb5434: raises $15 to $20
bbde68ec: folds
Hero: folds
f56d3661: folds
cd30f7bf: folds
9f1fa18d: calls $15
*** FLOP *** [4c 8h Ah]
9f1fa18d: checks
99eb5434: bets $33.75
9f1fa18d: calls $33.75
*** TURN *** [4c 8h Ah] [Jc]
9f1fa18d: checks
99eb5434: checks
*** RIVER *** [4c 8h Ah Jc] [2h]
9f1fa18d: checks
99eb5434: checks
9f1fa18d: shows [7c Ac]
99eb5434: shows [Kd Qc]
*** SHOWDOWN ***
9f1fa18d collected $112.5 from pot
*** SUMMARY ***
Total pot $112.5
Board [4c 8h Ah Jc 2h]
Seat 3: cd30f7bf folded before Flop
Seat 4: 103e0fa2 folded before Flop (didn't bet)
Seat 7: bbde68ec folded before Flop (didn't bet)
Seat 6: 99eb5434 showed [Kd Qc] and lost with Ace-High
Seat 2: f56d3661(big blind) folded before Flop
Seat 5: 9f1fa18d showed [7c Ac] and won ($112.5) with Pair of Aces
Seat 1: Hero(small blind) folded before Flop



Poker Hand #ring_876079669: NLH No Limit ($1/$2) - 2025/05/14 02:25:59
Table 'MR NLH BOMBPOT 1/2' 7-max Seat #6 is the button
Seat 3: cd30f7bf ($393.93 in chips)
Seat 4: 103e0fa2 ($172.47 in chips)
Seat 7: bbde68ec ($1,927.38 in chips)
Seat 6: 99eb5434 ($628.31 in chips)
Seat 2: f56d3661 ($270.09 in chips)
Seat 5: 9f1fa18d ($1,011.67 in chips)
Seat 1: Hero ($403.42 in chips)
bbde68ec: posts the ante $10
Hero: posts the ante $10
f56d3661: posts the ante $10
cd30f7bf: posts the ante $10
103e0fa2: posts the ante $10
9f1fa18d: posts the ante $10
99eb5434: posts the ante $10
*** HOLE CARDS ***
Dealt to cd30f7bf 
Dealt to 103e0fa2 
Dealt to bbde68ec 
Dealt to 99eb5434 
Dealt to f56d3661 
Dealt to 9f1fa18d 
Dealt to Hero [Jc 9s]
*** FLOP *** [Qd Qs 6s]
bbde68ec: checks
Hero: checks
f56d3661: checks
cd30f7bf: checks
103e0fa2: checks
9f1fa18d: checks
99eb5434: checks
*** TURN *** [Qd Qs 6s] [Th]
bbde68ec: checks
Hero: bets $21
f56d3661: folds
cd30f7bf: folds
103e0fa2: calls $21
9f1fa18d: folds
99eb5434: folds
bbde68ec: folds
*** RIVER *** [Qd Qs 6s Th] [3s]
Hero: bets $56
103e0fa2: folds
Uncalled bet ($56) returned to Hero
*** SHOWDOWN ***
Hero collected $112 from pot
*** SUMMARY ***
Total pot $112
Board [Qd Qs 6s Th 3s]
Seat 3: cd30f7bf folded on the Turn
Seat 4: 103e0fa2 folded on the River
Seat 7: bbde68ec(small blind) folded on the Turn
Seat 6: 99eb5434 folded on the Turn
Seat 2: f56d3661 folded on the Turn
Seat 5: 9f1fa18d folded on the Turn
Seat 1: Hero(big blind)won ($112) with Pair of Queens



Poker Hand #ring_876078770: NLH No Limit ($1/$2) - 2025/05/14 02:25:24
Table 'MR NLH BOMBPOT 1/2' 7-max Seat #5 is the button
Seat 3: cd30f7bf ($393.93 in chips)
Seat 4: 103e0fa2 ($172.47 in chips)
Seat 7: bbde68ec ($1,929.38 in chips)
Seat 6: 99eb5434 ($629.31 in chips)
Seat 2: f56d3661 ($237.09 in chips)
Seat 5: 9f1fa18d ($1,041.67 in chips)
Seat 1: Hero ($403.42 in chips)
99eb5434: posts small blind $1
bbde68ec: posts big blind $2
*** HOLE CARDS ***
Dealt to cd30f7bf 
Dealt to 103e0fa2 
Dealt to bbde68ec 
Dealt to 99eb5434 
Dealt to f56d3661 
Dealt to 9f1fa18d 
Dealt to Hero [9h Qs]
Hero: folds
f56d3661: raises $6 to $8
cd30f7bf: folds
103e0fa2: folds
9f1fa18d: raises $22 to $30
99eb5434: folds
bbde68ec: folds
f56d3661: raises $207.09 to $237.09 and is all-in
9f1fa18d: folds
Uncalled bet ($207.09) returned to f56d3661
*** SHOWDOWN ***
f56d3661 collected $63 from pot
*** SUMMARY ***
Total pot $63
Seat 3: cd30f7bf folded before Flop (didn't bet)
Seat 4: 103e0fa2 folded before Flop (didn't bet)
Seat 7: bbde68ec(big blind) folded before Flop
Seat 6: 99eb5434(small blind) folded before Flop
Seat 2: f56d3661won ($63)
Seat 5: 9f1fa18d folded before Flop
Seat 1: Hero folded before Flop (didn't bet)



Poker Hand #ring_876076811: NLH No Limit ($1/$2) - 2025/05/14 02:24:06
Table 'MR NLH BOMBPOT 1/2' 7-max Seat #4 is the button
Seat 3: cd30f7bf ($399.93 in chips)
Seat 4: 103e0fa2 ($178.47 in chips)
Seat 7: bbde68ec ($1,821.87 in chips)
Seat 6: 99eb5434 ($631.31 in chips)
Seat 2: f56d3661 ($237.09 in chips)
Seat 5: 9f1fa18d ($1,145.67 in chips)
Seat 1: Hero ($403.42 in chips)
9f1fa18d: posts small blind $1
99eb5434: posts big blind $2
*** HOLE CARDS ***
Dealt to cd30f7bf 
Dealt to 103e0fa2 
Dealt to bbde68ec 
Dealt to 99eb5434 
Dealt to f56d3661 
Dealt to 9f1fa18d 
Dealt to Hero [3c Qs]
bbde68ec: raises $4 to $6
Hero: folds
f56d3661: folds
cd30f7bf: calls $6
103e0fa2: calls $6
9f1fa18d: raises $34 to $40
99eb5434: folds
bbde68ec: raises $64 to $104
cd30f7bf: folds
103e0fa2: folds
9f1fa18d: calls $64
*** FLOP *** [Tc 7c 8s]
9f1fa18d: checks
bbde68ec: bets $176
9f1fa18d: folds
Uncalled bet ($176) returned to bbde68ec
cd30f7bf: shows [Td 8d]
*** SHOWDOWN ***
bbde68ec collected $222 from pot
*** SUMMARY ***
Total pot $222
Board [Tc 7c 8s]
Seat 3: cd30f7bf folded before Flop
Seat 4: 103e0fa2 folded before Flop
Seat 7: bbde68ecwon ($222) with Ace-High
Seat 6: 99eb5434(big blind) folded before Flop
Seat 2: f56d3661 folded before Flop (didn't bet)
Seat 5: 9f1fa18d(small blind) folded on the Flop
Seat 1: Hero folded before Flop (didn't bet)



Poker Hand #ring_876074896: NLH No Limit ($1/$2) - 2025/05/14 02:22:51
Table 'MR NLH BOMBPOT 1/2' 7-max Seat #3 is the button
Seat 3: cd30f7bf ($376.27 in chips)
Seat 4: 103e0fa2 ($179.47 in chips)
Seat 7: bbde68ec ($1,821.87 in chips)
Seat 6: 99eb5434 ($631.31 in chips)
Seat 2: f56d3661 ($260.49 in chips)
Seat 5: 9f1fa18d ($1,147.67 in chips)
Seat 1: Hero ($403.42 in chips)
103e0fa2: posts small blind $1
9f1fa18d: posts big blind $2
*** HOLE CARDS ***
Dealt to cd30f7bf 
Dealt to 103e0fa2 
Dealt to bbde68ec 
Dealt to 99eb5434 
Dealt to f56d3661 
Dealt to 9f1fa18d 
Dealt to Hero [Tc 3h]
99eb5434: folds
bbde68ec: folds
Hero: folds
f56d3661: raises $4 to $6
cd30f7bf: calls $6
103e0fa2: folds
9f1fa18d: folds
*** FLOP *** [Qc 2h 4c]
f56d3661: bets $7.5
cd30f7bf: calls $7.5
*** TURN *** [Qc 2h 4c] [4h]
f56d3661: bets $9.9
cd30f7bf: calls $9.9
*** RIVER *** [Qc 2h 4c 4h] [3c]
f56d3661: checks
cd30f7bf: checks
f56d3661: shows [Ad Jh]
cd30f7bf: shows [2d 3d]
*** SHOWDOWN ***
cd30f7bf collected $49.8 from pot
*** SUMMARY ***
Total pot $49.8
Board [Qc 2h 4c 4h 3c]
Seat 3: cd30f7bf showed [2d 3d] and won ($49.8) with Pair of Fours and Pair of Treys
Seat 4: 103e0fa2(small blind) folded before Flop
Seat 7: bbde68ec folded before Flop (didn't bet)
Seat 6: 99eb5434 folded before Flop (didn't bet)
Seat 2: f56d3661 showed [Ad Jh] and lost with Pair of Fours
Seat 5: 9f1fa18d(big blind) folded before Flop
Seat 1: Hero folded before Flop (didn't bet)



Poker Hand #ring_876074144: NLH No Limit ($1/$2) - 2025/05/14 02:22:22
Table 'MR NLH BOMBPOT 1/2' 7-max Seat #2 is the button
Seat 3: cd30f7bf ($374.27 in chips)
Seat 4: 103e0fa2 ($181.47 in chips)
Seat 7: bbde68ec ($1,821.87 in chips)
Seat 6: 99eb5434 ($631.31 in chips)
Seat 2: f56d3661 ($260.49 in chips)
Seat 5: 9f1fa18d ($1,147.67 in chips)
Seat 1: Hero ($403.42 in chips)
cd30f7bf: posts small blind $1
103e0fa2: posts big blind $2
*** HOLE CARDS ***
Dealt to cd30f7bf 
Dealt to 103e0fa2 
Dealt to bbde68ec 
Dealt to 99eb5434 
Dealt to f56d3661 
Dealt to 9f1fa18d 
Dealt to Hero [Th Js]
9f1fa18d: folds
99eb5434: folds
bbde68ec: folds
Hero: folds
f56d3661: folds
cd30f7bf: raises $6 to $8
103e0fa2: folds
Uncalled bet ($6) returned to cd30f7bf
*** SHOWDOWN ***
cd30f7bf collected $4 from pot
*** SUMMARY ***
Total pot $4
Seat 3: cd30f7bf(small blind)won ($4)
Seat 4: 103e0fa2(big blind) folded before Flop
Seat 7: bbde68ec folded before Flop (didn't bet)
Seat 6: 99eb5434 folded before Flop (didn't bet)
Seat 2: f56d3661 folded before Flop (didn't bet)
Seat 5: 9f1fa18d folded before Flop (didn't bet)
Seat 1: Hero folded before Flop (didn't bet)



Poker Hand #ring_876073093: NLH No Limit ($1/$2) - 2025/05/14 02:21:41
Table 'MR NLH BOMBPOT 1/2' 7-max Seat #1 is the button
Seat 3: cd30f7bf ($380.27 in chips)
Seat 4: 103e0fa2 ($181.47 in chips)
Seat 7: bbde68ec ($1,821.87 in chips)
Seat 6: 99eb5434 ($631.31 in chips)
Seat 2: f56d3661 ($261.49 in chips)
Seat 5: 9f1fa18d ($1,147.67 in chips)
Seat 1: Hero ($397 in chips)
f56d3661: posts small blind $1
cd30f7bf: posts big blind $2
*** HOLE CARDS ***
Dealt to cd30f7bf 
Dealt to 103e0fa2 
Dealt to bbde68ec 
Dealt to 99eb5434 
Dealt to f56d3661 
Dealt to 9f1fa18d 
Dealt to Hero [Kh Js]
103e0fa2: folds
9f1fa18d: folds
99eb5434: folds
bbde68ec: folds
Hero: raises $4 to $6
f56d3661: folds
cd30f7bf: calls $4
*** FLOP *** [Qh 9s 2d]
cd30f7bf: checks
Hero: bets $6.5
cd30f7bf: folds
Uncalled bet ($6.5) returned to Hero
*** SHOWDOWN ***
Hero collected $13 from pot
*** SUMMARY ***
Total pot $13
Board [Qh 9s 2d]
Seat 3: cd30f7bf(big blind) folded on the Flop
Seat 4: 103e0fa2 folded before Flop (didn't bet)
Seat 7: bbde68ec folded before Flop (didn't bet)
Seat 6: 99eb5434 folded before Flop (didn't bet)
Seat 2: f56d3661(small blind) folded before Flop
Seat 5: 9f1fa18d folded before Flop (didn't bet)
Seat 1: Herowon ($13) with King-High



Poker Hand #ring_876072117: NLH No Limit ($1/$2) - 2025/05/14 02:21:03
Table 'MR NLH BOMBPOT 1/2' 7-max Seat #7 is the button
Seat 3: cd30f7bf ($380.27 in chips)
Seat 4: 103e0fa2 ($181.47 in chips)
Seat 7: bbde68ec ($1,821.87 in chips)
Seat 6: 99eb5434 ($647.06 in chips)
Seat 2: f56d3661 ($246.7 in chips)
Seat 5: 9f1fa18d ($1,147.67 in chips)
Seat 1: Hero ($398 in chips)
Hero: posts small blind $1
f56d3661: posts big blind $2
*** HOLE CARDS ***
Dealt to cd30f7bf 
Dealt to 103e0fa2 
Dealt to bbde68ec 
Dealt to 99eb5434 
Dealt to f56d3661 
Dealt to 9f1fa18d 
Dealt to Hero [2h 8d]
cd30f7bf: folds
103e0fa2: folds
9f1fa18d: folds
99eb5434: raises $4 to $6
bbde68ec: folds
Hero: folds
f56d3661: raises $9.75 to $15.75
99eb5434: calls $9.75
*** FLOP *** [6s Ad 2d]
f56d3661: bets $24.37
99eb5434: folds
Uncalled bet ($24.37) returned to f56d3661
*** SHOWDOWN ***
f56d3661 collected $32.5 from pot
*** SUMMARY ***
Total pot $32.5
Board [6s Ad 2d]
Seat 3: cd30f7bf folded before Flop (didn't bet)
Seat 4: 103e0fa2 folded before Flop (didn't bet)
Seat 7: bbde68ec folded before Flop (didn't bet)
Seat 6: 99eb5434 folded on the Flop
Seat 2: f56d3661(big blind)won ($32.5) with Pair of Aces
Seat 5: 9f1fa18d folded before Flop (didn't bet)
Seat 1: Hero(small blind) folded before Flop



Poker Hand #ring_876069716: NLH No Limit ($1/$2) - 2025/05/14 02:19:27
Table 'MR NLH BOMBPOT 1/2' 7-max Seat #6 is the button
Seat 3: cd30f7bf ($386.27 in chips)
Seat 4: 103e0fa2 ($181.47 in chips)
Seat 7: bbde68ec ($1,822.87 in chips)
Seat 6: 99eb5434 ($771.98 in chips)
Seat 2: f56d3661 ($124.92 in chips)
Seat 5: 9f1fa18d ($1,147.67 in chips)
Seat 1: Hero ($400 in chips)
bbde68ec: posts small blind $1
Hero: posts big blind $2
*** HOLE CARDS ***
Dealt to cd30f7bf 
Dealt to 103e0fa2 
Dealt to bbde68ec 
Dealt to 99eb5434 
Dealt to f56d3661 
Dealt to 9f1fa18d 
Dealt to Hero [5d Qh]
f56d3661: calls $2
cd30f7bf: calls $2
103e0fa2: folds
9f1fa18d: folds
99eb5434: raises $4 to $6
bbde68ec: folds
Hero: folds
f56d3661: calls $4
cd30f7bf: calls $4
*** FLOP *** [8h Kh 6s]
f56d3661: checks
cd30f7bf: checks
99eb5434: bets $10.5
f56d3661: calls $10.5
cd30f7bf: folds
*** TURN *** [8h Kh 6s] [2h]
f56d3661: bets $31.5
99eb5434: calls $31.5
*** RIVER *** [8h Kh 6s 2h] [Ac]
f56d3661: checks
99eb5434: bets $105
f56d3661: calls $76.92 and is all-in
Uncalled bet ($28.08) returned to 99eb5434
f56d3661: shows [Ad 7c]
99eb5434: shows [9s Th]
*** SHOWDOWN ***
f56d3661 collected $258.84 from pot
*** SUMMARY ***
Total pot $258.84
Board [8h Kh 6s 2h Ac]
Seat 3: cd30f7bf folded on the Flop
Seat 4: 103e0fa2 folded before Flop (didn't bet)
Seat 7: bbde68ec(small blind) folded before Flop
Seat 6: 99eb5434 showed [9s Th] and lost with Ace-High
Seat 2: f56d3661 showed [Ad 7c] and won ($258.84) with Pair of Aces
Seat 5: 9f1fa18d folded before Flop (didn't bet)
Seat 1: Hero(big blind) folded before Flop



