Poker Hand #ring_852722434: NLH No Limit ($1/$2) - 2025/05/01 18:22:31
Table 'MR NLH 1/2' 7-max Seat #6 is the button
Seat 1: b0410dd1 ($472.82 in chips)
Seat 2: fd75c12d ($354.55 in chips)
Seat 6: ed971570 ($288.06 in chips)
Seat 3: Hero ($516.48 in chips)
b0410dd1: posts small blind $1
fd75c12d: posts big blind $2
*** HOLE CARDS ***
Dealt to b0410dd1 
Dealt to fd75c12d 
Dealt to ed971570 
Dealt to Hero [6c 7h]
Hero: folds
ed971570: folds
b0410dd1: raises $4 to $6
fd75c12d: calls $4
*** FLOP *** [5c Jh 4d]
b0410dd1: bets $3.96
fd75c12d: calls $3.96
*** TURN *** [5c Jh 4d] [4s]
b0410dd1: checks
fd75c12d: checks
*** RIVER *** [5c Jh 4d 4s] [Td]
b0410dd1: checks
fd75c12d: bets $14.94
b0410dd1: folds
Uncalled bet ($14.94) returned to fd75c12d
*** SHOWDOWN ***
fd75c12d collected $19.92 from pot
*** SUMMARY ***
Total pot $19.92
Board [5c Jh 4d 4s Td]
Seat 1: b0410dd1(small blind) folded on the River
Seat 2: fd75c12d(big blind)won ($19.92) with Three Fours
Seat 6: ed971570 folded before Flop (didn't bet)
Seat 3: Hero folded before Flop (didn't bet)



Poker Hand #ring_852721979: NLH No Limit ($1/$2) - 2025/05/01 18:22:12
Table 'MR NLH 1/2' 7-max Seat #3 is the button
Seat 1: b0410dd1 ($474.82 in chips)
Seat 2: fd75c12d ($354.55 in chips)
Seat 6: ed971570 ($286.06 in chips)
Seat 3: Hero ($516.48 in chips)
ed971570: posts small blind $1
b0410dd1: posts big blind $2
*** HOLE CARDS ***
Dealt to b0410dd1 
Dealt to fd75c12d 
Dealt to ed971570 
Dealt to Hero [8d 4s]
fd75c12d: folds
Hero: folds
ed971570: raises $4 to $6
b0410dd1: folds
Uncalled bet ($4) returned to ed971570
*** SHOWDOWN ***
ed971570 collected $4 from pot
*** SUMMARY ***
Total pot $4
Seat 1: b0410dd1(big blind) folded before Flop
Seat 2: fd75c12d folded before Flop (didn't bet)
Seat 6: ed971570(small blind)won ($4)
Seat 3: Hero folded before Flop (didn't bet)



Poker Hand #ring_852721341: NLH No Limit ($1/$2) - 2025/05/01 18:21:43
Table 'MR NLH 1/2' 7-max Seat #2 is the button
Seat 1: b0410dd1 ($474.82 in chips)
Seat 2: fd75c12d ($354.55 in chips)
Seat 7: f48f6725 ($323.9 in chips)
Seat 6: ed971570 ($288.06 in chips)
Seat 3: Hero ($517.48 in chips)
Hero: posts small blind $1
ed971570: posts big blind $2
*** HOLE CARDS ***
Dealt to b0410dd1 
Dealt to fd75c12d 
Dealt to f48f6725 
Dealt to ed971570 
Dealt to Hero [4d 8d]
f48f6725: raises $4 to $6
b0410dd1: folds
fd75c12d: folds
Hero: folds
ed971570: folds
Uncalled bet ($4) returned to f48f6725
*** SHOWDOWN ***
f48f6725 collected $5 from pot
*** SUMMARY ***
Total pot $5
Seat 1: b0410dd1 folded before Flop (didn't bet)
Seat 2: fd75c12d folded before Flop (didn't bet)
Seat 7: f48f6725won ($5)
Seat 6: ed971570(big blind) folded before Flop
Seat 3: Hero(small blind) folded before Flop



Poker Hand #ring_852720638: NLH No Limit ($1/$2) - 2025/05/01 18:21:12
Table 'MR NLH 1/2' 7-max Seat #1 is the button
Seat 1: b0410dd1 ($474.82 in chips)
Seat 2: fd75c12d ($355.55 in chips)
Seat 7: f48f6725 ($343.9 in chips)
Seat 6: ed971570 ($265.06 in chips)
Seat 3: Hero ($519.48 in chips)
fd75c12d: posts small blind $1
Hero: posts big blind $2
*** HOLE CARDS ***
Dealt to b0410dd1 
Dealt to fd75c12d 
Dealt to f48f6725 
Dealt to ed971570 
Dealt to Hero [5s Jc]
ed971570: raises $4 to $6
f48f6725: raises $14 to $20
b0410dd1: folds
fd75c12d: folds
Hero: folds
ed971570: raises $245.06 to $265.06 and is all-in
f48f6725: folds
Uncalled bet ($245.06) returned to ed971570
*** SHOWDOWN ***
ed971570 collected $43 from pot
*** SUMMARY ***
Total pot $43
Seat 1: b0410dd1 folded before Flop (didn't bet)
Seat 2: fd75c12d(small blind) folded before Flop
Seat 7: f48f6725 folded before Flop
Seat 6: ed971570won ($43)
Seat 3: Hero(big blind) folded before Flop



Poker Hand #ring_852719747: NLH No Limit ($1/$2) - 2025/05/01 18:20:33
Table 'MR NLH 1/2' 7-max Seat #7 is the button
Seat 1: b0410dd1 ($475.82 in chips)
Seat 2: fd75c12d ($340.53 in chips)
Seat 7: f48f6725 ($359.9 in chips)
Seat 6: ed971570 ($265.06 in chips)
Seat 3: Hero ($519.48 in chips)
b0410dd1: posts small blind $1
fd75c12d: posts big blind $2
*** HOLE CARDS ***
Dealt to b0410dd1 
Dealt to fd75c12d 
Dealt to f48f6725 
Dealt to ed971570 
Dealt to Hero [Ts 6h]
Hero: folds
ed971570: folds
f48f6725: raises $3 to $5
b0410dd1: folds
fd75c12d: calls $3
*** FLOP *** [6c 2h 5d]
fd75c12d: checks
f48f6725: bets $11
fd75c12d: raises $24.75 to $35.75
f48f6725: folds
Uncalled bet ($24.75) returned to fd75c12d
*** SHOWDOWN ***
fd75c12d collected $33 from pot
*** SUMMARY ***
Total pot $33
Board [6c 2h 5d]
Seat 1: b0410dd1(small blind) folded before Flop
Seat 2: fd75c12d(big blind)won ($33) with Pair of Sixes and Pair of Fives
Seat 7: f48f6725 folded on the Flop
Seat 6: ed971570 folded before Flop (didn't bet)
Seat 3: Hero folded before Flop (didn't bet)



Poker Hand #ring_852717548: NLH No Limit ($1/$2) - 2025/05/01 18:18:55
Table 'MR NLH 1/2' 7-max Seat #6 is the button
Seat 1: b0410dd1 ($428.64 in chips)
Seat 2: fd75c12d ($384.53 in chips)
Seat 7: f48f6725 ($367.9 in chips)
Seat 6: ed971570 ($265.06 in chips)
Seat 3: Hero ($519.48 in chips)
f48f6725: posts small blind $1
b0410dd1: posts big blind $2
*** HOLE CARDS ***
Dealt to b0410dd1 
Dealt to fd75c12d 
Dealt to f48f6725 
Dealt to ed971570 
Dealt to Hero [5d 8s]
fd75c12d: calls $2
Hero: folds
ed971570: folds
f48f6725: raises $6 to $8
b0410dd1: calls $6
fd75c12d: calls $6
*** FLOP *** [Ts Qs 5h]
f48f6725: checks
b0410dd1: checks
fd75c12d: bets $12
f48f6725: folds
b0410dd1: calls $12
*** TURN *** [Ts Qs 5h] [7s]
b0410dd1: checks
fd75c12d: checks
*** RIVER *** [Ts Qs 5h 7s] [7c]
b0410dd1: checks
fd75c12d: bets $24
b0410dd1: calls $24
b0410dd1: shows [6s 9s]
fd75c12d: shows [Ah Qh]
*** SHOWDOWN ***
b0410dd1 collected $96 from pot
*** SUMMARY ***
Total pot $96
Board [Ts Qs 5h 7s 7c]
Seat 1: b0410dd1(big blind) showed [6s 9s] and won ($96) with Queen High Flush
Seat 2: fd75c12d showed [Ah Qh] and lost with Pair of Queens and Pair of Sevens
Seat 7: f48f6725(small blind) folded on the Flop
Seat 6: ed971570 folded before Flop (didn't bet)
Seat 3: Hero folded before Flop (didn't bet)



Poker Hand #ring_852716774: NLH No Limit ($1/$2) - 2025/05/01 18:18:19
Table 'MR NLH 1/2' 7-max Seat #3 is the button
Seat 1: b0410dd1 ($428.64 in chips)
Seat 2: fd75c12d ($384.53 in chips)
Seat 7: f48f6725 ($360.62 in chips)
Seat 6: ed971570 ($273.06 in chips)
Seat 3: Hero ($519.48 in chips)
ed971570: posts small blind $1
f48f6725: posts big blind $2
*** HOLE CARDS ***
Dealt to b0410dd1 
Dealt to fd75c12d 
Dealt to f48f6725 
Dealt to ed971570 
Dealt to Hero [2h 7c]
b0410dd1: folds
fd75c12d: folds
Hero: folds
ed971570: calls $1
f48f6725: raises $6 to $8
ed971570: calls $6
*** FLOP *** [Ad 2s Qs]
ed971570: checks
f48f6725: bets $8.64
ed971570: folds
Uncalled bet ($8.64) returned to f48f6725
*** SHOWDOWN ***
f48f6725 collected $16 from pot
*** SUMMARY ***
Total pot $16
Board [Ad 2s Qs]
Seat 1: b0410dd1 folded before Flop (didn't bet)
Seat 2: fd75c12d folded before Flop (didn't bet)
Seat 7: f48f6725(big blind)won ($16) with Pair of Queens
Seat 6: ed971570(small blind) folded on the Flop
Seat 3: Hero folded before Flop (didn't bet)



Poker Hand #ring_852715879: NLH No Limit ($1/$2) - 2025/05/01 18:17:41
Table 'MR NLH 1/2' 7-max Seat #2 is the button
Seat 1: b0410dd1 ($428.64 in chips)
Seat 2: fd75c12d ($375.53 in chips)
Seat 7: f48f6725 ($366.62 in chips)
Seat 6: ed971570 ($275.06 in chips)
Seat 3: Hero ($520.48 in chips)
Hero: posts small blind $1
ed971570: posts big blind $2
*** HOLE CARDS ***
Dealt to b0410dd1 
Dealt to fd75c12d 
Dealt to f48f6725 
Dealt to ed971570 
Dealt to Hero [2c 2s]
f48f6725: raises $4 to $6
b0410dd1: folds
fd75c12d: raises $18 to $24
Hero: folds
ed971570: folds
f48f6725: folds
Uncalled bet ($18) returned to fd75c12d
*** SHOWDOWN ***
fd75c12d collected $15 from pot
*** SUMMARY ***
Total pot $15
Seat 1: b0410dd1 folded before Flop (didn't bet)
Seat 2: fd75c12dwon ($15)
Seat 7: f48f6725 folded before Flop
Seat 6: ed971570(big blind) folded before Flop
Seat 3: Hero(small blind) folded before Flop



Poker Hand #ring_852714330: NLH No Limit ($1/$2) - 2025/05/01 18:16:31
Table 'MR NLH 1/2' 7-max Seat #1 is the button
Seat 1: b0410dd1 ($447.64 in chips)
Seat 2: fd75c12d ($376.53 in chips)
Seat 7: f48f6725 ($366.62 in chips)
Seat 6: ed971570 ($294.06 in chips)
Seat 3: Hero ($484.59 in chips)
fd75c12d: posts small blind $1
Hero: posts big blind $2
*** HOLE CARDS ***
Dealt to b0410dd1 
Dealt to fd75c12d 
Dealt to f48f6725 
Dealt to ed971570 
Dealt to Hero [Jh Ah]
ed971570: raises $4 to $6
f48f6725: folds
b0410dd1: raises $13 to $19
fd75c12d: folds
Hero: calls $17
ed971570: calls $13
*** FLOP *** [Qh 2h 5c]
Hero: checks
ed971570: checks
b0410dd1: checks
*** TURN *** [Qh 2h 5c] [Qd]
Hero: bets $29
ed971570: folds
b0410dd1: folds
Uncalled bet ($29) returned to Hero
*** SHOWDOWN ***
Hero collected $58 from pot
*** SUMMARY ***
Total pot $58
Board [Qh 2h 5c Qd]
Seat 1: b0410dd1 folded on the Turn
Seat 2: fd75c12d(small blind) folded before Flop
Seat 7: f48f6725 folded before Flop (didn't bet)
Seat 6: ed971570 folded on the Turn
Seat 3: Hero(big blind)won ($58) with Pair of Queens



