Poker Hand #ring_896696854: NLH No Limit ($2/$4) - 2025/05/24 22:55:26
Table 'MR NLH 2/4' 7-max Seat #5 is the button
Seat 7: c79a5a ($329.8 in chips)
Seat 3: 47b02ebf ($579.73 in chips)
Seat 2: 2a4a6a5b ($800 in chips)
Seat 5: 294861df ($59.85 in chips)
Seat 6: 55c97043 ($406.8 in chips)
Seat 4: dbf33a2a ($1,617.45 in chips)
Seat 1: Hero ($556.61 in chips)
55c97043: posts small blind $2
c79a5a: posts big blind $4
*** HOLE CARDS ***
Dealt to c79a5a 
Dealt to 47b02ebf 
Dealt to 2a4a6a5b 
Dealt to 294861df 
Dealt to 55c97043 
Dealt to dbf33a2a 
Dealt to Hero [Qc Ad]
Hero: raises $8 to $12
2a4a6a5b: folds
47b02ebf: folds
dbf33a2a: folds
294861df: folds
55c97043: folds
c79a5a: folds
Uncalled bet ($8) returned to Hero
*** SHOWDOWN ***
Hero collected $10 from pot
*** SUMMARY ***
Total pot $10
Seat 7: c79a5a(big blind) folded before Flop
Seat 3: 47b02ebf folded before Flop (didn't bet)
Seat 2: 2a4a6a5b folded before Flop (didn't bet)
Seat 5: 294861df folded before Flop (didn't bet)
Seat 6: 55c97043(small blind) folded before Flop
Seat 4: dbf33a2a folded before Flop (didn't bet)
Seat 1: Herowon ($10)



Poker Hand #ring_896695903: NLH No Limit ($2/$4) - 2025/05/24 22:54:53
Table 'MR NLH 2/4' 7-max Seat #4 is the button
Seat 7: c79a5a ($329.8 in chips)
Seat 3: 47b02ebf ($573.73 in chips)
Seat 2: 2a4a6a5b ($800 in chips)
Seat 5: 294861df ($61.85 in chips)
Seat 6: 55c97043 ($410.8 in chips)
Seat 4: dbf33a2a ($1,617.45 in chips)
Seat 1: Hero ($556.61 in chips)
294861df: posts small blind $2
55c97043: posts big blind $4
*** HOLE CARDS ***
Dealt to c79a5a 
Dealt to 47b02ebf 
Dealt to 2a4a6a5b 
Dealt to 294861df 
Dealt to 55c97043 
Dealt to dbf33a2a 
Dealt to Hero [7h 6c]
c79a5a: folds
Hero: folds
2a4a6a5b: folds
47b02ebf: raises $8 to $12
dbf33a2a: folds
294861df: folds
55c97043: folds
Uncalled bet ($8) returned to 47b02ebf
*** SHOWDOWN ***
47b02ebf collected $10 from pot
*** SUMMARY ***
Total pot $10
Seat 7: c79a5a folded before Flop (didn't bet)
Seat 3: 47b02ebfwon ($10)
Seat 2: 2a4a6a5b folded before Flop (didn't bet)
Seat 5: 294861df(small blind) folded before Flop
Seat 6: 55c97043(big blind) folded before Flop
Seat 4: dbf33a2a folded before Flop (didn't bet)
Seat 1: Hero folded before Flop (didn't bet)



Poker Hand #ring_896694703: NLH No Limit ($2/$4) - 2025/05/24 22:54:13
Table 'MR NLH 2/4' 7-max Seat #3 is the button
Seat 7: c79a5a ($318.79 in chips)
Seat 3: 47b02ebf ($573.73 in chips)
Seat 2: 2a4a6a5b ($800 in chips)
Seat 5: 294861df ($71.85 in chips)
Seat 6: 55c97043 ($410.8 in chips)
Seat 4: dbf33a2a ($1,619.45 in chips)
Seat 1: Hero ($556.61 in chips)
dbf33a2a: posts small blind $2
294861df: posts big blind $4
*** HOLE CARDS ***
Dealt to c79a5a 
Dealt to 47b02ebf 
Dealt to 2a4a6a5b 
Dealt to 294861df 
Dealt to 55c97043 
Dealt to dbf33a2a 
Dealt to Hero [8s Th]
55c97043: folds
c79a5a: raises $6 to $10
Hero: folds
2a4a6a5b: folds
47b02ebf: folds
dbf33a2a: folds
294861df: calls $6
*** FLOP *** [4d 4h Ks]
294861df: checks
c79a5a: checks
*** TURN *** [4d 4h Ks] [Jh]
294861df: checks
c79a5a: bets $22
294861df: folds
Uncalled bet ($22) returned to c79a5a
*** SHOWDOWN ***
c79a5a collected $22 from pot
*** SUMMARY ***
Total pot $22
Board [4d 4h Ks Jh]
Seat 7: c79a5awon ($22) with Pair of Kings and Pair of Fours
Seat 3: 47b02ebf folded before Flop (didn't bet)
Seat 2: 2a4a6a5b folded before Flop (didn't bet)
Seat 5: 294861df(big blind) folded on the Turn
Seat 6: 55c97043 folded before Flop (didn't bet)
Seat 4: dbf33a2a(small blind) folded before Flop
Seat 1: Hero folded before Flop (didn't bet)



Poker Hand #ring_896694071: NLH No Limit ($2/$4) - 2025/05/24 22:53:51
Table 'MR NLH 2/4' 7-max Seat #2 is the button
Seat 7: c79a5a ($318.79 in chips)
Seat 3: 47b02ebf ($575.73 in chips)
Seat 2: 2a4a6a5b ($800 in chips)
Seat 5: 294861df ($65.85 in chips)
Seat 6: 55c97043 ($410.8 in chips)
Seat 4: dbf33a2a ($1,623.45 in chips)
Seat 1: Hero ($556.61 in chips)
47b02ebf: posts small blind $2
dbf33a2a: posts big blind $4
*** HOLE CARDS ***
Dealt to c79a5a 
Dealt to 47b02ebf 
Dealt to 2a4a6a5b 
Dealt to 294861df 
Dealt to 55c97043 
Dealt to dbf33a2a 
Dealt to Hero [5h Jc]
294861df: raises $10 to $14
55c97043: folds
c79a5a: folds
Hero: folds
2a4a6a5b: folds
47b02ebf: folds
dbf33a2a: folds
Uncalled bet ($10) returned to 294861df
*** SHOWDOWN ***
294861df collected $10 from pot
*** SUMMARY ***
Total pot $10
Seat 7: c79a5a folded before Flop (didn't bet)
Seat 3: 47b02ebf(small blind) folded before Flop
Seat 2: 2a4a6a5b folded before Flop (didn't bet)
Seat 5: 294861dfwon ($10)
Seat 6: 55c97043 folded before Flop (didn't bet)
Seat 4: dbf33a2a(big blind) folded before Flop
Seat 1: Hero folded before Flop (didn't bet)



Poker Hand #ring_896692505: NLH No Limit ($2/$4) - 2025/05/24 22:52:58
Table 'MR NLH 2/4' 7-max Seat #1 is the button
Seat 7: c79a5a ($328.79 in chips)
Seat 3: 47b02ebf ($534 in chips)
Seat 2: 2a4a6a5b ($796.5 in chips)
Seat 5: 294861df ($89.71 in chips)
Seat 6: 55c97043 ($410.8 in chips)
Seat 4: dbf33a2a ($1,633.45 in chips)
Seat 1: Hero ($556.61 in chips)
2a4a6a5b: posts small blind $2
47b02ebf: posts big blind $4
*** HOLE CARDS ***
Dealt to c79a5a 
Dealt to 47b02ebf 
Dealt to 2a4a6a5b 
Dealt to 294861df 
Dealt to 55c97043 
Dealt to dbf33a2a 
Dealt to Hero [8h Qd]
dbf33a2a: raises $6 to $10
294861df: calls $10
55c97043: folds
c79a5a: calls $10
Hero: folds
2a4a6a5b: folds
47b02ebf: calls $6
*** FLOP *** [7s 9h Qc]
47b02ebf: checks
dbf33a2a: checks
294861df: checks
c79a5a: checks
*** TURN *** [7s 9h Qc] [2s]
47b02ebf: bets $13.86
dbf33a2a: folds
294861df: calls $13.86
c79a5a: folds
*** RIVER *** [7s 9h Qc 2s] [9c]
47b02ebf: bets $52.29
294861df: folds
Uncalled bet ($52.29) returned to 47b02ebf
*** SHOWDOWN ***
47b02ebf collected $69.72 from pot
*** SUMMARY ***
Total pot $69.72
Board [7s 9h Qc 2s 9c]
Seat 7: c79a5a folded on the Turn
Seat 3: 47b02ebf(big blind)won ($69.72) with Sevens Full over Nines
Seat 2: 2a4a6a5b(small blind) folded before Flop
Seat 5: 294861df folded on the River
Seat 6: 55c97043 folded before Flop (didn't bet)
Seat 4: dbf33a2a folded on the Turn
Seat 1: Hero folded before Flop (didn't bet)



Poker Hand #ring_896691248: NLH No Limit ($2/$4) - 2025/05/24 22:52:15
Table 'MR NLH 2/4' 7-max Seat #7 is the button
Seat 7: c79a5a ($328.79 in chips)
Seat 3: 47b02ebf ($534 in chips)
Seat 2: 2a4a6a5b ($800.5 in chips)
Seat 5: 294861df ($89.71 in chips)
Seat 6: 55c97043 ($420.8 in chips)
Seat 4: dbf33a2a ($1,610.98 in chips)
Seat 1: Hero ($566.61 in chips)
Hero: posts small blind $2
2a4a6a5b: posts big blind $4
*** HOLE CARDS ***
Dealt to c79a5a 
Dealt to 47b02ebf 
Dealt to 2a4a6a5b 
Dealt to 294861df 
Dealt to 55c97043 
Dealt to dbf33a2a 
Dealt to Hero [8h 6h]
47b02ebf: folds
dbf33a2a: raises $6 to $10
294861df: folds
55c97043: calls $10
c79a5a: folds
Hero: calls $8
2a4a6a5b: folds
*** FLOP *** [Qc Kc 2s]
Hero: checks
dbf33a2a: bets $8.5
55c97043: folds
Hero: folds
Uncalled bet ($8.5) returned to dbf33a2a
*** SHOWDOWN ***
dbf33a2a collected $34 from pot
*** SUMMARY ***
Total pot $34
Board [Qc Kc 2s]
Seat 7: c79a5a folded before Flop (didn't bet)
Seat 3: 47b02ebf folded before Flop (didn't bet)
Seat 2: 2a4a6a5b(big blind) folded before Flop
Seat 5: 294861df folded before Flop (didn't bet)
Seat 6: 55c97043 folded on the Flop
Seat 4: dbf33a2awon ($34) with Ace-High
Seat 1: Hero(small blind) folded on the Flop



Poker Hand #ring_896689825: NLH No Limit ($2/$4) - 2025/05/24 22:51:26
Table 'MR NLH 2/4' 7-max Seat #6 is the button
Seat 7: c79a5a ($330.79 in chips)
Seat 3: 47b02ebf ($534 in chips)
Seat 2: 2a4a6a5b ($800 in chips)
Seat 5: 294861df ($89.71 in chips)
Seat 6: 55c97043 ($420.8 in chips)
Seat 4: dbf33a2a ($1,610.98 in chips)
Seat 1: Hero ($566.1 in chips)
c79a5a: posts small blind $2
Hero: posts big blind $4
*** HOLE CARDS ***
Dealt to c79a5a 
Dealt to 47b02ebf 
Dealt to 2a4a6a5b 
Dealt to 294861df 
Dealt to 55c97043 
Dealt to dbf33a2a 
Dealt to Hero [Js Qd]
2a4a6a5b: raises $6 to $10
47b02ebf: folds
dbf33a2a: folds
294861df: folds
55c97043: folds
c79a5a: folds
Hero: calls $6
*** FLOP *** [Ks Ad Qs]
Hero: checks
2a4a6a5b: checks
*** TURN *** [Ks Ad Qs] [5s]
Hero: checks
2a4a6a5b: checks
*** RIVER *** [Ks Ad Qs 5s] [5h]
Hero: checks
2a4a6a5b: checks
Hero: shows [Js Qd]
2a4a6a5b: shows [9h Qh]
*** SHOWDOWN ***
Hero collected $11 from pot
2a4a6a5b collected $11 from pot
*** SUMMARY ***
Total pot $22
Board [Ks Ad Qs 5s 5h]
Seat 7: c79a5a(small blind) folded before Flop
Seat 3: 47b02ebf folded before Flop (didn't bet)
Seat 2: 2a4a6a5b showed [9h Qh] and won ($11) with Pair of Queens and Pair of Fives
Seat 5: 294861df folded before Flop (didn't bet)
Seat 6: 55c97043 folded before Flop (didn't bet)
Seat 4: dbf33a2a folded before Flop (didn't bet)
Seat 1: Hero(big blind) showed [Js Qd] and won ($11) with Pair of Queens and Pair of Fives



Poker Hand #ring_896688749: NLH No Limit ($2/$4) - 2025/05/24 22:50:49
Table 'MR NLH 2/4' 7-max Seat #5 is the button
Seat 7: c79a5a ($334.79 in chips)
Seat 3: 47b02ebf ($528 in chips)
Seat 2: 2a4a6a5b ($800 in chips)
Seat 5: 294861df ($89.71 in chips)
Seat 6: 55c97043 ($422.8 in chips)
Seat 4: dbf33a2a ($1,610.98 in chips)
Seat 1: Hero ($566.1 in chips)
55c97043: posts small blind $2
c79a5a: posts big blind $4
*** HOLE CARDS ***
Dealt to c79a5a 
Dealt to 47b02ebf 
Dealt to 2a4a6a5b 
Dealt to 294861df 
Dealt to 55c97043 
Dealt to dbf33a2a 
Dealt to Hero [6c Jh]
Hero: folds
2a4a6a5b: folds
47b02ebf: raises $8 to $12
dbf33a2a: folds
294861df: folds
55c97043: folds
c79a5a: folds
Uncalled bet ($8) returned to 47b02ebf
*** SHOWDOWN ***
47b02ebf collected $10 from pot
*** SUMMARY ***
Total pot $10
Seat 7: c79a5a(big blind) folded before Flop
Seat 3: 47b02ebfwon ($10)
Seat 2: 2a4a6a5b folded before Flop (didn't bet)
Seat 5: 294861df folded before Flop (didn't bet)
Seat 6: 55c97043(small blind) folded before Flop
Seat 4: dbf33a2a folded before Flop (didn't bet)
Seat 1: Hero folded before Flop (didn't bet)



Poker Hand #ring_896687980: NLH No Limit ($2/$4) - 2025/05/24 22:50:23
Table 'MR NLH 2/4' 7-max Seat #4 is the button
Seat 7: c79a5a ($334.79 in chips)
Seat 3: 47b02ebf ($528 in chips)
Seat 2: 2a4a6a5b ($800 in chips)
Seat 5: 294861df ($85.71 in chips)
Seat 6: 55c97043 ($426.8 in chips)
Seat 4: dbf33a2a ($1,610.98 in chips)
Seat 1: Hero ($566.1 in chips)
294861df: posts small blind $2
55c97043: posts big blind $4
*** HOLE CARDS ***
Dealt to c79a5a 
Dealt to 47b02ebf 
Dealt to 2a4a6a5b 
Dealt to 294861df 
Dealt to 55c97043 
Dealt to dbf33a2a 
Dealt to Hero [As 5d]
c79a5a: folds
Hero: folds
2a4a6a5b: folds
47b02ebf: folds
dbf33a2a: folds
294861df: raises $12 to $16
55c97043: folds
Uncalled bet ($12) returned to 294861df
*** SHOWDOWN ***
294861df collected $8 from pot
*** SUMMARY ***
Total pot $8
Seat 7: c79a5a folded before Flop (didn't bet)
Seat 3: 47b02ebf folded before Flop (didn't bet)
Seat 2: 2a4a6a5b folded before Flop (didn't bet)
Seat 5: 294861df(small blind)won ($8)
Seat 6: 55c97043(big blind) folded before Flop
Seat 4: dbf33a2a folded before Flop (didn't bet)
Seat 1: Hero folded before Flop (didn't bet)



Poker Hand #ring_896686990: NLH No Limit ($2/$4) - 2025/05/24 22:49:50
Table 'MR NLH 2/4' 7-max Seat #3 is the button
Seat 7: c79a5a ($334.79 in chips)
Seat 3: 47b02ebf ($564 in chips)
Seat 2: 2a4a6a5b ($800 in chips)
Seat 5: 294861df ($89.71 in chips)
Seat 6: 55c97043 ($426.8 in chips)
Seat 4: dbf33a2a ($1,560.98 in chips)
Seat 1: Hero ($566.1 in chips)
dbf33a2a: posts small blind $2
294861df: posts big blind $4
*** HOLE CARDS ***
Dealt to c79a5a 
Dealt to 47b02ebf 
Dealt to 2a4a6a5b 
Dealt to 294861df 
Dealt to 55c97043 
Dealt to dbf33a2a 
Dealt to Hero [9d 8h]
55c97043: folds
c79a5a: folds
Hero: folds
2a4a6a5b: raises $6 to $10
47b02ebf: raises $26 to $36
dbf33a2a: raises $68.8 to $104.8
294861df: folds
2a4a6a5b: folds
47b02ebf: folds
Uncalled bet ($68.8) returned to dbf33a2a
*** SHOWDOWN ***
dbf33a2a collected $86 from pot
*** SUMMARY ***
Total pot $86
Seat 7: c79a5a folded before Flop (didn't bet)
Seat 3: 47b02ebf folded before Flop
Seat 2: 2a4a6a5b folded before Flop
Seat 5: 294861df(big blind) folded before Flop
Seat 6: 55c97043 folded before Flop (didn't bet)
Seat 4: dbf33a2a(small blind)won ($86)
Seat 1: Hero folded before Flop (didn't bet)



Poker Hand #ring_896686485: NLH No Limit ($2/$4) - 2025/05/24 22:49:32
Table 'MR NLH 2/4' 7-max Seat #2 is the button
Seat 7: c79a5a ($334.79 in chips)
Seat 3: 47b02ebf ($566 in chips)
Seat 2: 2a4a6a5b ($800 in chips)
Seat 5: 294861df ($89.71 in chips)
Seat 6: 55c97043 ($426.8 in chips)
Seat 4: dbf33a2a ($1,558.98 in chips)
Seat 1: Hero ($566.1 in chips)
47b02ebf: posts small blind $2
dbf33a2a: posts big blind $4
*** HOLE CARDS ***
Dealt to c79a5a 
Dealt to 47b02ebf 
Dealt to 2a4a6a5b 
Dealt to 294861df 
Dealt to 55c97043 
Dealt to dbf33a2a 
Dealt to Hero [2d 7d]
294861df: folds
55c97043: folds
c79a5a: folds
Hero: folds
2a4a6a5b: folds
47b02ebf: folds
*** SHOWDOWN ***
dbf33a2a collected $6 from pot
*** SUMMARY ***
Total pot $6
Seat 7: c79a5a folded before Flop (didn't bet)
Seat 3: 47b02ebf(small blind) folded before Flop
Seat 2: 2a4a6a5b folded before Flop (didn't bet)
Seat 5: 294861df folded before Flop (didn't bet)
Seat 6: 55c97043 folded before Flop (didn't bet)
Seat 4: dbf33a2a(big blind)won ($6)
Seat 1: Hero folded before Flop (didn't bet)



Poker Hand #ring_896684008: NLH No Limit ($2/$4) - 2025/05/24 22:48:08
Table 'MR NLH 2/4' 7-max Seat #1 is the button
Seat 7: c79a5a ($334.79 in chips)
Seat 3: 47b02ebf ($570 in chips)
Seat 2: 2a4a6a5b ($834.71 in chips)
Seat 5: 294861df ($89.71 in chips)
Seat 6: 55c97043 ($426.8 in chips)
Seat 4: dbf33a2a ($1,562.98 in chips)
Seat 1: Hero ($504.86 in chips)
2a4a6a5b: posts small blind $2
47b02ebf: posts big blind $4
*** HOLE CARDS ***
Dealt to c79a5a 
Dealt to 47b02ebf 
Dealt to 2a4a6a5b 
Dealt to 294861df 
Dealt to 55c97043 
Dealt to dbf33a2a 
Dealt to Hero [9d Ad]
dbf33a2a: calls $4
294861df: folds
55c97043: folds
c79a5a: folds
Hero: raises $12 to $16
2a4a6a5b: calls $14
47b02ebf: folds
dbf33a2a: folds
*** FLOP *** [7s Qc Qh]
2a4a6a5b: checks
Hero: checks
*** TURN *** [7s Qc Qh] [Qs]
2a4a6a5b: bets $20
Hero: calls $20
*** RIVER *** [7s Qc Qh Qs] [Ac]
2a4a6a5b: checks
Hero: bets $24
2a4a6a5b: calls $24
Hero: shows [9d Ad]
2a4a6a5b: shows [Tc Ts]
*** SHOWDOWN ***
Hero collected $128 from pot
*** SUMMARY ***
Total pot $128
Board [7s Qc Qh Qs Ac]
Seat 7: c79a5a folded before Flop (didn't bet)
Seat 3: 47b02ebf(big blind) folded before Flop
Seat 2: 2a4a6a5b(small blind) showed [Tc Ts] and lost with Queens Full over Tens
Seat 5: 294861df folded before Flop (didn't bet)
Seat 6: 55c97043 folded before Flop (didn't bet)
Seat 4: dbf33a2a folded before Flop
Seat 1: Hero showed [9d Ad] and won ($128) with Queens Full over Aces



Poker Hand #ring_896681972: NLH No Limit ($2/$4) - 2025/05/24 22:46:57
Table 'MR NLH 2/4' 7-max Seat #7 is the button
Seat 7: c79a5a ($334.79 in chips)
Seat 3: 47b02ebf ($582 in chips)
Seat 2: 2a4a6a5b ($800 in chips)
Seat 5: 294861df ($89.71 in chips)
Seat 6: 55c97043 ($451.34 in chips)
Seat 4: dbf33a2a ($1,562.98 in chips)
Seat 1: Hero ($506.86 in chips)
Hero: posts small blind $2
2a4a6a5b: posts big blind $4
*** HOLE CARDS ***
Dealt to c79a5a 
Dealt to 47b02ebf 
Dealt to 2a4a6a5b 
Dealt to 294861df 
Dealt to 55c97043 
Dealt to dbf33a2a 
Dealt to Hero [9d Qs]
47b02ebf: raises $8 to $12
dbf33a2a: folds
294861df: folds
55c97043: calls $12
c79a5a: folds
Hero: folds
2a4a6a5b: calls $8
*** FLOP *** [2s Ah 6c]
2a4a6a5b: checks
47b02ebf: checks
55c97043: bets $12.54
2a4a6a5b: calls $12.54
47b02ebf: folds
*** TURN *** [2s Ah 6c] [4d]
2a4a6a5b: checks
55c97043: checks
*** RIVER *** [2s Ah 6c 4d] [3h]
2a4a6a5b: bets $47.31
55c97043: folds
Uncalled bet ($47.31) returned to 2a4a6a5b
*** SHOWDOWN ***
2a4a6a5b collected $63.08 from pot
*** SUMMARY ***
Total pot $63.08
Board [2s Ah 6c 4d 3h]
Seat 7: c79a5a folded before Flop (didn't bet)
Seat 3: 47b02ebf folded on the Flop
Seat 2: 2a4a6a5b(big blind)won ($63.08) with Sixes-High Straight
Seat 5: 294861df folded before Flop (didn't bet)
Seat 6: 55c97043 folded on the River
Seat 4: dbf33a2a folded before Flop (didn't bet)
Seat 1: Hero(small blind) folded before Flop



Poker Hand #ring_896680367: NLH No Limit ($2/$4) - 2025/05/24 22:46:01
Table 'MR NLH 2/4' 7-max Seat #6 is the button
Seat 7: c79a5a ($353.05 in chips)
Seat 3: 47b02ebf ($582 in chips)
Seat 2: 2a4a6a5b ($800 in chips)
Seat 5: 294861df ($89.71 in chips)
Seat 6: 55c97043 ($451.34 in chips)
Seat 4: dbf33a2a ($1,562.98 in chips)
Seat 1: Hero ($490.24 in chips)
c79a5a: posts small blind $2
Hero: posts big blind $4
*** HOLE CARDS ***
Dealt to c79a5a 
Dealt to 47b02ebf 
Dealt to 2a4a6a5b 
Dealt to 294861df 
Dealt to 55c97043 
Dealt to dbf33a2a 
Dealt to Hero [Th 7h]
2a4a6a5b: folds
47b02ebf: folds
dbf33a2a: folds
294861df: folds
55c97043: folds
c79a5a: raises $7 to $11
Hero: calls $7
*** FLOP *** [6d 9s 9h]
c79a5a: bets $7.26
Hero: calls $7.26
*** TURN *** [6d 9s 9h] [5s]
c79a5a: checks
Hero: bets $18.26
c79a5a: folds
Uncalled bet ($18.26) returned to Hero
*** SHOWDOWN ***
Hero collected $36.52 from pot
*** SUMMARY ***
Total pot $36.52
Board [6d 9s 9h 5s]
Seat 7: c79a5a(small blind) folded on the Turn
Seat 3: 47b02ebf folded before Flop (didn't bet)
Seat 2: 2a4a6a5b folded before Flop (didn't bet)
Seat 5: 294861df folded before Flop (didn't bet)
Seat 6: 55c97043 folded before Flop (didn't bet)
Seat 4: dbf33a2a folded before Flop (didn't bet)
Seat 1: Hero(big blind)won ($36.52) with Pair of Nines



Poker Hand #ring_896679267: NLH No Limit ($2/$4) - 2025/05/24 22:45:24
Table 'MR NLH 2/4' 7-max Seat #5 is the button
Seat 7: c79a5a ($357.05 in chips)
Seat 3: 47b02ebf ($582 in chips)
Seat 2: 2a4a6a5b ($800 in chips)
Seat 5: 294861df ($84.16 in chips)
Seat 6: 55c97043 ($453.34 in chips)
Seat 4: dbf33a2a ($1,562.98 in chips)
Seat 1: Hero ($490.24 in chips)
55c97043: posts small blind $2
c79a5a: posts big blind $4
*** HOLE CARDS ***
Dealt to c79a5a 
Dealt to 47b02ebf 
Dealt to 2a4a6a5b 
Dealt to 294861df 
Dealt to 55c97043 
Dealt to dbf33a2a 
Dealt to Hero [7h Ad]
Hero: folds
2a4a6a5b: folds
47b02ebf: folds
dbf33a2a: folds
294861df: calls $4
55c97043: folds
c79a5a: checks
*** FLOP *** [Jd Td As]
c79a5a: checks
294861df: bets $21
c79a5a: folds
Uncalled bet ($21) returned to 294861df
*** SHOWDOWN ***
294861df collected $10 from pot
*** SUMMARY ***
Total pot $10
Board [Jd Td As]
Seat 7: c79a5a(big blind) folded on the Flop
Seat 3: 47b02ebf folded before Flop (didn't bet)
Seat 2: 2a4a6a5b folded before Flop (didn't bet)
Seat 5: 294861dfwon ($10) with Pair of Tens
Seat 6: 55c97043(small blind) folded before Flop
Seat 4: dbf33a2a folded before Flop (didn't bet)
Seat 1: Hero folded before Flop (didn't bet)



Poker Hand #ring_896678508: NLH No Limit ($2/$4) - 2025/05/24 22:44:57
Table 'MR NLH 2/4' 7-max Seat #4 is the button
Seat 7: c79a5a ($357.05 in chips)
Seat 3: 47b02ebf ($582 in chips)
Seat 2: 2a4a6a5b ($800 in chips)
Seat 5: 294861df ($86.16 in chips)
Seat 6: 55c97043 ($451.34 in chips)
Seat 4: dbf33a2a ($1,562.98 in chips)
Seat 1: Hero ($490.24 in chips)
294861df: posts small blind $2
55c97043: posts big blind $4
*** HOLE CARDS ***
Dealt to c79a5a 
Dealt to 47b02ebf 
Dealt to 2a4a6a5b 
Dealt to 294861df 
Dealt to 55c97043 
Dealt to dbf33a2a 
Dealt to Hero [9d 6c]
c79a5a: folds
Hero: folds
2a4a6a5b: folds
47b02ebf: folds
dbf33a2a: folds
294861df: folds
55c97043: shows [Jh Jc]
*** SHOWDOWN ***
55c97043 collected $6 from pot
*** SUMMARY ***
Total pot $6
Seat 7: c79a5a folded before Flop (didn't bet)
Seat 3: 47b02ebf folded before Flop (didn't bet)
Seat 2: 2a4a6a5b folded before Flop (didn't bet)
Seat 5: 294861df(small blind) folded before Flop
Seat 6: 55c97043(big blind) showed [Jh Jc] and won ($6)
Seat 4: dbf33a2a folded before Flop (didn't bet)
Seat 1: Hero folded before Flop (didn't bet)



Poker Hand #ring_896677404: NLH No Limit ($2/$4) - 2025/05/24 22:44:19
Table 'MR NLH 2/4' 7-max Seat #3 is the button
Seat 7: c79a5a ($357.05 in chips)
Seat 3: 47b02ebf ($582 in chips)
Seat 2: 2a4a6a5b ($800 in chips)
Seat 5: 294861df ($115.16 in chips)
Seat 6: 55c97043 ($424.04 in chips)
Seat 4: dbf33a2a ($1,564.98 in chips)
Seat 1: Hero ($490.24 in chips)
dbf33a2a: posts small blind $2
294861df: posts big blind $4
*** HOLE CARDS ***
Dealt to c79a5a 
Dealt to 47b02ebf 
Dealt to 2a4a6a5b 
Dealt to 294861df 
Dealt to 55c97043 
Dealt to dbf33a2a 
Dealt to Hero [8d Ah]
55c97043: calls $4
c79a5a: folds
Hero: folds
2a4a6a5b: folds
47b02ebf: folds
dbf33a2a: folds
294861df: checks
*** FLOP *** [2d 9d 3s]
294861df: bets $10
55c97043: calls $10
*** TURN *** [2d 9d 3s] [Td]
294861df: checks
55c97043: bets $15
294861df: calls $15
*** RIVER *** [2d 9d 3s Td] [Ts]
294861df: checks
55c97043: checks
294861df: shows [3d 6c]
55c97043: shows [8c 9c]
*** SHOWDOWN ***
55c97043 collected $60 from pot
*** SUMMARY ***
Total pot $60
Board [2d 9d 3s Td Ts]
Seat 7: c79a5a folded before Flop (didn't bet)
Seat 3: 47b02ebf folded before Flop (didn't bet)
Seat 2: 2a4a6a5b folded before Flop (didn't bet)
Seat 5: 294861df(big blind) showed [3d 6c] and lost with Pair of Tens and Pair of Treys
Seat 6: 55c97043 showed [8c 9c] and won ($60) with Pair of Tens and Pair of Nines
Seat 4: dbf33a2a(small blind) folded before Flop
Seat 1: Hero folded before Flop (didn't bet)



Poker Hand #ring_896675589: NLH No Limit ($2/$4) - 2025/05/24 22:43:15
Table 'MR NLH 2/4' 7-max Seat #2 is the button
Seat 7: c79a5a ($357.05 in chips)
Seat 3: 47b02ebf ($584 in chips)
Seat 2: 2a4a6a5b ($798 in chips)
Seat 5: 294861df ($115.16 in chips)
Seat 6: 55c97043 ($424.04 in chips)
Seat 4: dbf33a2a ($1,538.95 in chips)
Seat 1: Hero ($490.24 in chips)
47b02ebf: posts small blind $2
dbf33a2a: posts big blind $4
*** HOLE CARDS ***
Dealt to c79a5a 
Dealt to 47b02ebf 
Dealt to 2a4a6a5b 
Dealt to 294861df 
Dealt to 55c97043 
Dealt to dbf33a2a 
Dealt to Hero [As 7h]
294861df: folds
55c97043: folds
c79a5a: folds
Hero: folds
2a4a6a5b: raises $6 to $10
47b02ebf: folds
dbf33a2a: calls $6
*** FLOP *** [Ts Js 6d]
dbf33a2a: checks
2a4a6a5b: checks
*** TURN *** [Ts Js 6d] [8h]
dbf33a2a: bets $17.6
2a4a6a5b: calls $17.6
*** RIVER *** [Ts Js 6d 8h] [Qd]
dbf33a2a: bets $45.76
2a4a6a5b: folds
Uncalled bet ($45.76) returned to dbf33a2a
*** SHOWDOWN ***
dbf33a2a collected $57.2 from pot
*** SUMMARY ***
Total pot $57.2
Board [Ts Js 6d 8h Qd]
Seat 7: c79a5a folded before Flop (didn't bet)
Seat 3: 47b02ebf(small blind) folded before Flop
Seat 2: 2a4a6a5b folded on the River
Seat 5: 294861df folded before Flop (didn't bet)
Seat 6: 55c97043 folded before Flop (didn't bet)
Seat 4: dbf33a2a(big blind)won ($57.2) with Queens-High Straight
Seat 1: Hero folded before Flop (didn't bet)



Poker Hand #ring_896673896: NLH No Limit ($2/$4) - 2025/05/24 22:42:17
Table 'MR NLH 2/4' 7-max Seat #1 is the button
Seat 7: c79a5a ($357.05 in chips)
Seat 3: 47b02ebf ($588 in chips)
Seat 2: 2a4a6a5b ($800 in chips)
Seat 5: 294861df ($334.69 in chips)
Seat 6: 55c97043 ($219.53 in chips)
Seat 4: dbf33a2a ($1,538.95 in chips)
Seat 1: Hero ($490.24 in chips)
2a4a6a5b: posts small blind $2
47b02ebf: posts big blind $4
*** HOLE CARDS ***
Dealt to c79a5a 
Dealt to 47b02ebf 
Dealt to 2a4a6a5b 
Dealt to 294861df 
Dealt to 55c97043 
Dealt to dbf33a2a 
Dealt to Hero [9h Jd]
dbf33a2a: folds
294861df: calls $4
55c97043: raises $4 to $8
c79a5a: folds
Hero: folds
2a4a6a5b: folds
47b02ebf: folds
294861df: calls $4
*** FIRST FLOP *** [Qs 6d Ks]
294861df: checks
55c97043: bets $7.26
294861df: calls $7.26
*** FIRST TURN *** [Qs 6d Ks] [Ah]
294861df: checks
55c97043: bets $36.52
294861df: raises $109.56 to $146.08
55c97043: raises $58.19 to $204.27 and is all-in
294861df: calls $58.19
294861df: shows [2c As]
55c97043: shows [Kh Qd]
*** FIRST RIVER *** [Qs 6d Ks Ah] [7c]
*** SECOND RIVER *** [Qs 6d Ks Ah] [9c]
*** FIRST SHOWDOWN ***
55c97043 collected $223.03 from pot
*** SECOND SHOWDOWN ***
55c97043 collected $222.03 from pot
*** SUMMARY ***
Total pot $445.06
Hand was run two timesFIRST Board [Qs 6d Ks Ah 7c]
SECOND Board [9c]
Seat 7: c79a5a folded before Flop (didn't bet)
Seat 3: 47b02ebf(big blind) folded before Flop
Seat 2: 2a4a6a5b(small blind) folded before Flop
Seat 5: 294861df showed [2c As] and lost with Pair of Aces / Pair of Aces
Seat 6: 55c97043 showed [Kh Qd] and won ($445.06) with Pair of Kings and Pair of Queens / Pair of Kings and Pair of Queens
Seat 4: dbf33a2a folded before Flop (didn't bet)
Seat 1: Hero folded before Flop (didn't bet)



Poker Hand #ring_896673210: NLH No Limit ($2/$4) - 2025/05/24 22:41:53
Table 'MR NLH 2/4' 7-max Seat #7 is the button
Seat 7: c79a5a ($351.05 in chips)
Seat 3: 47b02ebf ($588 in chips)
Seat 2: 2a4a6a5b ($798.42 in chips)
Seat 5: 294861df ($334.69 in chips)
Seat 6: 55c97043 ($219.53 in chips)
Seat 4: dbf33a2a ($1,538.95 in chips)
Seat 1: Hero ($492.24 in chips)
Hero: posts small blind $2
2a4a6a5b: posts big blind $4
*** HOLE CARDS ***
Dealt to c79a5a 
Dealt to 47b02ebf 
Dealt to 2a4a6a5b 
Dealt to 294861df 
Dealt to 55c97043 
Dealt to dbf33a2a 
Dealt to Hero [2c 6h]
47b02ebf: folds
dbf33a2a: folds
294861df: folds
55c97043: folds
c79a5a: raises $8 to $12
Hero: folds
2a4a6a5b: folds
Uncalled bet ($8) returned to c79a5a
*** SHOWDOWN ***
c79a5a collected $10 from pot
*** SUMMARY ***
Total pot $10
Seat 7: c79a5awon ($10)
Seat 3: 47b02ebf folded before Flop (didn't bet)
Seat 2: 2a4a6a5b(big blind) folded before Flop
Seat 5: 294861df folded before Flop (didn't bet)
Seat 6: 55c97043 folded before Flop (didn't bet)
Seat 4: dbf33a2a folded before Flop (didn't bet)
Seat 1: Hero(small blind) folded before Flop



Poker Hand #ring_896672693: NLH No Limit ($2/$4) - 2025/05/24 22:41:35
Table 'MR NLH 2/4' 7-max Seat #6 is the button
Seat 7: c79a5a ($353.05 in chips)
Seat 3: 47b02ebf ($588 in chips)
Seat 2: 2a4a6a5b ($798.42 in chips)
Seat 5: 294861df ($334.69 in chips)
Seat 6: 55c97043 ($219.53 in chips)
Seat 4: dbf33a2a ($1,538.95 in chips)
Seat 1: Hero ($490.24 in chips)
c79a5a: posts small blind $2
Hero: posts big blind $4
*** HOLE CARDS ***
Dealt to c79a5a 
Dealt to 47b02ebf 
Dealt to 2a4a6a5b 
Dealt to 294861df 
Dealt to 55c97043 
Dealt to dbf33a2a 
Dealt to Hero [8s 4d]
2a4a6a5b: folds
47b02ebf: folds
dbf33a2a: folds
294861df: folds
55c97043: folds
c79a5a: folds
*** SHOWDOWN ***
Hero collected $6 from pot
*** SUMMARY ***
Total pot $6
Seat 7: c79a5a(small blind) folded before Flop
Seat 3: 47b02ebf folded before Flop (didn't bet)
Seat 2: 2a4a6a5b folded before Flop (didn't bet)
Seat 5: 294861df folded before Flop (didn't bet)
Seat 6: 55c97043 folded before Flop (didn't bet)
Seat 4: dbf33a2a folded before Flop (didn't bet)
Seat 1: Hero(big blind)won ($6)



Poker Hand #ring_896671398: NLH No Limit ($2/$4) - 2025/05/24 22:40:51
Table 'MR NLH 2/4' 7-max Seat #5 is the button
Seat 7: c79a5a ($357.05 in chips)
Seat 3: 47b02ebf ($588 in chips)
Seat 2: 2a4a6a5b ($798 in chips)
Seat 5: 294861df ($334.69 in chips)
Seat 6: 55c97043 ($219.11 in chips)
Seat 4: dbf33a2a ($1,538.95 in chips)
Seat 1: Hero ($490.24 in chips)
55c97043: posts small blind $2
c79a5a: posts big blind $4
*** HOLE CARDS ***
Dealt to c79a5a 
Dealt to 47b02ebf 
Dealt to 2a4a6a5b 
Dealt to 294861df 
Dealt to 55c97043 
Dealt to dbf33a2a 
Dealt to Hero [5d Ac]
Hero: folds
2a4a6a5b: raises $6 to $10
47b02ebf: folds
dbf33a2a: folds
294861df: folds
55c97043: calls $8
c79a5a: folds
*** FLOP *** [Ah 2s Qs]
55c97043: checks
2a4a6a5b: checks
*** TURN *** [Ah 2s Qs] [8d]
55c97043: bets $12
2a4a6a5b: calls $12
*** RIVER *** [Ah 2s Qs 8d] [9d]
55c97043: checks
2a4a6a5b: checks
2a4a6a5b: shows [Jc Jd]
55c97043: shows [Js Jh]
*** SHOWDOWN ***
2a4a6a5b collected $24 from pot
55c97043 collected $24 from pot
*** SUMMARY ***
Total pot $48
Board [Ah 2s Qs 8d 9d]
Seat 7: c79a5a(big blind) folded before Flop
Seat 3: 47b02ebf folded before Flop (didn't bet)
Seat 2: 2a4a6a5b showed [Jc Jd] and won ($24) with Pair of Jacks
Seat 5: 294861df folded before Flop (didn't bet)
Seat 6: 55c97043(small blind) showed [Js Jh] and won ($24) with Pair of Jacks
Seat 4: dbf33a2a folded before Flop (didn't bet)
Seat 1: Hero folded before Flop (didn't bet)



Poker Hand #ring_896670658: NLH No Limit ($2/$4) - 2025/05/24 22:40:25
Table 'MR NLH 2/4' 7-max Seat #4 is the button
Seat 7: c79a5a ($357.05 in chips)
Seat 3: 47b02ebf ($588 in chips)
Seat 2: 2a4a6a5b ($798 in chips)
Seat 5: 294861df ($336.69 in chips)
Seat 6: 55c97043 ($217.11 in chips)
Seat 4: dbf33a2a ($1,538.95 in chips)
Seat 1: Hero ($490.24 in chips)
294861df: posts small blind $2
55c97043: posts big blind $4
*** HOLE CARDS ***
Dealt to c79a5a 
Dealt to 47b02ebf 
Dealt to 2a4a6a5b 
Dealt to 294861df 
Dealt to 55c97043 
Dealt to dbf33a2a 
Dealt to Hero [Ad 9d]
c79a5a: folds
Hero: folds
2a4a6a5b: folds
47b02ebf: folds
dbf33a2a: folds
294861df: folds
*** SHOWDOWN ***
55c97043 collected $6 from pot
*** SUMMARY ***
Total pot $6
Seat 7: c79a5a folded before Flop (didn't bet)
Seat 3: 47b02ebf folded before Flop (didn't bet)
Seat 2: 2a4a6a5b folded before Flop (didn't bet)
Seat 5: 294861df(small blind) folded before Flop
Seat 6: 55c97043(big blind)won ($6)
Seat 4: dbf33a2a folded before Flop (didn't bet)
Seat 1: Hero folded before Flop (didn't bet)



Poker Hand #ring_896669983: NLH No Limit ($2/$4) - 2025/05/24 22:40:01
Table 'MR NLH 2/4' 7-max Seat #3 is the button
Seat 7: c79a5a ($357.05 in chips)
Seat 3: 47b02ebf ($588 in chips)
Seat 2: 2a4a6a5b ($798 in chips)
Seat 5: 294861df ($334.69 in chips)
Seat 6: 55c97043 ($217.11 in chips)
Seat 4: dbf33a2a ($1,540.95 in chips)
Seat 1: Hero ($490.24 in chips)
dbf33a2a: posts small blind $2
294861df: posts big blind $4
*** HOLE CARDS ***
Dealt to c79a5a 
Dealt to 47b02ebf 
Dealt to 2a4a6a5b 
Dealt to 294861df 
Dealt to 55c97043 
Dealt to dbf33a2a 
Dealt to Hero [Ah 8c]
55c97043: folds
c79a5a: folds
Hero: folds
2a4a6a5b: folds
47b02ebf: folds
dbf33a2a: folds
*** SHOWDOWN ***
294861df collected $6 from pot
*** SUMMARY ***
Total pot $6
Seat 7: c79a5a folded before Flop (didn't bet)
Seat 3: 47b02ebf folded before Flop (didn't bet)
Seat 2: 2a4a6a5b folded before Flop (didn't bet)
Seat 5: 294861df(big blind)won ($6)
Seat 6: 55c97043 folded before Flop (didn't bet)
Seat 4: dbf33a2a(small blind) folded before Flop
Seat 1: Hero folded before Flop (didn't bet)



Poker Hand #ring_896668420: NLH No Limit ($2/$4) - 2025/05/24 22:39:07
Table 'MR NLH 2/4' 7-max Seat #2 is the button
Seat 7: c79a5a ($357.05 in chips)
Seat 3: 47b02ebf ($590 in chips)
Seat 2: 2a4a6a5b ($798 in chips)
Seat 5: 294861df ($338.69 in chips)
Seat 6: 55c97043 ($196 in chips)
Seat 4: dbf33a2a ($1,558.95 in chips)
Seat 1: Hero ($490.24 in chips)
47b02ebf: posts small blind $2
dbf33a2a: posts big blind $4
*** HOLE CARDS ***
Dealt to c79a5a 
Dealt to 47b02ebf 
Dealt to 2a4a6a5b 
Dealt to 294861df 
Dealt to 55c97043 
Dealt to dbf33a2a 
Dealt to Hero [Qh 6c]
294861df: calls $4
55c97043: calls $4
c79a5a: folds
Hero: folds
2a4a6a5b: folds
47b02ebf: folds
dbf33a2a: checks
*** FLOP *** [4h 9c Jc]
dbf33a2a: checks
294861df: checks
55c97043: bets $7
dbf33a2a: calls $7
294861df: folds
*** TURN *** [4h 9c Jc] [2h]
dbf33a2a: checks
55c97043: checks
*** RIVER *** [4h 9c Jc 2h] [4c]
dbf33a2a: bets $7
55c97043: raises $31.5 to $38.5
dbf33a2a: folds
Uncalled bet ($31.5) returned to 55c97043
*** SHOWDOWN ***
55c97043 collected $42 from pot
*** SUMMARY ***
Total pot $42
Board [4h 9c Jc 2h 4c]
Seat 7: c79a5a folded before Flop (didn't bet)
Seat 3: 47b02ebf(small blind) folded before Flop
Seat 2: 2a4a6a5b folded before Flop (didn't bet)
Seat 5: 294861df folded on the Flop
Seat 6: 55c97043won ($42) with Jack High Flush
Seat 4: dbf33a2a(big blind) folded on the River
Seat 1: Hero folded before Flop (didn't bet)



Poker Hand #ring_896667701: NLH No Limit ($2/$4) - 2025/05/24 22:38:42
Table 'MR NLH 2/4' 7-max Seat #1 is the button
Seat 7: c79a5a ($351.05 in chips)
Seat 3: 47b02ebf ($594 in chips)
Seat 2: 2a4a6a5b ($800 in chips)
Seat 5: 294861df ($338.69 in chips)
Seat 6: 55c97043 ($196 in chips)
Seat 4: dbf33a2a ($1,558.95 in chips)
Seat 1: Hero ($490.24 in chips)
2a4a6a5b: posts small blind $2
47b02ebf: posts big blind $4
*** HOLE CARDS ***
Dealt to c79a5a 
Dealt to 47b02ebf 
Dealt to 2a4a6a5b 
Dealt to 294861df 
Dealt to 55c97043 
Dealt to dbf33a2a 
Dealt to Hero [9d 4h]
dbf33a2a: folds
294861df: folds
55c97043: folds
c79a5a: raises $6 to $10
Hero: folds
2a4a6a5b: folds
47b02ebf: folds
Uncalled bet ($6) returned to c79a5a
*** SHOWDOWN ***
c79a5a collected $10 from pot
*** SUMMARY ***
Total pot $10
Seat 7: c79a5awon ($10)
Seat 3: 47b02ebf(big blind) folded before Flop
Seat 2: 2a4a6a5b(small blind) folded before Flop
Seat 5: 294861df folded before Flop (didn't bet)
Seat 6: 55c97043 folded before Flop (didn't bet)
Seat 4: dbf33a2a folded before Flop (didn't bet)
Seat 1: Hero folded before Flop (didn't bet)



Poker Hand #ring_896666841: NLH No Limit ($2/$4) - 2025/05/24 22:38:13
Table 'MR NLH 2/4' 7-max Seat #7 is the button
Seat 7: c79a5a ($351.05 in chips)
Seat 3: 47b02ebf ($594 in chips)
Seat 2: 2a4a6a5b ($798 in chips)
Seat 5: 294861df ($328.69 in chips)
Seat 6: 55c97043 ($200 in chips)
Seat 4: dbf33a2a ($1,558.95 in chips)
Seat 1: Hero ($492.24 in chips)
Hero: posts small blind $2
2a4a6a5b: posts big blind $4
55c97043: posts big blind $4
*** HOLE CARDS ***
Dealt to c79a5a 
Dealt to 47b02ebf 
Dealt to 2a4a6a5b 
Dealt to 294861df 
Dealt to 55c97043 
Dealt to dbf33a2a 
Dealt to Hero [4d As]
47b02ebf: folds
dbf33a2a: folds
294861df: raises $25 to $29
55c97043: folds
c79a5a: folds
Hero: folds
2a4a6a5b: folds
Uncalled bet ($25) returned to 294861df
*** SHOWDOWN ***
294861df collected $14 from pot
*** SUMMARY ***
Total pot $14
Seat 7: c79a5a folded before Flop (didn't bet)
Seat 3: 47b02ebf folded before Flop (didn't bet)
Seat 2: 2a4a6a5b(big blind) folded before Flop
Seat 5: 294861dfwon ($14)
Seat 6: 55c97043 folded before Flop
Seat 4: dbf33a2a folded before Flop (didn't bet)
Seat 1: Hero(small blind) folded before Flop



Poker Hand #ring_896665245: NLH No Limit ($2/$4) - 2025/05/24 22:37:19
Table 'MR NLH 2/4' 7-max Seat #5 is the button
Seat 7: c79a5a ($361.05 in chips)
Seat 3: 47b02ebf ($594 in chips)
Seat 2: 2a4a6a5b ($798 in chips)
Seat 5: 294861df ($328.69 in chips)
Seat 4: dbf33a2a ($1,568.95 in chips)
Seat 1: Hero ($473.59 in chips)
c79a5a: posts small blind $2
Hero: posts big blind $4
*** HOLE CARDS ***
Dealt to c79a5a 
Dealt to 47b02ebf 
Dealt to 2a4a6a5b 
Dealt to 294861df 
Dealt to dbf33a2a 
Dealt to Hero [7h 5s]
2a4a6a5b: folds
47b02ebf: folds
dbf33a2a: raises $6 to $10
294861df: folds
c79a5a: calls $8
Hero: calls $6
*** FLOP *** [2c 4s Qd]
c79a5a: checks
Hero: bets $15
dbf33a2a: folds
c79a5a: folds
Uncalled bet ($15) returned to Hero
*** SHOWDOWN ***
Hero collected $30 from pot
*** SUMMARY ***
Total pot $30
Board [2c 4s Qd]
Seat 7: c79a5a(small blind) folded on the Flop
Seat 3: 47b02ebf folded before Flop (didn't bet)
Seat 2: 2a4a6a5b folded before Flop (didn't bet)
Seat 5: 294861df folded before Flop (didn't bet)
Seat 4: dbf33a2a folded on the Flop
Seat 1: Hero(big blind)won ($30) with Queen-High



Poker Hand #ring_896664443: NLH No Limit ($2/$4) - 2025/05/24 22:36:50
Table 'MR NLH 2/4' 7-max Seat #4 is the button
Seat 7: c79a5a ($365.05 in chips)
Seat 3: 47b02ebf ($594 in chips)
Seat 2: 2a4a6a5b ($798 in chips)
Seat 5: 294861df ($330.69 in chips)
Seat 4: dbf33a2a ($1,568.95 in chips)
Seat 1: Hero ($467.59 in chips)
294861df: posts small blind $2
c79a5a: posts big blind $4
*** HOLE CARDS ***
Dealt to c79a5a 
Dealt to 47b02ebf 
Dealt to 2a4a6a5b 
Dealt to 294861df 
Dealt to dbf33a2a 
Dealt to Hero [6c Ac]
Hero: raises $8 to $12
2a4a6a5b: folds
47b02ebf: folds
dbf33a2a: folds
294861df: folds
c79a5a: folds
Uncalled bet ($8) returned to Hero
*** SHOWDOWN ***
Hero collected $10 from pot
*** SUMMARY ***
Total pot $10
Seat 7: c79a5a(big blind) folded before Flop
Seat 3: 47b02ebf folded before Flop (didn't bet)
Seat 2: 2a4a6a5b folded before Flop (didn't bet)
Seat 5: 294861df(small blind) folded before Flop
Seat 4: dbf33a2a folded before Flop (didn't bet)
Seat 1: Herowon ($10)



Poker Hand #ring_896663269: NLH No Limit ($2/$4) - 2025/05/24 22:36:10
Table 'MR NLH 2/4' 7-max Seat #3 is the button
Seat 7: c79a5a ($365.05 in chips)
Seat 3: 47b02ebf ($594 in chips)
Seat 2: 2a4a6a5b ($798 in chips)
Seat 5: 294861df ($311.59 in chips)
Seat 4: dbf33a2a ($1,591.03 in chips)
Seat 1: Hero ($467.59 in chips)
dbf33a2a: posts small blind $2
294861df: posts big blind $4
*** HOLE CARDS ***
Dealt to c79a5a 
Dealt to 47b02ebf 
Dealt to 2a4a6a5b 
Dealt to 294861df 
Dealt to dbf33a2a 
Dealt to Hero [3d 7h]
c79a5a: folds
Hero: folds
2a4a6a5b: folds
47b02ebf: folds
dbf33a2a: raises $8 to $12
294861df: calls $8
*** FLOP *** [9h Qc Ks]
dbf33a2a: bets $10.08
294861df: calls $10.08
*** TURN *** [9h Qc Ks] [Qh]
dbf33a2a: checks
294861df: bets $44.16
dbf33a2a: folds
Uncalled bet ($44.16) returned to 294861df
*** SHOWDOWN ***
294861df collected $44.16 from pot
*** SUMMARY ***
Total pot $44.16
Board [9h Qc Ks Qh]
Seat 7: c79a5a folded before Flop (didn't bet)
Seat 3: 47b02ebf folded before Flop (didn't bet)
Seat 2: 2a4a6a5b folded before Flop (didn't bet)
Seat 5: 294861df(big blind)won ($44.16) with Pair of Kings and Pair of Queens
Seat 4: dbf33a2a(small blind) folded on the Turn
Seat 1: Hero folded before Flop (didn't bet)



Poker Hand #ring_896662109: NLH No Limit ($2/$4) - 2025/05/24 22:35:31
Table 'MR NLH 2/4' 7-max Seat #2 is the button
Seat 7: c79a5a ($365.05 in chips)
Seat 3: 47b02ebf ($596 in chips)
Seat 2: 2a4a6a5b ($798 in chips)
Seat 5: 294861df ($323.59 in chips)
Seat 4: dbf33a2a ($1,595.03 in chips)
Seat 1: Hero ($450.94 in chips)
47b02ebf: posts small blind $2
dbf33a2a: posts big blind $4
*** HOLE CARDS ***
Dealt to c79a5a 
Dealt to 47b02ebf 
Dealt to 2a4a6a5b 
Dealt to 294861df 
Dealt to dbf33a2a 
Dealt to Hero [3d 4d]
294861df: calls $4
c79a5a: folds
Hero: raises $8 to $12
2a4a6a5b: folds
47b02ebf: folds
dbf33a2a: folds
294861df: calls $8
*** FLOP *** [Js 3c 6c]
294861df: checks
Hero: checks
*** TURN *** [Js 3c 6c] [Ad]
294861df: checks
Hero: checks
*** RIVER *** [Js 3c 6c Ad] [Th]
294861df: checks
Hero: checks
Hero: shows [3d 4d]
294861df: shows [Qs 9s]
*** SHOWDOWN ***
Hero collected $30 from pot
*** SUMMARY ***
Total pot $30
Board [Js 3c 6c Ad Th]
Seat 7: c79a5a folded before Flop (didn't bet)
Seat 3: 47b02ebf(small blind) folded before Flop
Seat 2: 2a4a6a5b folded before Flop (didn't bet)
Seat 5: 294861df showed [Qs 9s] and lost with Ace-High
Seat 4: dbf33a2a(big blind) folded before Flop
Seat 1: Hero showed [3d 4d] and won ($30) with Pair of Treys



Poker Hand #ring_896660355: NLH No Limit ($2/$4) - 2025/05/24 22:34:30
Table 'MR NLH 2/4' 7-max Seat #1 is the button
Seat 7: c79a5a ($365.05 in chips)
Seat 3: 47b02ebf ($600 in chips)
Seat 2: 2a4a6a5b ($800 in chips)
Seat 5: 294861df ($341.59 in chips)
Seat 4: dbf33a2a ($1,595.03 in chips)
Seat 1: Hero ($429.83 in chips)
2a4a6a5b: posts small blind $2
47b02ebf: posts big blind $4
*** HOLE CARDS ***
Dealt to c79a5a 
Dealt to 47b02ebf 
Dealt to 2a4a6a5b 
Dealt to 294861df 
Dealt to dbf33a2a 
Dealt to Hero [9d Qh]
dbf33a2a: folds
294861df: calls $4
c79a5a: folds
Hero: calls $4
2a4a6a5b: folds
47b02ebf: checks
*** FLOP *** [6c 5h 9h]
47b02ebf: checks
294861df: bets $14
Hero: calls $14
47b02ebf: folds
*** TURN *** [6c 5h 9h] [2h]
294861df: checks
Hero: checks
*** RIVER *** [6c 5h 9h 2h] [Ts]
294861df: checks
Hero: bets $21
294861df: folds
Uncalled bet ($21) returned to Hero
*** SHOWDOWN ***
Hero collected $42 from pot
*** SUMMARY ***
Total pot $42
Board [6c 5h 9h 2h Ts]
Seat 7: c79a5a folded before Flop (didn't bet)
Seat 3: 47b02ebf(big blind) folded on the Flop
Seat 2: 2a4a6a5b(small blind) folded before Flop
Seat 5: 294861df folded on the River
Seat 4: dbf33a2a folded before Flop (didn't bet)
Seat 1: Herowon ($42) with Pair of Nines



Poker Hand #ring_896659504: NLH No Limit ($2/$4) - 2025/05/24 22:34:01
Table 'MR NLH 2/4' 7-max Seat #7 is the button
Seat 7: c79a5a ($365.05 in chips)
Seat 3: 47b02ebf ($604 in chips)
Seat 2: 2a4a6a5b ($798 in chips)
Seat 5: 294861df ($345.59 in chips)
Seat 4: dbf33a2a ($1,595.03 in chips)
Seat 1: Hero ($417.83 in chips)
Hero: posts small blind $2
2a4a6a5b: posts big blind $4
47b02ebf: posts big blind $4
*** HOLE CARDS ***
Dealt to c79a5a 
Dealt to 47b02ebf 
Dealt to 2a4a6a5b 
Dealt to 294861df 
Dealt to dbf33a2a 
Dealt to Hero [As 8s]
47b02ebf: checks
dbf33a2a: folds
294861df: calls $4
c79a5a: folds
Hero: raises $8 to $12
2a4a6a5b: folds
47b02ebf: folds
294861df: folds
Uncalled bet ($8) returned to Hero
*** SHOWDOWN ***
Hero collected $16 from pot
*** SUMMARY ***
Total pot $16
Seat 7: c79a5a folded before Flop (didn't bet)
Seat 3: 47b02ebf folded before Flop
Seat 2: 2a4a6a5b(big blind) folded before Flop
Seat 5: 294861df folded before Flop
Seat 4: dbf33a2a folded before Flop (didn't bet)
Seat 1: Hero(small blind)won ($16)



Poker Hand #ring_896657097: NLH No Limit ($2/$4) - 2025/05/24 22:32:37
Table 'MR NLH 2/4' 7-max Seat #5 is the button
Seat 7: c79a5a ($367.05 in chips)
Seat 2: 2a4a6a5b ($798 in chips)
Seat 5: 294861df ($345.59 in chips)
Seat 4: dbf33a2a ($1,614.24 in chips)
Seat 1: Hero ($437.04 in chips)
c79a5a: posts small blind $2
Hero: posts big blind $4
*** HOLE CARDS ***
Dealt to c79a5a 
Dealt to 2a4a6a5b 
Dealt to 294861df 
Dealt to dbf33a2a 
Dealt to Hero [Kd Kc]
2a4a6a5b: folds
dbf33a2a: raises $6 to $10
294861df: folds
c79a5a: folds
Hero: raises $24 to $34
dbf33a2a: calls $24
*** FIRST FLOP *** [6h 8h 5c]
Hero: checks
dbf33a2a: bets $47.6
Hero: raises $78.98 to $126.58
dbf33a2a: raises $1,453.66 to $1,580.24 and is all-in
Hero: calls $276.46 and is all-in
Uncalled bet ($1,177.2) returned to dbf33a2a
Hero: shows [Kd Kc] (Pair of Kings)
dbf33a2a: shows [Th 9h] (Ten-High)
*** FIRST TURN *** [6h 8h 5c] [9s]
*** SECOND TURN *** [6h 8h 5c] [Tc]
*** FIRST RIVER *** [6h 8h 5c 9s] [8s]
*** SECOND RIVER *** [6h 8h 5c Tc] [Jh]
*** FIRST SHOWDOWN ***
Hero collected $438.54 from pot
*** SECOND SHOWDOWN ***
dbf33a2a collected $437.54 from pot
*** SUMMARY ***
Total pot $876.08
Hand was run two timesFIRST Board [6h 8h 5c 9s 8s]
SECOND Board [Tc Jh]
Seat 7: c79a5a(small blind) folded before Flop
Seat 2: 2a4a6a5b folded before Flop (didn't bet)
Seat 5: 294861df folded before Flop (didn't bet)
Seat 4: dbf33a2a showed [Th 9h] and won ($437.54) with Pair of Nines and Pair of Eights / Jack High Flush
Seat 1: Hero(big blind) showed [Kd Kc] and won ($438.54) with Pair of Kings and Pair of Eights / Pair of Kings



Poker Hand #ring_896656411: NLH No Limit ($2/$4) - 2025/05/24 22:32:14
Table 'MR NLH 2/4' 7-max Seat #4 is the button
Seat 7: c79a5a ($371.05 in chips)
Seat 2: 2a4a6a5b ($798 in chips)
Seat 5: 294861df ($347.59 in chips)
Seat 4: dbf33a2a ($1,614.24 in chips)
Seat 1: Hero ($431.04 in chips)
294861df: posts small blind $2
c79a5a: posts big blind $4
*** HOLE CARDS ***
Dealt to c79a5a 
Dealt to 2a4a6a5b 
Dealt to 294861df 
Dealt to dbf33a2a 
Dealt to Hero [Kc Jd]
Hero: raises $8 to $12
2a4a6a5b: folds
dbf33a2a: folds
294861df: folds
c79a5a: folds
Uncalled bet ($8) returned to Hero
*** SHOWDOWN ***
Hero collected $10 from pot
*** SUMMARY ***
Total pot $10
Seat 7: c79a5a(big blind) folded before Flop
Seat 2: 2a4a6a5b folded before Flop (didn't bet)
Seat 5: 294861df(small blind) folded before Flop
Seat 4: dbf33a2a folded before Flop (didn't bet)
Seat 1: Herowon ($10)



Poker Hand #ring_896655617: NLH No Limit ($2/$4) - 2025/05/24 22:31:47
Table 'MR NLH 2/4' 7-max Seat #2 is the button
Seat 7: c79a5a ($365.05 in chips)
Seat 2: 2a4a6a5b ($798 in chips)
Seat 5: 294861df ($351.59 in chips)
Seat 4: dbf33a2a ($1,616.24 in chips)
Seat 1: Hero ($431.04 in chips)
dbf33a2a: posts small blind $2
294861df: posts big blind $4
*** HOLE CARDS ***
Dealt to c79a5a 
Dealt to 2a4a6a5b 
Dealt to 294861df 
Dealt to dbf33a2a 
Dealt to Hero [Jh 4s]
c79a5a: raises $6 to $10
Hero: folds
2a4a6a5b: folds
dbf33a2a: folds
294861df: folds
Uncalled bet ($6) returned to c79a5a
*** SHOWDOWN ***
c79a5a collected $10 from pot
*** SUMMARY ***
Total pot $10
Seat 7: c79a5awon ($10)
Seat 2: 2a4a6a5b folded before Flop (didn't bet)
Seat 5: 294861df(big blind) folded before Flop
Seat 4: dbf33a2a(small blind) folded before Flop
Seat 1: Hero folded before Flop (didn't bet)



Poker Hand #ring_896654963: NLH No Limit ($2/$4) - 2025/05/24 22:31:23
Table 'MR NLH 2/4' 7-max Seat #1 is the button
Seat 7: c79a5a ($359.05 in chips)
Seat 2: 2a4a6a5b ($800 in chips)
Seat 5: 294861df ($351.59 in chips)
Seat 4: dbf33a2a ($1,620.24 in chips)
Seat 1: Hero ($431.04 in chips)
2a4a6a5b: posts small blind $2
dbf33a2a: posts big blind $4
*** HOLE CARDS ***
Dealt to c79a5a 
Dealt to 2a4a6a5b 
Dealt to 294861df 
Dealt to dbf33a2a 
Dealt to Hero [As 7c]
294861df: folds
c79a5a: raises $6 to $10
Hero: folds
2a4a6a5b: folds
dbf33a2a: folds
Uncalled bet ($6) returned to c79a5a
*** SHOWDOWN ***
c79a5a collected $10 from pot
*** SUMMARY ***
Total pot $10
Seat 7: c79a5awon ($10)
Seat 2: 2a4a6a5b(small blind) folded before Flop
Seat 5: 294861df folded before Flop (didn't bet)
Seat 4: dbf33a2a(big blind) folded before Flop
Seat 1: Hero folded before Flop (didn't bet)



Poker Hand #ring_896653899: NLH No Limit ($2/$4) - 2025/05/24 22:30:46
Table 'MR NLH 2/4' 7-max Seat #7 is the button
Seat 7: c79a5a ($343.05 in chips)
Seat 2: 2a4a6a5b ($800 in chips)
Seat 5: 294861df ($351.59 in chips)
Seat 4: dbf33a2a ($1,630.24 in chips)
Seat 1: Hero ($433.04 in chips)
Hero: posts small blind $2
2a4a6a5b: posts big blind $4
*** HOLE CARDS ***
Dealt to c79a5a 
Dealt to 2a4a6a5b 
Dealt to 294861df 
Dealt to dbf33a2a 
Dealt to Hero [Qs Th]
dbf33a2a: raises $6 to $10
294861df: folds
c79a5a: raises $30 to $40
Hero: folds
2a4a6a5b: folds
dbf33a2a: folds
Uncalled bet ($30) returned to c79a5a
*** SHOWDOWN ***
c79a5a collected $26 from pot
*** SUMMARY ***
Total pot $26
Seat 7: c79a5awon ($26)
Seat 2: 2a4a6a5b(big blind) folded before Flop
Seat 5: 294861df folded before Flop (didn't bet)
Seat 4: dbf33a2a folded before Flop
Seat 1: Hero(small blind) folded before Flop



Poker Hand #ring_896650978: NLH No Limit ($2/$4) - 2025/05/24 22:29:01
Table 'MR NLH 2/4' 7-max Seat #5 is the button
Seat 7: c79a5a ($345.05 in chips)
Seat 2: 2a4a6a5b ($822.68 in chips)
Seat 5: 294861df ($351.59 in chips)
Seat 4: dbf33a2a ($1,444.12 in chips)
Seat 1: Hero ($443.04 in chips)
c79a5a: posts small blind $2
Hero: posts big blind $4
*** HOLE CARDS ***
Dealt to c79a5a 
Dealt to 2a4a6a5b 
Dealt to 294861df 
Dealt to dbf33a2a 
Dealt to Hero [7d Ah]
2a4a6a5b: raises $6 to $10
dbf33a2a: calls $10
294861df: folds
c79a5a: folds
Hero: calls $6
*** FLOP *** [2s Ks Jc]
Hero: checks
2a4a6a5b: checks
dbf33a2a: bets $13.44
Hero: folds
2a4a6a5b: calls $13.44
*** TURN *** [2s Ks Jc] [8h]
2a4a6a5b: checks
dbf33a2a: bets $47.11
2a4a6a5b: calls $47.11
*** RIVER *** [2s Ks Jc 8h] [3h]
2a4a6a5b: checks
dbf33a2a: bets $122.48
2a4a6a5b: calls $122.48
2a4a6a5b: shows [Kh 7h]
dbf33a2a: shows [8d Jd]
*** SHOWDOWN ***
dbf33a2a collected $398.06 from pot
*** SUMMARY ***
Total pot $398.06
Board [2s Ks Jc 8h 3h]
Seat 7: c79a5a(small blind) folded before Flop
Seat 2: 2a4a6a5b showed [Kh 7h] and lost with Pair of Kings
Seat 5: 294861df folded before Flop (didn't bet)
Seat 4: dbf33a2a showed [8d Jd] and won ($398.06) with Pair of Jacks and Pair of Eights
Seat 1: Hero(big blind) folded on the Flop



Poker Hand #ring_896650326: NLH No Limit ($2/$4) - 2025/05/24 22:28:38
Table 'MR NLH 2/4' 7-max Seat #4 is the button
Seat 7: c79a5a ($343.05 in chips)
Seat 2: 2a4a6a5b ($822.68 in chips)
Seat 5: 294861df ($353.59 in chips)
Seat 4: dbf33a2a ($1,444.12 in chips)
Seat 1: Hero ($443.04 in chips)
294861df: posts small blind $2
c79a5a: posts big blind $4
*** HOLE CARDS ***
Dealt to c79a5a 
Dealt to 2a4a6a5b 
Dealt to 294861df 
Dealt to dbf33a2a 
Dealt to Hero [3s 2s]
Hero: folds
2a4a6a5b: folds
dbf33a2a: folds
294861df: folds
c79a5a: shows [Js]
*** SHOWDOWN ***
c79a5a collected $6 from pot
*** SUMMARY ***
Total pot $6
Seat 7: c79a5a(big blind) showed [Js] and won ($6)
Seat 2: 2a4a6a5b folded before Flop (didn't bet)
Seat 5: 294861df(small blind) folded before Flop
Seat 4: dbf33a2a folded before Flop (didn't bet)
Seat 1: Hero folded before Flop (didn't bet)



Poker Hand #ring_896649147: NLH No Limit ($2/$4) - 2025/05/24 22:27:55
Table 'MR NLH 2/4' 7-max Seat #2 is the button
Seat 7: c79a5a ($343.05 in chips)
Seat 2: 2a4a6a5b ($822.68 in chips)
Seat 5: 294861df ($332.75 in chips)
Seat 4: dbf33a2a ($1,468.12 in chips)
Seat 1: Hero ($443.04 in chips)
dbf33a2a: posts small blind $2
294861df: posts big blind $4
*** HOLE CARDS ***
Dealt to c79a5a 
Dealt to 2a4a6a5b 
Dealt to 294861df 
Dealt to dbf33a2a 
Dealt to Hero [7d Qc]
c79a5a: folds
Hero: folds
2a4a6a5b: folds
dbf33a2a: raises $8 to $12
294861df: calls $8
*** FLOP *** [6d Qh Jh]
dbf33a2a: checks
294861df: bets $12
dbf33a2a: calls $12
*** TURN *** [6d Qh Jh] [Kc]
dbf33a2a: checks
294861df: bets $48
dbf33a2a: folds
Uncalled bet ($48) returned to 294861df
*** SHOWDOWN ***
294861df collected $48 from pot
*** SUMMARY ***
Total pot $48
Board [6d Qh Jh Kc]
Seat 7: c79a5a folded before Flop (didn't bet)
Seat 2: 2a4a6a5b folded before Flop (didn't bet)
Seat 5: 294861df(big blind)won ($48) with Kings-High Straight
Seat 4: dbf33a2a(small blind) folded on the Turn
Seat 1: Hero folded before Flop (didn't bet)



Poker Hand #ring_896648179: NLH No Limit ($2/$4) - 2025/05/24 22:27:19
Table 'MR NLH 2/4' 7-max Seat #1 is the button
Seat 7: c79a5a ($343.05 in chips)
Seat 2: 2a4a6a5b ($824.68 in chips)
Seat 5: 294861df ($327.2 in chips)
Seat 4: dbf33a2a ($1,472.12 in chips)
Seat 1: Hero ($443.04 in chips)
2a4a6a5b: posts small blind $2
dbf33a2a: posts big blind $4
*** HOLE CARDS ***
Dealt to c79a5a 
Dealt to 2a4a6a5b 
Dealt to 294861df 
Dealt to dbf33a2a 
Dealt to Hero [9h 7d]
294861df: calls $4
c79a5a: folds
Hero: folds
2a4a6a5b: folds
dbf33a2a: checks
*** FLOP *** [Qh 2c 8h]
dbf33a2a: checks
294861df: checks
*** TURN *** [Qh 2c 8h] [Ks]
dbf33a2a: checks
294861df: bets $10
dbf33a2a: folds
Uncalled bet ($10) returned to 294861df
*** SHOWDOWN ***
294861df collected $10 from pot
*** SUMMARY ***
Total pot $10
Board [Qh 2c 8h Ks]
Seat 7: c79a5a folded before Flop (didn't bet)
Seat 2: 2a4a6a5b(small blind) folded before Flop
Seat 5: 294861dfwon ($10) with Ace-High
Seat 4: dbf33a2a(big blind) folded on the Turn
Seat 1: Hero folded before Flop (didn't bet)



Poker Hand #ring_896647644: NLH No Limit ($2/$4) - 2025/05/24 22:27:01
Table 'MR NLH 2/4' 7-max Seat #7 is the button
Seat 7: c79a5a ($343.05 in chips)
Seat 2: 2a4a6a5b ($822.68 in chips)
Seat 5: 294861df ($327.2 in chips)
Seat 4: dbf33a2a ($1,472.12 in chips)
Seat 1: Hero ($445.04 in chips)
Hero: posts small blind $2
2a4a6a5b: posts big blind $4
*** HOLE CARDS ***
Dealt to c79a5a 
Dealt to 2a4a6a5b 
Dealt to 294861df 
Dealt to dbf33a2a 
Dealt to Hero [6s 3d]
dbf33a2a: folds
294861df: folds
c79a5a: folds
Hero: folds
*** SHOWDOWN ***
2a4a6a5b collected $6 from pot
*** SUMMARY ***
Total pot $6
Seat 7: c79a5a folded before Flop (didn't bet)
Seat 2: 2a4a6a5b(big blind)won ($6)
Seat 5: 294861df folded before Flop (didn't bet)
Seat 4: dbf33a2a folded before Flop (didn't bet)
Seat 1: Hero(small blind) folded before Flop



Poker Hand #ring_896644186: NLH No Limit ($2/$4) - 2025/05/24 22:24:58
Table 'MR NLH 2/4' 7-max Seat #5 is the button
Seat 7: c79a5a ($284.91 in chips)
Seat 2: 2a4a6a5b ($822.68 in chips)
Seat 5: 294861df ($337.2 in chips)
Seat 4: dbf33a2a ($1,482.12 in chips)
Seat 1: Hero ($489.04 in chips)
c79a5a: posts small blind $2
Hero: posts big blind $4
*** HOLE CARDS ***
Dealt to c79a5a 
Dealt to 2a4a6a5b 
Dealt to 294861df 
Dealt to dbf33a2a 
Dealt to Hero [Ad 3d]
2a4a6a5b: folds
dbf33a2a: raises $6 to $10
294861df: calls $10
c79a5a: calls $8
Hero: calls $6
*** FLOP *** [4d 7d 7c]
c79a5a: checks
Hero: bets $34
dbf33a2a: folds
294861df: folds
c79a5a: calls $34
*** TURN *** [4d 7d 7c] [4c]
c79a5a: checks
Hero: checks
*** RIVER *** [4d 7d 7c 4c] [Jd]
c79a5a: bets $240.91 and is all-in
Hero: folds
Uncalled bet ($240.91) returned to c79a5a
c79a5a: shows [5h]
*** SHOWDOWN ***
c79a5a collected $108 from pot
*** SUMMARY ***
Total pot $108
Board [4d 7d 7c 4c Jd]
Seat 7: c79a5a(small blind) showed [5h] and won ($108) with Sevens Full over Fours
Seat 2: 2a4a6a5b folded before Flop (didn't bet)
Seat 5: 294861df folded on the Flop
Seat 4: dbf33a2a folded on the Flop
Seat 1: Hero(big blind) folded on the River



Poker Hand #ring_896643167: NLH No Limit ($2/$4) - 2025/05/24 22:24:22
Table 'MR NLH 2/4' 7-max Seat #4 is the button
Seat 7: c79a5a ($294.91 in chips)
Seat 2: 2a4a6a5b ($822.68 in chips)
Seat 5: 294861df ($347.2 in chips)
Seat 4: dbf33a2a ($1,463.47 in chips)
Seat 1: Hero ($489.04 in chips)
294861df: posts small blind $2
c79a5a: posts big blind $4
*** HOLE CARDS ***
Dealt to c79a5a 
Dealt to 2a4a6a5b 
Dealt to 294861df 
Dealt to dbf33a2a 
Dealt to Hero [4h 3c]
Hero: folds
2a4a6a5b: folds
dbf33a2a: raises $6 to $10
294861df: calls $8
c79a5a: calls $6
*** FLOP *** [7h Th 5c]
294861df: checks
c79a5a: checks
dbf33a2a: bets $12.6
294861df: folds
c79a5a: folds
Uncalled bet ($12.6) returned to dbf33a2a
*** SHOWDOWN ***
dbf33a2a collected $30 from pot
*** SUMMARY ***
Total pot $30
Board [7h Th 5c]
Seat 7: c79a5a(big blind) folded on the Flop
Seat 2: 2a4a6a5b folded before Flop (didn't bet)
Seat 5: 294861df(small blind) folded on the Flop
Seat 4: dbf33a2awon ($30) with Ace-High
Seat 1: Hero folded before Flop (didn't bet)



Poker Hand #ring_896642497: NLH No Limit ($2/$4) - 2025/05/24 22:23:57
Table 'MR NLH 2/4' 7-max Seat #2 is the button
Seat 7: c79a5a ($294.91 in chips)
Seat 2: 2a4a6a5b ($832.68 in chips)
Seat 5: 294861df ($351.2 in chips)
Seat 4: dbf33a2a ($1,449.47 in chips)
Seat 1: Hero ($489.04 in chips)
dbf33a2a: posts small blind $2
294861df: posts big blind $4
*** HOLE CARDS ***
Dealt to c79a5a 
Dealt to 2a4a6a5b 
Dealt to 294861df 
Dealt to dbf33a2a 
Dealt to Hero [4c 2s]
c79a5a: folds
Hero: folds
2a4a6a5b: raises $6 to $10
dbf33a2a: raises $58 to $68
294861df: folds
2a4a6a5b: folds
Uncalled bet ($58) returned to dbf33a2a
*** SHOWDOWN ***
dbf33a2a collected $24 from pot
*** SUMMARY ***
Total pot $24
Seat 7: c79a5a folded before Flop (didn't bet)
Seat 2: 2a4a6a5b folded before Flop
Seat 5: 294861df(big blind) folded before Flop
Seat 4: dbf33a2a(small blind)won ($24)
Seat 1: Hero folded before Flop (didn't bet)



Poker Hand #ring_896641945: NLH No Limit ($2/$4) - 2025/05/24 22:23:37
Table 'MR NLH 2/4' 7-max Seat #1 is the button
Seat 7: c79a5a ($294.91 in chips)
Seat 2: 2a4a6a5b ($834.68 in chips)
Seat 5: 294861df ($351.2 in chips)
Seat 4: dbf33a2a ($1,447.47 in chips)
Seat 1: Hero ($489.04 in chips)
2a4a6a5b: posts small blind $2
dbf33a2a: posts big blind $4
*** HOLE CARDS ***
Dealt to c79a5a 
Dealt to 2a4a6a5b 
Dealt to 294861df 
Dealt to dbf33a2a 
Dealt to Hero [Ts 4h]
294861df: folds
c79a5a: folds
Hero: folds
2a4a6a5b: folds
*** SHOWDOWN ***
dbf33a2a collected $6 from pot
*** SUMMARY ***
Total pot $6
Seat 7: c79a5a folded before Flop (didn't bet)
Seat 2: 2a4a6a5b(small blind) folded before Flop
Seat 5: 294861df folded before Flop (didn't bet)
Seat 4: dbf33a2a(big blind)won ($6)
Seat 1: Hero folded before Flop (didn't bet)



Poker Hand #ring_896641362: NLH No Limit ($2/$4) - 2025/05/24 22:23:17
Table 'MR NLH 2/4' 7-max Seat #7 is the button
Seat 7: c79a5a ($294.91 in chips)
Seat 2: 2a4a6a5b ($832.68 in chips)
Seat 5: 294861df ($351.2 in chips)
Seat 4: dbf33a2a ($1,447.47 in chips)
Seat 1: Hero ($491.04 in chips)
Hero: posts small blind $2
2a4a6a5b: posts big blind $4
*** HOLE CARDS ***
Dealt to c79a5a 
Dealt to 2a4a6a5b 
Dealt to 294861df 
Dealt to dbf33a2a 
Dealt to Hero [7c 3c]
dbf33a2a: folds
294861df: folds
c79a5a: folds
Hero: folds
*** SHOWDOWN ***
2a4a6a5b collected $6 from pot
*** SUMMARY ***
Total pot $6
Seat 7: c79a5a folded before Flop (didn't bet)
Seat 2: 2a4a6a5b(big blind)won ($6)
Seat 5: 294861df folded before Flop (didn't bet)
Seat 4: dbf33a2a folded before Flop (didn't bet)
Seat 1: Hero(small blind) folded before Flop



Poker Hand #ring_896640468: NLH No Limit ($2/$4) - 2025/05/24 22:22:44
Table 'MR NLH 2/4' 7-max Seat #5 is the button
Seat 7: c79a5a ($296.91 in chips)
Seat 2: 2a4a6a5b ($842.68 in chips)
Seat 5: 294861df ($335.2 in chips)
Seat 4: dbf33a2a ($1,447.47 in chips)
Seat 1: Hero ($495.04 in chips)
c79a5a: posts small blind $2
Hero: posts big blind $4
*** HOLE CARDS ***
Dealt to c79a5a 
Dealt to 2a4a6a5b 
Dealt to 294861df 
Dealt to dbf33a2a 
Dealt to Hero [Js 2s]
2a4a6a5b: raises $6 to $10
dbf33a2a: folds
294861df: raises $26 to $36
c79a5a: folds
Hero: folds
2a4a6a5b: folds
Uncalled bet ($26) returned to 294861df
*** SHOWDOWN ***
294861df collected $26 from pot
*** SUMMARY ***
Total pot $26
Seat 7: c79a5a(small blind) folded before Flop
Seat 2: 2a4a6a5b folded before Flop
Seat 5: 294861dfwon ($26)
Seat 4: dbf33a2a folded before Flop (didn't bet)
Seat 1: Hero(big blind) folded before Flop



Poker Hand #ring_896639516: NLH No Limit ($2/$4) - 2025/05/24 22:22:10
Table 'MR NLH 2/4' 7-max Seat #4 is the button
Seat 7: c79a5a ($300.91 in chips)
Seat 2: 2a4a6a5b ($842.68 in chips)
Seat 5: 294861df ($331.56 in chips)
Seat 4: dbf33a2a ($1,447.47 in chips)
Seat 1: Hero ($495.04 in chips)
294861df: posts small blind $2
c79a5a: posts big blind $4
*** HOLE CARDS ***
Dealt to c79a5a 
Dealt to 2a4a6a5b 
Dealt to 294861df 
Dealt to dbf33a2a 
Dealt to Hero [9c Js]
Hero: folds
2a4a6a5b: folds
dbf33a2a: folds
294861df: calls $2
c79a5a: checks
*** FLOP *** [Th 4h 2d]
294861df: checks
c79a5a: checks
*** TURN *** [Th 4h 2d] [8h]
294861df: bets $8
c79a5a: folds
Uncalled bet ($8) returned to 294861df
*** SHOWDOWN ***
294861df collected $8 from pot
*** SUMMARY ***
Total pot $8
Board [Th 4h 2d 8h]
Seat 7: c79a5a(big blind) folded on the Turn
Seat 2: 2a4a6a5b folded before Flop (didn't bet)
Seat 5: 294861df(small blind)won ($8) with Ten-High
Seat 4: dbf33a2a folded before Flop (didn't bet)
Seat 1: Hero folded before Flop (didn't bet)



Poker Hand #ring_896638651: NLH No Limit ($2/$4) - 2025/05/24 22:21:39
Table 'MR NLH 2/4' 7-max Seat #0 is the button
Seat 7: c79a5a ($294.91 in chips)
Seat 2: 2a4a6a5b ($842.68 in chips)
Seat 5: 294861df ($335.56 in chips)
Seat 4: dbf33a2a ($1,449.47 in chips)
Seat 1: Hero ($495.04 in chips)
dbf33a2a: posts small blind $2
294861df: posts big blind $4
*** HOLE CARDS ***
Dealt to c79a5a 
Dealt to 2a4a6a5b 
Dealt to 294861df 
Dealt to dbf33a2a 
Dealt to Hero [8h 6d]
c79a5a: raises $7 to $11
Hero: folds
2a4a6a5b: folds
dbf33a2a: folds
294861df: folds
Uncalled bet ($7) returned to c79a5a
*** SHOWDOWN ***
c79a5a collected $10 from pot
*** SUMMARY ***
Total pot $10
Seat 7: c79a5awon ($10)
Seat 2: 2a4a6a5b folded before Flop (didn't bet)
Seat 5: 294861df(big blind) folded before Flop
Seat 4: dbf33a2a(small blind) folded before Flop
Seat 1: Hero folded before Flop (didn't bet)



Poker Hand #ring_896637662: NLH No Limit ($2/$4) - 2025/05/24 22:21:04
Table 'MR NLH 2/4' 7-max Seat #2 is the button
Seat 7: c79a5a ($294.91 in chips)
Seat 2: 2a4a6a5b ($852.68 in chips)
Seat 5: 294861df ($339.56 in chips)
Seat 4: dbf33a2a ($1,435.47 in chips)
Seat 1: Hero ($495.04 in chips)
dbf33a2a: posts big blind $4
*** HOLE CARDS ***
Dealt to c79a5a 
Dealt to 2a4a6a5b 
Dealt to 294861df 
Dealt to dbf33a2a 
Dealt to Hero [7s Tc]
294861df: calls $4
c79a5a: folds
Hero: folds
2a4a6a5b: raises $6 to $10
dbf33a2a: raises $34 to $44
294861df: folds
2a4a6a5b: folds
Uncalled bet ($34) returned to dbf33a2a
*** SHOWDOWN ***
dbf33a2a collected $24 from pot
*** SUMMARY ***
Total pot $24
Seat 7: c79a5a folded before Flop (didn't bet)
Seat 2: 2a4a6a5b folded before Flop
Seat 5: 294861df folded before Flop
Seat 4: dbf33a2a(big blind)won ($24)
Seat 1: Hero folded before Flop (didn't bet)



Poker Hand #ring_896636871: NLH No Limit ($2/$4) - 2025/05/24 22:20:37
Table 'MR NLH 2/4' 7-max Seat #1 is the button
Seat 7: c79a5a ($294.91 in chips)
Seat 2: 2a4a6a5b ($854.68 in chips)
Seat 5: 294861df ($333.56 in chips)
Seat 4: dbf33a2a ($1,435.47 in chips)
Seat 1: Hero ($495.04 in chips)
Seat 3: 19bb69ec ($396.07 in chips)
2a4a6a5b: posts small blind $2
19bb69ec: posts big blind $4
*** HOLE CARDS ***
Dealt to c79a5a 
Dealt to 2a4a6a5b 
Dealt to 294861df 
Dealt to dbf33a2a 
Dealt to Hero [2c 5s]
Dealt to 19bb69ec 
dbf33a2a: folds
294861df: raises $12 to $16
c79a5a: folds
Hero: folds
2a4a6a5b: folds
19bb69ec: folds
Uncalled bet ($12) returned to 294861df
*** SHOWDOWN ***
294861df collected $10 from pot
*** SUMMARY ***
Total pot $10
Seat 7: c79a5a folded before Flop (didn't bet)
Seat 2: 2a4a6a5b(small blind) folded before Flop
Seat 5: 294861dfwon ($10)
Seat 4: dbf33a2a folded before Flop (didn't bet)
Seat 1: Hero folded before Flop (didn't bet)
Seat 3: 19bb69ec(big blind) folded before Flop



Poker Hand #ring_896636187: NLH No Limit ($2/$4) - 2025/05/24 22:20:12
Table 'MR NLH 2/4' 7-max Seat #7 is the button
Seat 7: c79a5a ($294.91 in chips)
Seat 2: 2a4a6a5b ($858.68 in chips)
Seat 5: 294861df ($333.56 in chips)
Seat 4: dbf33a2a ($1,429.47 in chips)
Seat 1: Hero ($497.04 in chips)
Seat 3: 19bb69ec ($396.07 in chips)
Hero: posts small blind $2
2a4a6a5b: posts big blind $4
*** HOLE CARDS ***
Dealt to c79a5a 
Dealt to 2a4a6a5b 
Dealt to 294861df 
Dealt to dbf33a2a 
Dealt to Hero [Jc 5h]
Dealt to 19bb69ec 
19bb69ec: folds
dbf33a2a: raises $6 to $10
294861df: folds
c79a5a: folds
Hero: folds
2a4a6a5b: folds
Uncalled bet ($6) returned to dbf33a2a
*** SHOWDOWN ***
dbf33a2a collected $10 from pot
*** SUMMARY ***
Total pot $10
Seat 7: c79a5a folded before Flop (didn't bet)
Seat 2: 2a4a6a5b(big blind) folded before Flop
Seat 5: 294861df folded before Flop (didn't bet)
Seat 4: dbf33a2awon ($10)
Seat 1: Hero(small blind) folded before Flop
Seat 3: 19bb69ec folded before Flop (didn't bet)



Poker Hand #ring_896635532: NLH No Limit ($2/$4) - 2025/05/24 22:19:49
Table 'MR NLH 2/4' 7-max Seat #5 is the button
Seat 7: c79a5a ($216.91 in chips)
Seat 2: 2a4a6a5b ($858.68 in chips)
Seat 5: 294861df ($315.56 in chips)
Seat 4: dbf33a2a ($1,429.47 in chips)
Seat 1: Hero ($501.04 in chips)
Seat 3: 19bb69ec ($408.07 in chips)
c79a5a: posts small blind $2
Hero: posts big blind $4
*** HOLE CARDS ***
Dealt to c79a5a 
Dealt to 2a4a6a5b 
Dealt to 294861df 
Dealt to dbf33a2a 
Dealt to Hero [4h 4c]
Dealt to 19bb69ec 
2a4a6a5b: folds
19bb69ec: raises $8 to $12
dbf33a2a: folds
294861df: raises $303.56 to $315.56 and is all-in
c79a5a: folds
Hero: folds
19bb69ec: folds
Uncalled bet ($303.56) returned to 294861df
*** SHOWDOWN ***
294861df collected $30 from pot
*** SUMMARY ***
Total pot $30
Seat 7: c79a5a(small blind) folded before Flop
Seat 2: 2a4a6a5b folded before Flop (didn't bet)
Seat 5: 294861dfwon ($30)
Seat 4: dbf33a2a folded before Flop (didn't bet)
Seat 1: Hero(big blind) folded before Flop
Seat 3: 19bb69ec folded before Flop



Poker Hand #ring_896633012: NLH No Limit ($2/$4) - 2025/05/24 22:18:18
Table 'MR NLH 2/4' 7-max Seat #4 is the button
Seat 7: c79a5a ($220.91 in chips)
Seat 2: 2a4a6a5b ($815.27 in chips)
Seat 5: 294861df ($317.56 in chips)
Seat 4: dbf33a2a ($1,429.47 in chips)
Seat 1: Hero ($501.04 in chips)
Seat 3: 19bb69ec ($450.57 in chips)
294861df: posts small blind $2
c79a5a: posts big blind $4
*** HOLE CARDS ***
Dealt to c79a5a 
Dealt to 2a4a6a5b 
Dealt to 294861df 
Dealt to dbf33a2a 
Dealt to Hero [3s 5h]
Dealt to 19bb69ec 
Hero: folds
2a4a6a5b: raises $6 to $10
19bb69ec: calls $10
dbf33a2a: folds
294861df: folds
c79a5a: folds
*** FLOP *** [9c 6h Jc]
2a4a6a5b: checks
19bb69ec: checks
*** TURN *** [9c 6h Jc] [Qd]
2a4a6a5b: bets $32.5
19bb69ec: calls $32.5
*** RIVER *** [9c 6h Jc Qd] [3d]
2a4a6a5b: bets $113.75
19bb69ec: folds
Uncalled bet ($113.75) returned to 2a4a6a5b
*** SHOWDOWN ***
2a4a6a5b collected $91 from pot
*** SUMMARY ***
Total pot $91
Board [9c 6h Jc Qd 3d]
Seat 7: c79a5a(big blind) folded before Flop
Seat 2: 2a4a6a5bwon ($91) with Three Jacks
Seat 5: 294861df(small blind) folded before Flop
Seat 4: dbf33a2a folded before Flop (didn't bet)
Seat 1: Hero folded before Flop (didn't bet)
Seat 3: 19bb69ec folded on the River



Poker Hand #ring_896632343: NLH No Limit ($2/$4) - 2025/05/24 22:17:53
Table 'MR NLH 2/4' 7-max Seat #3 is the button
Seat 7: c79a5a ($220.91 in chips)
Seat 6: a6826b5f ($854.28 in chips)
Seat 2: 2a4a6a5b ($815.27 in chips)
Seat 5: 294861df ($321.56 in chips)
Seat 4: dbf33a2a ($1,425.47 in chips)
Seat 1: Hero ($501.04 in chips)
Seat 3: 19bb69ec ($450.57 in chips)
dbf33a2a: posts small blind $2
294861df: posts big blind $4
*** HOLE CARDS ***
Dealt to c79a5a 
Dealt to a6826b5f 
Dealt to 2a4a6a5b 
Dealt to 294861df 
Dealt to dbf33a2a 
Dealt to Hero [8c Ts]
Dealt to 19bb69ec 
a6826b5f: folds
c79a5a: folds
Hero: folds
2a4a6a5b: folds
19bb69ec: folds
dbf33a2a: raises $8 to $12
294861df: folds
Uncalled bet ($8) returned to dbf33a2a
*** SHOWDOWN ***
dbf33a2a collected $8 from pot
*** SUMMARY ***
Total pot $8
Seat 7: c79a5a folded before Flop (didn't bet)
Seat 6: a6826b5f folded before Flop (didn't bet)
Seat 2: 2a4a6a5b folded before Flop (didn't bet)
Seat 5: 294861df(big blind) folded before Flop
Seat 4: dbf33a2a(small blind)won ($8)
Seat 1: Hero folded before Flop (didn't bet)
Seat 3: 19bb69ec folded before Flop (didn't bet)



Poker Hand #ring_896631600: NLH No Limit ($2/$4) - 2025/05/24 22:17:26
Table 'MR NLH 2/4' 7-max Seat #2 is the button
Seat 7: c79a5a ($220.91 in chips)
Seat 6: a6826b5f ($854.28 in chips)
Seat 2: 2a4a6a5b ($815.27 in chips)
Seat 5: 294861df ($321.56 in chips)
Seat 4: dbf33a2a ($1,429.47 in chips)
Seat 1: Hero ($501.04 in chips)
Seat 3: 19bb69ec ($446.57 in chips)
19bb69ec: posts small blind $2
dbf33a2a: posts big blind $4
*** HOLE CARDS ***
Dealt to c79a5a 
Dealt to a6826b5f 
Dealt to 2a4a6a5b 
Dealt to 294861df 
Dealt to dbf33a2a 
Dealt to Hero [Ac 8h]
Dealt to 19bb69ec 
294861df: folds
a6826b5f: folds
c79a5a: folds
Hero: folds
2a4a6a5b: folds
19bb69ec: raises $12 to $16
dbf33a2a: folds
Uncalled bet ($12) returned to 19bb69ec
*** SHOWDOWN ***
19bb69ec collected $8 from pot
*** SUMMARY ***
Total pot $8
Seat 7: c79a5a folded before Flop (didn't bet)
Seat 6: a6826b5f folded before Flop (didn't bet)
Seat 2: 2a4a6a5b folded before Flop (didn't bet)
Seat 5: 294861df folded before Flop (didn't bet)
Seat 4: dbf33a2a(big blind) folded before Flop
Seat 1: Hero folded before Flop (didn't bet)
Seat 3: 19bb69ec(small blind)won ($8)



Poker Hand #ring_896628232: NLH No Limit ($2/$4) - 2025/05/24 22:15:23
Table 'MR NLH 2/4' 7-max Seat #1 is the button
Seat 7: c79a5a ($220.91 in chips)
Seat 6: a6826b5f ($854.28 in chips)
Seat 2: 2a4a6a5b ($817.27 in chips)
Seat 5: 294861df ($321.56 in chips)
Seat 4: dbf33a2a ($1,429.47 in chips)
Seat 1: Hero ($373.64 in chips)
Seat 3: 19bb69ec ($585.57 in chips)
2a4a6a5b: posts small blind $2
19bb69ec: posts big blind $4
*** HOLE CARDS ***
Dealt to c79a5a 
Dealt to a6826b5f 
Dealt to 2a4a6a5b 
Dealt to 294861df 
Dealt to dbf33a2a 
Dealt to Hero [Jd 7d]
Dealt to 19bb69ec 
dbf33a2a: folds
294861df: folds
a6826b5f: folds
c79a5a: folds
Hero: raises $8 to $12
2a4a6a5b: folds
19bb69ec: calls $8
*** FLOP *** [Ac Kd 2s]
19bb69ec: checks
Hero: bets $13
19bb69ec: calls $13
*** TURN *** [Ac Kd 2s] [Ts]
19bb69ec: checks
Hero: bets $30
19bb69ec: calls $30
*** RIVER *** [Ac Kd 2s Ts] [Qd]
19bb69ec: bets $84
Hero: raises $84 to $168
19bb69ec: folds
Uncalled bet ($84) returned to Hero
19bb69ec: shows [As]
*** SHOWDOWN ***
Hero collected $280 from pot
*** SUMMARY ***
Total pot $280
Board [Ac Kd 2s Ts Qd]
Seat 7: c79a5a folded before Flop (didn't bet)
Seat 6: a6826b5f folded before Flop (didn't bet)
Seat 2: 2a4a6a5b(small blind) folded before Flop
Seat 5: 294861df folded before Flop (didn't bet)
Seat 4: dbf33a2a folded before Flop (didn't bet)
Seat 1: Herowon ($280) with Aces-High Straight
Seat 3: 19bb69ec(big blind) folded on the River



Poker Hand #ring_896627126: NLH No Limit ($2/$4) - 2025/05/24 22:14:43
Table 'MR NLH 2/4' 7-max Seat #7 is the button
Seat 7: c79a5a ($220.91 in chips)
Seat 6: a6826b5f ($854.28 in chips)
Seat 2: 2a4a6a5b ($821.27 in chips)
Seat 5: 294861df ($321.56 in chips)
Seat 4: dbf33a2a ($1,429.47 in chips)
Seat 1: Hero ($370 in chips)
Seat 3: 19bb69ec ($585.57 in chips)
Hero: posts small blind $2
2a4a6a5b: posts big blind $4
*** HOLE CARDS ***
Dealt to c79a5a 
Dealt to a6826b5f 
Dealt to 2a4a6a5b 
Dealt to 294861df 
Dealt to dbf33a2a 
Dealt to Hero [7d 6c]
Dealt to 19bb69ec 
19bb69ec: folds
dbf33a2a: folds
294861df: folds
a6826b5f: folds
c79a5a: folds
Hero: calls $2
2a4a6a5b: checks
*** FLOP *** [4h Qd Kd]
Hero: checks
2a4a6a5b: checks
*** TURN *** [4h Qd Kd] [6s]
Hero: checks
2a4a6a5b: checks
*** RIVER *** [4h Qd Kd 6s] [Js]
Hero: checks
2a4a6a5b: checks
Hero: shows [7d 6c]
2a4a6a5b: shows [2h Tc]
*** SHOWDOWN ***
Hero collected $8 from pot
*** SUMMARY ***
Total pot $8
Board [4h Qd Kd 6s Js]
Seat 7: c79a5a folded before Flop (didn't bet)
Seat 6: a6826b5f folded before Flop (didn't bet)
Seat 2: 2a4a6a5b(big blind) showed [2h Tc] and lost with King-High
Seat 5: 294861df folded before Flop (didn't bet)
Seat 4: dbf33a2a folded before Flop (didn't bet)
Seat 1: Hero(small blind) showed [7d 6c] and won ($8) with Pair of Sixes
Seat 3: 19bb69ec folded before Flop (didn't bet)



Poker Hand #ring_896625730: NLH No Limit ($2/$4) - 2025/05/24 22:13:51
Table 'MR NLH 2/4' 7-max Seat #6 is the button
Seat 7: c79a5a ($222.91 in chips)
Seat 6: a6826b5f ($833.72 in chips)
Seat 2: 2a4a6a5b ($831.27 in chips)
Seat 5: 294861df ($321.56 in chips)
Seat 4: dbf33a2a ($1,429.47 in chips)
Seat 1: Hero ($380 in chips)
Seat 3: 19bb69ec ($585.57 in chips)
c79a5a: posts small blind $2
Hero: posts big blind $4
*** HOLE CARDS ***
Dealt to c79a5a 
Dealt to a6826b5f 
Dealt to 2a4a6a5b 
Dealt to 294861df 
Dealt to dbf33a2a 
Dealt to Hero [8c Tc]
Dealt to 19bb69ec 
2a4a6a5b: raises $6 to $10
19bb69ec: folds
dbf33a2a: folds
294861df: folds
a6826b5f: calls $10
c79a5a: folds
Hero: calls $6
*** FLOP *** [Jd 2h 3c]
Hero: checks
2a4a6a5b: checks
a6826b5f: bets $17.28
Hero: folds
2a4a6a5b: folds
Uncalled bet ($17.28) returned to a6826b5f
*** SHOWDOWN ***
a6826b5f collected $32 from pot
*** SUMMARY ***
Total pot $32
Board [Jd 2h 3c]
Seat 7: c79a5a(small blind) folded before Flop
Seat 6: a6826b5fwon ($32) with Queen-High
Seat 2: 2a4a6a5b folded on the Flop
Seat 5: 294861df folded before Flop (didn't bet)
Seat 4: dbf33a2a folded before Flop (didn't bet)
Seat 1: Hero(big blind) folded on the Flop
Seat 3: 19bb69ec folded before Flop (didn't bet)



