Poker Hand #ring_876267681: NLH No Limit ($2/$4) - 2025/05/14 04:39:48
Table 'MR NLH BOMBPOT 2/4' 7-max Seat #1 is the button
Seat 1: 42b002a9 ($276.97 in chips)
Seat 5: 2d416905 ($875.63 in chips)
Seat 7: Hero ($1,524.7 in chips)
Seat 4: ac1fafa6 ($769.64 in chips)
ac1fafa6: posts the ante $20
2d416905: posts the ante $20
Hero: posts the ante $20
42b002a9: posts the ante $20
*** HOLE CARDS ***
Dealt to 42b002a9 
Dealt to 2d416905 
Dealt to Hero [2s 2h]
Dealt to ac1fafa6 
*** FLOP *** [9d As 6d]
ac1fafa6: checks
2d416905: checks
Hero: bets $24
42b002a9: folds
ac1fafa6: calls $24
2d416905: folds
*** TURN *** [9d As 6d] [8d]
ac1fafa6: checks
Hero: checks
*** RIVER *** [9d As 6d 8d] [Th]
ac1fafa6: checks
Hero: checks
ac1fafa6: shows [Kh Ad]
Hero: shows [2s 2h]
*** SHOWDOWN ***
ac1fafa6 collected $128 from pot
*** SUMMARY ***
Total pot $128
Board [9d As 6d 8d Th]
Seat 1: 42b002a9 folded on the Flop
Seat 5: 2d416905(big blind) folded on the Flop
Seat 7: Hero showed [2s 2h] and lost with Pair of Twos
Seat 4: ac1fafa6(small blind) showed [Kh Ad] and won ($128) with Pair of Aces



Poker Hand #ring_876267390: NLH No Limit ($2/$4) - 2025/05/14 04:39:35
Table 'MR NLH BOMBPOT 2/4' 7-max Seat #7 is the button
Seat 1: 42b002a9 ($278.97 in chips)
Seat 5: 2d416905 ($875.63 in chips)
Seat 7: Hero ($1,524.7 in chips)
Seat 4: ac1fafa6 ($767.64 in chips)
42b002a9: posts small blind $2
ac1fafa6: posts big blind $4
*** HOLE CARDS ***
Dealt to 42b002a9 
Dealt to 2d416905 
Dealt to Hero [7s Kh]
Dealt to ac1fafa6 
2d416905: folds
Hero: folds
42b002a9: folds
*** SHOWDOWN ***
ac1fafa6 collected $6 from pot
*** SUMMARY ***
Total pot $6
Seat 1: 42b002a9(small blind) folded before Flop
Seat 5: 2d416905 folded before Flop (didn't bet)
Seat 7: Hero folded before Flop (didn't bet)
Seat 4: ac1fafa6(big blind)won ($6)



Poker Hand #ring_876266553: NLH No Limit ($2/$4) - 2025/05/14 04:38:55
Table 'MR NLH BOMBPOT 2/4' 7-max Seat #5 is the button
Seat 1: 42b002a9 ($299.97 in chips)
Seat 5: 2d416905 ($875.63 in chips)
Seat 7: Hero ($1,526.7 in chips)
Seat 4: ac1fafa6 ($747.62 in chips)
Hero: posts small blind $2
42b002a9: posts big blind $4
*** HOLE CARDS ***
Dealt to 42b002a9 
Dealt to 2d416905 
Dealt to Hero [Js 7s]
Dealt to ac1fafa6 
ac1fafa6: raises $6 to $10
2d416905: folds
Hero: folds
42b002a9: calls $6
*** FLOP *** [Ad 4s Ac]
42b002a9: checks
ac1fafa6: checks
*** TURN *** [Ad 4s Ac] [9c]
42b002a9: checks
ac1fafa6: bets $11
42b002a9: calls $11
*** RIVER *** [Ad 4s Ac 9c] [Qs]
42b002a9: checks
ac1fafa6: bets $22
42b002a9: folds
Uncalled bet ($22) returned to ac1fafa6
*** SHOWDOWN ***
ac1fafa6 collected $44 from pot
*** SUMMARY ***
Total pot $44
Board [Ad 4s Ac 9c Qs]
Seat 1: 42b002a9(big blind) folded on the River
Seat 5: 2d416905 folded before Flop (didn't bet)
Seat 7: Hero(small blind) folded before Flop
Seat 4: ac1fafa6won ($44) with Pair of Aces and Pair of Queens



Poker Hand #ring_876266263: NLH No Limit ($2/$4) - 2025/05/14 04:38:42
Table 'MR NLH BOMBPOT 2/4' 7-max Seat #4 is the button
Seat 1: 42b002a9 ($299.97 in chips)
Seat 5: 2d416905 ($877.63 in chips)
Seat 7: Hero ($1,524.7 in chips)
Seat 4: ac1fafa6 ($747.62 in chips)
2d416905: posts small blind $2
Hero: posts big blind $4
*** HOLE CARDS ***
Dealt to 42b002a9 
Dealt to 2d416905 
Dealt to Hero [4s 5h]
Dealt to ac1fafa6 
42b002a9: folds
ac1fafa6: folds
2d416905: folds
*** SHOWDOWN ***
Hero collected $6 from pot
*** SUMMARY ***
Total pot $6
Seat 1: 42b002a9 folded before Flop (didn't bet)
Seat 5: 2d416905(small blind) folded before Flop
Seat 7: Hero(big blind)won ($6)
Seat 4: ac1fafa6 folded before Flop (didn't bet)



Poker Hand #ring_876265739: NLH No Limit ($2/$4) - 2025/05/14 04:38:18
Table 'MR NLH BOMBPOT 2/4' 7-max Seat #1 is the button
Seat 1: 42b002a9 ($283.32 in chips)
Seat 5: 2d416905 ($881.63 in chips)
Seat 7: Hero ($1,536.7 in chips)
Seat 4: ac1fafa6 ($749.62 in chips)
ac1fafa6: posts small blind $2
2d416905: posts big blind $4
*** HOLE CARDS ***
Dealt to 42b002a9 
Dealt to 2d416905 
Dealt to Hero [Jh Ah]
Dealt to ac1fafa6 
Hero: raises $8 to $12
42b002a9: calls $12
ac1fafa6: folds
2d416905: folds
*** FLOP *** [7d 9c 5s]
Hero: checks
42b002a9: bets $15
Hero: folds
Uncalled bet ($15) returned to 42b002a9
*** SHOWDOWN ***
42b002a9 collected $30 from pot
*** SUMMARY ***
Total pot $30
Board [7d 9c 5s]
Seat 1: 42b002a9won ($30) with Ace-High
Seat 5: 2d416905(big blind) folded before Flop
Seat 7: Hero folded on the Flop
Seat 4: ac1fafa6(small blind) folded before Flop



Poker Hand #ring_876264718: NLH No Limit ($2/$4) - 2025/05/14 04:37:32
Table 'MR NLH BOMBPOT 2/4' 7-max Seat #7 is the button
Seat 1: 42b002a9 ($285.32 in chips)
Seat 5: 2d416905 ($881.63 in chips)
Seat 7: Hero ($1,516.68 in chips)
Seat 4: ac1fafa6 ($770.62 in chips)
42b002a9: posts small blind $2
ac1fafa6: posts big blind $4
*** HOLE CARDS ***
Dealt to 42b002a9 
Dealt to 2d416905 
Dealt to Hero [Jc Th]
Dealt to ac1fafa6 
2d416905: folds
Hero: raises $6 to $10
42b002a9: folds
ac1fafa6: calls $6
*** FLOP *** [Ts 8d 7h]
ac1fafa6: checks
Hero: bets $11
ac1fafa6: calls $11
*** TURN *** [Ts 8d 7h] [Td]
ac1fafa6: checks
Hero: checks
*** RIVER *** [Ts 8d 7h Td] [2d]
ac1fafa6: checks
Hero: bets $35.2
ac1fafa6: folds
Uncalled bet ($35.2) returned to Hero
*** SHOWDOWN ***
Hero collected $44 from pot
*** SUMMARY ***
Total pot $44
Board [Ts 8d 7h Td 2d]
Seat 1: 42b002a9(small blind) folded before Flop
Seat 5: 2d416905 folded before Flop (didn't bet)
Seat 7: Herowon ($44) with Three Tens
Seat 4: ac1fafa6(big blind) folded on the River



Poker Hand #ring_876263814: NLH No Limit ($2/$4) - 2025/05/14 04:36:51
Table 'MR NLH BOMBPOT 2/4' 7-max Seat #5 is the button
Seat 1: 42b002a9 ($310.32 in chips)
Seat 5: 2d416905 ($881.63 in chips)
Seat 7: Hero ($1,485.38 in chips)
Seat 4: ac1fafa6 ($780.62 in chips)
Hero: posts small blind $2
42b002a9: posts big blind $4
*** HOLE CARDS ***
Dealt to 42b002a9 
Dealt to 2d416905 
Dealt to Hero [Ad Js]
Dealt to ac1fafa6 
ac1fafa6: raises $6 to $10
2d416905: folds
Hero: calls $8
42b002a9: calls $6
*** FLOP *** [Jc Td 4s]
Hero: bets $15
42b002a9: calls $15
ac1fafa6: folds
*** TURN *** [Jc Td 4s] [Qc]
Hero: checks
42b002a9: checks
*** RIVER *** [Jc Td 4s Qc] [4d]
Hero: checks
42b002a9: checks
42b002a9: shows [9h Jd]
Hero: shows [Ad Js]
*** SHOWDOWN ***
Hero collected $60 from pot
*** SUMMARY ***
Total pot $60
Board [Jc Td 4s Qc 4d]
Seat 1: 42b002a9(big blind) showed [9h Jd] and lost with Pair of Jacks and Pair of Fours
Seat 5: 2d416905 folded before Flop (didn't bet)
Seat 7: Hero(small blind) showed [Ad Js] and won ($60) with Pair of Jacks and Pair of Fours
Seat 4: ac1fafa6 folded on the Flop



Poker Hand #ring_876263514: NLH No Limit ($2/$4) - 2025/05/14 04:36:37
Table 'MR NLH BOMBPOT 2/4' 7-max Seat #4 is the button
Seat 1: 42b002a9 ($310.32 in chips)
Seat 5: 2d416905 ($883.63 in chips)
Seat 7: Hero ($1,483.38 in chips)
Seat 4: ac1fafa6 ($780.62 in chips)
2d416905: posts small blind $2
Hero: posts big blind $4
*** HOLE CARDS ***
Dealt to 42b002a9 
Dealt to 2d416905 
Dealt to Hero [Ad 2d]
Dealt to ac1fafa6 
42b002a9: folds
ac1fafa6: folds
2d416905: folds
*** SHOWDOWN ***
Hero collected $6 from pot
*** SUMMARY ***
Total pot $6
Seat 1: 42b002a9 folded before Flop (didn't bet)
Seat 5: 2d416905(small blind) folded before Flop
Seat 7: Hero(big blind)won ($6)
Seat 4: ac1fafa6 folded before Flop (didn't bet)



Poker Hand #ring_876262639: NLH No Limit ($2/$4) - 2025/05/14 04:35:58
Table 'MR NLH BOMBPOT 2/4' 7-max Seat #1 is the button
Seat 1: 42b002a9 ($277.47 in chips)
Seat 5: 2d416905 ($887.63 in chips)
Seat 7: Hero ($1,483.38 in chips)
Seat 4: ac1fafa6 ($779.53 in chips)
ac1fafa6: posts small blind $2
2d416905: posts big blind $4
*** HOLE CARDS ***
Dealt to 42b002a9 
Dealt to 2d416905 
Dealt to Hero [6s 3s]
Dealt to ac1fafa6 
Hero: folds
42b002a9: raises $8 to $12
ac1fafa6: calls $10
2d416905: folds
*** FLOP *** [4s 7s 8h]
ac1fafa6: checks
42b002a9: checks
*** TURN *** [4s 7s 8h] [As]
ac1fafa6: checks
42b002a9: bets $21
ac1fafa6: calls $21
*** RIVER *** [4s 7s 8h As] [4d]
ac1fafa6: checks
42b002a9: bets $52.5
ac1fafa6: folds
Uncalled bet ($52.5) returned to 42b002a9
*** SHOWDOWN ***
42b002a9 collected $70 from pot
*** SUMMARY ***
Total pot $70
Board [4s 7s 8h As 4d]
Seat 1: 42b002a9won ($70) with Pair of Fours
Seat 5: 2d416905(big blind) folded before Flop
Seat 7: Hero folded before Flop (didn't bet)
Seat 4: ac1fafa6(small blind) folded on the River



Poker Hand #ring_876262278: NLH No Limit ($2/$4) - 2025/05/14 04:35:43
Table 'MR NLH BOMBPOT 2/4' 7-max Seat #7 is the button
Seat 1: 42b002a9 ($279.47 in chips)
Seat 5: 2d416905 ($887.63 in chips)
Seat 7: Hero ($1,483.38 in chips)
Seat 4: ac1fafa6 ($777.53 in chips)
42b002a9: posts small blind $2
ac1fafa6: posts big blind $4
*** HOLE CARDS ***
Dealt to 42b002a9 
Dealt to 2d416905 
Dealt to Hero [5h 2c]
Dealt to ac1fafa6 
2d416905: folds
Hero: folds
42b002a9: folds
*** SHOWDOWN ***
ac1fafa6 collected $6 from pot
*** SUMMARY ***
Total pot $6
Seat 1: 42b002a9(small blind) folded before Flop
Seat 5: 2d416905 folded before Flop (didn't bet)
Seat 7: Hero folded before Flop (didn't bet)
Seat 4: ac1fafa6(big blind)won ($6)



Poker Hand #ring_876261232: NLH No Limit ($2/$4) - 2025/05/14 04:34:55
Table 'MR NLH BOMBPOT 2/4' 7-max Seat #5 is the button
Seat 1: 42b002a9 ($299.47 in chips)
Seat 5: 2d416905 ($907.63 in chips)
Seat 7: Hero ($1,318.78 in chips)
Seat 4: ac1fafa6 ($917.53 in chips)
Hero: posts the ante $20
42b002a9: posts the ante $20
ac1fafa6: posts the ante $20
2d416905: posts the ante $20
*** HOLE CARDS ***
Dealt to 42b002a9 
Dealt to 2d416905 
Dealt to Hero [Ah 8h]
Dealt to ac1fafa6 
*** FLOP *** [Ac 8s 3c]
Hero: bets $40
42b002a9: folds
ac1fafa6: calls $40
2d416905: folds
*** TURN *** [Ac 8s 3c] [7c]
Hero: checks
ac1fafa6: checks
*** RIVER *** [Ac 8s 3c 7c] [Qh]
Hero: bets $80
ac1fafa6: calls $80
ac1fafa6: shows [3s 8d]
Hero: shows [Ah 8h]
*** SHOWDOWN ***
Hero collected $320 from pot
*** SUMMARY ***
Total pot $320
Board [Ac 8s 3c 7c Qh]
Seat 1: 42b002a9(big blind) folded on the Flop
Seat 5: 2d416905 folded on the Flop
Seat 7: Hero(small blind) showed [Ah 8h] and won ($320) with Pair of Aces and Pair of Eights
Seat 4: ac1fafa6 showed [3s 8d] and lost with Pair of Eights and Pair of Treys



Poker Hand #ring_876260893: NLH No Limit ($2/$4) - 2025/05/14 04:34:41
Table 'MR NLH BOMBPOT 2/4' 7-max Seat #4 is the button
Seat 1: 42b002a9 ($293.47 in chips)
Seat 5: 2d416905 ($909.63 in chips)
Seat 7: Hero ($1,322.78 in chips)
Seat 4: ac1fafa6 ($917.53 in chips)
2d416905: posts small blind $2
Hero: posts big blind $4
*** HOLE CARDS ***
Dealt to 42b002a9 
Dealt to 2d416905 
Dealt to Hero [6h 2d]
Dealt to ac1fafa6 
42b002a9: raises $8 to $12
ac1fafa6: folds
2d416905: folds
Hero: folds
Uncalled bet ($8) returned to 42b002a9
*** SHOWDOWN ***
42b002a9 collected $10 from pot
*** SUMMARY ***
Total pot $10
Seat 1: 42b002a9won ($10)
Seat 5: 2d416905(small blind) folded before Flop
Seat 7: Hero(big blind) folded before Flop
Seat 4: ac1fafa6 folded before Flop (didn't bet)



Poker Hand #ring_876260305: NLH No Limit ($2/$4) - 2025/05/14 04:34:13
Table 'MR NLH BOMBPOT 2/4' 7-max Seat #1 is the button
Seat 1: 42b002a9 ($293.47 in chips)
Seat 5: 2d416905 ($921.63 in chips)
Seat 7: Hero ($1,309.95 in chips)
Seat 4: ac1fafa6 ($919.53 in chips)
ac1fafa6: posts small blind $2
2d416905: posts big blind $4
*** HOLE CARDS ***
Dealt to 42b002a9 
Dealt to 2d416905 
Dealt to Hero [Ac Qc]
Dealt to ac1fafa6 
Hero: raises $8 to $12
42b002a9: folds
ac1fafa6: folds
2d416905: calls $8
*** FLOP *** [6c 7s Kd]
2d416905: checks
Hero: bets $13
2d416905: folds
Uncalled bet ($13) returned to Hero
*** SHOWDOWN ***
Hero collected $26 from pot
*** SUMMARY ***
Total pot $26
Board [6c 7s Kd]
Seat 1: 42b002a9 folded before Flop (didn't bet)
Seat 5: 2d416905(big blind) folded on the Flop
Seat 7: Herowon ($26) with Ace-High
Seat 4: ac1fafa6(small blind) folded before Flop



Poker Hand #ring_876259711: NLH No Limit ($2/$4) - 2025/05/14 04:33:47
Table 'MR NLH BOMBPOT 2/4' 7-max Seat #7 is the button
Seat 1: 42b002a9 ($295.47 in chips)
Seat 5: 2d416905 ($912.44 in chips)
Seat 7: Hero ($1,309.95 in chips)
Seat 4: ac1fafa6 ($927.53 in chips)
42b002a9: posts small blind $2
ac1fafa6: posts big blind $4
*** HOLE CARDS ***
Dealt to 42b002a9 
Dealt to 2d416905 
Dealt to Hero [5h Jc]
Dealt to ac1fafa6 
2d416905: raises $4 to $8
Hero: folds
42b002a9: folds
ac1fafa6: calls $4
*** FLOP *** [Ts 3d 6d]
ac1fafa6: checks
2d416905: bets $9
ac1fafa6: folds
Uncalled bet ($9) returned to 2d416905
*** SHOWDOWN ***
2d416905 collected $18 from pot
*** SUMMARY ***
Total pot $18
Board [Ts 3d 6d]
Seat 1: 42b002a9(small blind) folded before Flop
Seat 5: 2d416905won ($18) with Pair of Nines
Seat 7: Hero folded before Flop (didn't bet)
Seat 4: ac1fafa6(big blind) folded on the Flop



Poker Hand #ring_876259274: NLH No Limit ($2/$4) - 2025/05/14 04:33:25
Table 'MR NLH BOMBPOT 2/4' 7-max Seat #5 is the button
Seat 1: 42b002a9 ($305.47 in chips)
Seat 5: 2d416905 ($912.44 in chips)
Seat 7: Hero ($1,300.85 in chips)
Seat 4: ac1fafa6 ($927.53 in chips)
Hero: posts small blind $2
42b002a9: posts big blind $4
*** HOLE CARDS ***
Dealt to 42b002a9 
Dealt to 2d416905 
Dealt to Hero [Qh 8h]
Dealt to ac1fafa6 
ac1fafa6: folds
2d416905: folds
Hero: raises $6 to $10
42b002a9: calls $6
*** FLOP *** [Ac Td Ad]
Hero: bets $10
42b002a9: folds
Uncalled bet ($10) returned to Hero
*** SHOWDOWN ***
Hero collected $20 from pot
*** SUMMARY ***
Total pot $20
Board [Ac Td Ad]
Seat 1: 42b002a9(big blind) folded on the Flop
Seat 5: 2d416905 folded before Flop (didn't bet)
Seat 7: Hero(small blind)won ($20) with Pair of Aces
Seat 4: ac1fafa6 folded before Flop (didn't bet)



Poker Hand #ring_876257867: NLH No Limit ($2/$4) - 2025/05/14 04:32:23
Table 'MR NLH BOMBPOT 2/4' 7-max Seat #4 is the button
Seat 1: 42b002a9 ($231.71 in chips)
Seat 5: 2d416905 ($914.44 in chips)
Seat 7: Hero ($1,304.85 in chips)
Seat 4: ac1fafa6 ($1,003.38 in chips)
2d416905: posts small blind $2
Hero: posts big blind $4
*** HOLE CARDS ***
Dealt to 42b002a9 
Dealt to 2d416905 
Dealt to Hero [2s 9h]
Dealt to ac1fafa6 
42b002a9: calls $4
ac1fafa6: raises $12 to $16
2d416905: folds
Hero: folds
42b002a9: calls $12
*** FLOP *** [7s 6c Jd]
42b002a9: checks
ac1fafa6: bets $12.54
42b002a9: calls $12.54
*** TURN *** [7s 6c Jd] [Ts]
42b002a9: checks
ac1fafa6: bets $47.31
42b002a9: calls $47.31
*** RIVER *** [7s 6c Jd Ts] [4d]
42b002a9: bets $155.86 and is all-in
ac1fafa6: folds
Uncalled bet ($155.86) returned to 42b002a9
*** SHOWDOWN ***
42b002a9 collected $157.7 from pot
*** SUMMARY ***
Total pot $157.7
Board [7s 6c Jd Ts 4d]
Seat 1: 42b002a9won ($157.7) with Pair of Tens
Seat 5: 2d416905(small blind) folded before Flop
Seat 7: Hero(big blind) folded before Flop
Seat 4: ac1fafa6 folded on the River



Poker Hand #ring_876257457: NLH No Limit ($2/$4) - 2025/05/14 04:32:05
Table 'MR NLH BOMBPOT 2/4' 7-max Seat #1 is the button
Seat 1: 42b002a9 ($231.71 in chips)
Seat 5: 2d416905 ($918.44 in chips)
Seat 7: Hero ($1,304.85 in chips)
Seat 4: ac1fafa6 ($999.38 in chips)
ac1fafa6: posts small blind $2
2d416905: posts big blind $4
*** HOLE CARDS ***
Dealt to 42b002a9 
Dealt to 2d416905 
Dealt to Hero [5c 8h]
Dealt to ac1fafa6 
Hero: folds
42b002a9: folds
ac1fafa6: raises $8 to $12
2d416905: folds
Uncalled bet ($8) returned to ac1fafa6
*** SHOWDOWN ***
ac1fafa6 collected $8 from pot
*** SUMMARY ***
Total pot $8
Seat 1: 42b002a9 folded before Flop (didn't bet)
Seat 5: 2d416905(big blind) folded before Flop
Seat 7: Hero folded before Flop (didn't bet)
Seat 4: ac1fafa6(small blind)won ($8)



Poker Hand #ring_876256668: NLH No Limit ($2/$4) - 2025/05/14 04:31:29
Table 'MR NLH BOMBPOT 2/4' 7-max Seat #7 is the button
Seat 1: 42b002a9 ($261.71 in chips)
Seat 5: 2d416905 ($918.44 in chips)
Seat 7: Hero ($1,304.85 in chips)
Seat 4: ac1fafa6 ($973.08 in chips)
42b002a9: posts small blind $2
ac1fafa6: posts big blind $4
*** HOLE CARDS ***
Dealt to 42b002a9 
Dealt to 2d416905 
Dealt to Hero [4h 8s]
Dealt to ac1fafa6 
2d416905: folds
Hero: folds
42b002a9: raises $8 to $12
ac1fafa6: calls $8
*** FLOP *** [Kd 6s 4d]
42b002a9: bets $18
ac1fafa6: raises $45 to $63
42b002a9: folds
Uncalled bet ($45) returned to ac1fafa6
*** SHOWDOWN ***
ac1fafa6 collected $60 from pot
*** SUMMARY ***
Total pot $60
Board [Kd 6s 4d]
Seat 1: 42b002a9(small blind) folded on the Flop
Seat 5: 2d416905 folded before Flop (didn't bet)
Seat 7: Hero folded before Flop (didn't bet)
Seat 4: ac1fafa6(big blind)won ($60) with Pair of Kings



Poker Hand #ring_876256288: NLH No Limit ($2/$4) - 2025/05/14 04:31:11
Table 'MR NLH BOMBPOT 2/4' 7-max Seat #5 is the button
Seat 1: 42b002a9 ($265.71 in chips)
Seat 5: 2d416905 ($918.44 in chips)
Seat 7: Hero ($1,306.85 in chips)
Seat 4: ac1fafa6 ($967.08 in chips)
Hero: posts small blind $2
42b002a9: posts big blind $4
*** HOLE CARDS ***
Dealt to 42b002a9 
Dealt to 2d416905 
Dealt to Hero [Kh 9c]
Dealt to ac1fafa6 
ac1fafa6: raises $6 to $10
2d416905: folds
Hero: folds
42b002a9: folds
Uncalled bet ($6) returned to ac1fafa6
*** SHOWDOWN ***
ac1fafa6 collected $10 from pot
*** SUMMARY ***
Total pot $10
Seat 1: 42b002a9(big blind) folded before Flop
Seat 5: 2d416905 folded before Flop (didn't bet)
Seat 7: Hero(small blind) folded before Flop
Seat 4: ac1fafa6won ($10)



Poker Hand #ring_876255668: NLH No Limit ($2/$4) - 2025/05/14 04:30:42
Table 'MR NLH BOMBPOT 2/4' 7-max Seat #4 is the button
Seat 1: 42b002a9 ($265.71 in chips)
Seat 5: 2d416905 ($920.44 in chips)
Seat 7: Hero ($1,295.84 in chips)
Seat 4: ac1fafa6 ($977.08 in chips)
2d416905: posts small blind $2
Hero: posts big blind $4
*** HOLE CARDS ***
Dealt to 42b002a9 
Dealt to 2d416905 
Dealt to Hero [8s Ac]
Dealt to ac1fafa6 
42b002a9: folds
ac1fafa6: raises $6 to $10
2d416905: folds
Hero: calls $6
*** FLOP *** [Kc 7s Qc]
Hero: bets $11
ac1fafa6: folds
Uncalled bet ($11) returned to Hero
*** SHOWDOWN ***
Hero collected $22 from pot
*** SUMMARY ***
Total pot $22
Board [Kc 7s Qc]
Seat 1: 42b002a9 folded before Flop (didn't bet)
Seat 5: 2d416905(small blind) folded before Flop
Seat 7: Hero(big blind)won ($22) with Ace-High
Seat 4: ac1fafa6 folded on the Flop



Poker Hand #ring_876254704: NLH No Limit ($2/$4) - 2025/05/14 04:29:58
Table 'MR NLH BOMBPOT 2/4' 7-max Seat #1 is the button
Seat 1: 42b002a9 ($312.11 in chips)
Seat 5: 2d416905 ($1,046.44 in chips)
Seat 7: Hero ($1,315.84 in chips)
Seat 4: ac1fafa6 ($800 in chips)
ac1fafa6: posts the ante $20
2d416905: posts the ante $20
Hero: posts the ante $20
42b002a9: posts the ante $20
*** HOLE CARDS ***
Dealt to 42b002a9 
Dealt to 2d416905 
Dealt to Hero [5h 3h]
Dealt to ac1fafa6 
*** FLOP *** [Qc 4c 9c]
ac1fafa6: checks
2d416905: bets $26.4
Hero: folds
42b002a9: calls $26.4
ac1fafa6: calls $26.4
*** TURN *** [Qc 4c 9c] [3c]
ac1fafa6: checks
2d416905: checks
42b002a9: checks
*** RIVER *** [Qc 4c 9c 3c] [Kc]
ac1fafa6: bets $79.6
2d416905: calls $79.6
42b002a9: folds
ac1fafa6: shows [Ac Ks]
2d416905: shows [Jc 9s]
*** SHOWDOWN ***
ac1fafa6 collected $318.4 from pot
*** SUMMARY ***
Total pot $318.4
Board [Qc 4c 9c 3c Kc]
Seat 1: 42b002a9 folded on the River
Seat 5: 2d416905(big blind) showed [Jc 9s] and lost with King High Flush
Seat 7: Hero folded on the Flop
Seat 4: ac1fafa6(small blind) showed [Ac Ks] and won ($318.4) with Ace High Flush



Poker Hand #ring_876254204: NLH No Limit ($2/$4) - 2025/05/14 04:29:35
Table 'MR NLH BOMBPOT 2/4' 7-max Seat #7 is the button
Seat 1: 42b002a9 ($314.11 in chips)
Seat 5: 2d416905 ($1,046.44 in chips)
Seat 7: Hero ($1,327.84 in chips)
Seat 4: ac1fafa6 ($786 in chips)
42b002a9: posts small blind $2
ac1fafa6: posts big blind $4
*** HOLE CARDS ***
Dealt to 42b002a9 
Dealt to 2d416905 
Dealt to Hero [3c Kc]
Dealt to ac1fafa6 
2d416905: folds
Hero: raises $8 to $12
42b002a9: folds
ac1fafa6: raises $36 to $48
Hero: folds
Uncalled bet ($36) returned to ac1fafa6
*** SHOWDOWN ***
ac1fafa6 collected $26 from pot
*** SUMMARY ***
Total pot $26
Seat 1: 42b002a9(small blind) folded before Flop
Seat 5: 2d416905 folded before Flop (didn't bet)
Seat 7: Hero folded before Flop
Seat 4: ac1fafa6(big blind)won ($26)



Poker Hand #ring_876253499: NLH No Limit ($2/$4) - 2025/05/14 04:29:04
Table 'MR NLH BOMBPOT 2/4' 7-max Seat #5 is the button
Seat 1: 42b002a9 ($304.92 in chips)
Seat 5: 2d416905 ($1,054.44 in chips)
Seat 7: Hero ($1,329.84 in chips)
Seat 4: ac1fafa6 ($786 in chips)
Hero: posts small blind $2
42b002a9: posts big blind $4
*** HOLE CARDS ***
Dealt to 42b002a9 
Dealt to 2d416905 
Dealt to Hero [3c 8h]
Dealt to ac1fafa6 
ac1fafa6: folds
2d416905: raises $4 to $8
Hero: folds
42b002a9: calls $4
*** FLOP *** [9h 6d 9c]
42b002a9: checks
2d416905: checks
*** TURN *** [9h 6d 9c] [Js]
42b002a9: checks
2d416905: checks
*** RIVER *** [9h 6d 9c Js] [Kd]
42b002a9: checks
2d416905: checks
42b002a9: shows [Ac 7d]
2d416905: shows [Qc 7c]
*** SHOWDOWN ***
42b002a9 collected $18 from pot
*** SUMMARY ***
Total pot $18
Board [9h 6d 9c Js Kd]
Seat 1: 42b002a9(big blind) showed [Ac 7d] and won ($18) with Pair of Nines
Seat 5: 2d416905 showed [Qc 7c] and lost with Pair of Nines
Seat 7: Hero(small blind) folded before Flop
Seat 4: ac1fafa6 folded before Flop (didn't bet)



Poker Hand #ring_876253099: NLH No Limit ($2/$4) - 2025/05/14 04:28:46
Table 'MR NLH BOMBPOT 2/4' 7-max Seat #4 is the button
Seat 1: 42b002a9 ($304.92 in chips)
Seat 5: 2d416905 ($1,056.44 in chips)
Seat 7: Hero ($1,333.84 in chips)
Seat 4: ac1fafa6 ($780 in chips)
2d416905: posts small blind $2
Hero: posts big blind $4
*** HOLE CARDS ***
Dealt to 42b002a9 
Dealt to 2d416905 
Dealt to Hero [3h 7d]
Dealt to ac1fafa6 
42b002a9: folds
ac1fafa6: raises $6 to $10
2d416905: folds
Hero: folds
Uncalled bet ($6) returned to ac1fafa6
*** SHOWDOWN ***
ac1fafa6 collected $10 from pot
*** SUMMARY ***
Total pot $10
Seat 1: 42b002a9 folded before Flop (didn't bet)
Seat 5: 2d416905(small blind) folded before Flop
Seat 7: Hero(big blind) folded before Flop
Seat 4: ac1fafa6won ($10)



Poker Hand #ring_876252433: NLH No Limit ($2/$4) - 2025/05/14 04:28:16
Table 'MR NLH BOMBPOT 2/4' 7-max Seat #1 is the button
Seat 1: 42b002a9 ($299.37 in chips)
Seat 5: 2d416905 ($1,060.44 in chips)
Seat 7: Hero ($1,333.84 in chips)
Seat 4: ac1fafa6 ($782 in chips)
ac1fafa6: posts small blind $2
2d416905: posts big blind $4
*** HOLE CARDS ***
Dealt to 42b002a9 
Dealt to 2d416905 
Dealt to Hero [Tc 5d]
Dealt to ac1fafa6 
Hero: folds
42b002a9: calls $4
ac1fafa6: folds
2d416905: checks
*** FLOP *** [9h 6c Jc]
2d416905: checks
42b002a9: bets $10
2d416905: folds
Uncalled bet ($10) returned to 42b002a9
*** SHOWDOWN ***
42b002a9 collected $10 from pot
*** SUMMARY ***
Total pot $10
Board [9h 6c Jc]
Seat 1: 42b002a9won ($10) with Pair of Jacks and Pair of Nines
Seat 5: 2d416905(big blind) folded on the Flop
Seat 7: Hero folded before Flop (didn't bet)
Seat 4: ac1fafa6(small blind) folded before Flop



Poker Hand #ring_876252151: NLH No Limit ($2/$4) - 2025/05/14 04:28:04
Table 'MR NLH BOMBPOT 2/4' 7-max Seat #7 is the button
Seat 1: 42b002a9 ($301.37 in chips)
Seat 5: 2d416905 ($1,060.44 in chips)
Seat 7: Hero ($1,333.84 in chips)
Seat 4: ac1fafa6 ($780 in chips)
42b002a9: posts small blind $2
ac1fafa6: posts big blind $4
*** HOLE CARDS ***
Dealt to 42b002a9 
Dealt to 2d416905 
Dealt to Hero [5s 9d]
Dealt to ac1fafa6 
2d416905: folds
Hero: folds
42b002a9: folds
*** SHOWDOWN ***
ac1fafa6 collected $6 from pot
*** SUMMARY ***
Total pot $6
Seat 1: 42b002a9(small blind) folded before Flop
Seat 5: 2d416905 folded before Flop (didn't bet)
Seat 7: Hero folded before Flop (didn't bet)
Seat 4: ac1fafa6(big blind)won ($6)



Poker Hand #ring_876251810: NLH No Limit ($2/$4) - 2025/05/14 04:27:47
Table 'MR NLH BOMBPOT 2/4' 7-max Seat #5 is the button
Seat 1: 42b002a9 ($305.37 in chips)
Seat 5: 2d416905 ($1,054.44 in chips)
Seat 7: Hero ($1,335.84 in chips)
Seat 4: ac1fafa6 ($780 in chips)
Hero: posts small blind $2
42b002a9: posts big blind $4
*** HOLE CARDS ***
Dealt to 42b002a9 
Dealt to 2d416905 
Dealt to Hero [8d 5c]
Dealt to ac1fafa6 
ac1fafa6: folds
2d416905: raises $6 to $10
Hero: folds
42b002a9: folds
Uncalled bet ($6) returned to 2d416905
*** SHOWDOWN ***
2d416905 collected $10 from pot
*** SUMMARY ***
Total pot $10
Seat 1: 42b002a9(big blind) folded before Flop
Seat 5: 2d416905won ($10)
Seat 7: Hero(small blind) folded before Flop
Seat 4: ac1fafa6 folded before Flop (didn't bet)



Poker Hand #ring_876251462: NLH No Limit ($2/$4) - 2025/05/14 04:27:31
Table 'MR NLH BOMBPOT 2/4' 7-max Seat #4 is the button
Seat 1: 42b002a9 ($299.37 in chips)
Seat 5: 2d416905 ($1,056.44 in chips)
Seat 7: Hero ($1,339.84 in chips)
Seat 4: ac1fafa6 ($780 in chips)
2d416905: posts small blind $2
Hero: posts big blind $4
*** HOLE CARDS ***
Dealt to 42b002a9 
Dealt to 2d416905 
Dealt to Hero [Jd 5h]
Dealt to ac1fafa6 
42b002a9: raises $12 to $16
ac1fafa6: folds
2d416905: folds
Hero: folds
Uncalled bet ($12) returned to 42b002a9
*** SHOWDOWN ***
42b002a9 collected $10 from pot
*** SUMMARY ***
Total pot $10
Seat 1: 42b002a9won ($10)
Seat 5: 2d416905(small blind) folded before Flop
Seat 7: Hero(big blind) folded before Flop
Seat 4: ac1fafa6 folded before Flop (didn't bet)



Poker Hand #ring_876250351: NLH No Limit ($2/$4) - 2025/05/14 04:26:40
Table 'MR NLH BOMBPOT 2/4' 7-max Seat #1 is the button
Seat 1: 42b002a9 ($240.22 in chips)
Seat 5: 2d416905 ($1,120.44 in chips)
Seat 7: Hero ($1,339.84 in chips)
Seat 4: ac1fafa6 ($782 in chips)
ac1fafa6: posts small blind $2
2d416905: posts big blind $4
*** HOLE CARDS ***
Dealt to 42b002a9 
Dealt to 2d416905 
Dealt to Hero [2c 5s]
Dealt to ac1fafa6 
Hero: folds
42b002a9: raises $8 to $12
ac1fafa6: folds
2d416905: calls $8
*** FLOP *** [9s 2s 8d]
2d416905: checks
42b002a9: bets $19.5
2d416905: calls $19.5
*** TURN *** [9s 2s 8d] [Ad]
2d416905: checks
42b002a9: bets $32.5
2d416905: calls $32.5
*** RIVER *** [9s 2s 8d Ad] [6d]
2d416905: checks
42b002a9: bets $97.5
2d416905: folds
Uncalled bet ($97.5) returned to 42b002a9
*** SHOWDOWN ***
42b002a9 collected $130 from pot
*** SUMMARY ***
Total pot $130
Board [9s 2s 8d Ad 6d]
Seat 1: 42b002a9won ($130) with Pair of Aces and Pair of Nines
Seat 5: 2d416905(big blind) folded on the River
Seat 7: Hero folded before Flop (didn't bet)
Seat 4: ac1fafa6(small blind) folded before Flop



Poker Hand #ring_876250053: NLH No Limit ($2/$4) - 2025/05/14 04:26:27
Table 'MR NLH BOMBPOT 2/4' 7-max Seat #7 is the button
Seat 1: 42b002a9 ($242.22 in chips)
Seat 5: 2d416905 ($1,120.44 in chips)
Seat 7: Hero ($1,339.84 in chips)
Seat 4: ac1fafa6 ($780 in chips)
42b002a9: posts small blind $2
ac1fafa6: posts big blind $4
*** HOLE CARDS ***
Dealt to 42b002a9 
Dealt to 2d416905 
Dealt to Hero [5s Qc]
Dealt to ac1fafa6 
2d416905: folds
Hero: folds
42b002a9: folds
*** SHOWDOWN ***
ac1fafa6 collected $6 from pot
*** SUMMARY ***
Total pot $6
Seat 1: 42b002a9(small blind) folded before Flop
Seat 5: 2d416905 folded before Flop (didn't bet)
Seat 7: Hero folded before Flop (didn't bet)
Seat 4: ac1fafa6(big blind)won ($6)



Poker Hand #ring_876249489: NLH No Limit ($2/$4) - 2025/05/14 04:26:01
Table 'MR NLH BOMBPOT 2/4' 7-max Seat #5 is the button
Seat 1: 42b002a9 ($262.22 in chips)
Seat 5: 2d416905 ($1,140.44 in chips)
Seat 7: Hero ($1,284.44 in chips)
Seat 4: ac1fafa6 ($800 in chips)
Hero: posts the ante $20
42b002a9: posts the ante $20
ac1fafa6: posts the ante $20
2d416905: posts the ante $20
*** HOLE CARDS ***
Dealt to 42b002a9 
Dealt to 2d416905 
Dealt to Hero [Kc 3h]
Dealt to ac1fafa6 
*** FLOP *** [9s 6d Ac]
Hero: checks
42b002a9: checks
ac1fafa6: checks
2d416905: checks
*** TURN *** [9s 6d Ac] [9c]
Hero: bets $24
42b002a9: folds
ac1fafa6: folds
2d416905: folds
Uncalled bet ($24) returned to Hero
*** SHOWDOWN ***
Hero collected $80 from pot
*** SUMMARY ***
Total pot $80
Board [9s 6d Ac 9c]
Seat 1: 42b002a9(big blind) folded on the Turn
Seat 5: 2d416905 folded on the Turn
Seat 7: Hero(small blind)won ($80) with Pair of Nines
Seat 4: ac1fafa6 folded on the Turn



Poker Hand #ring_876248305: NLH No Limit ($2/$4) - 2025/05/14 04:25:07
Table 'MR NLH BOMBPOT 2/4' 7-max Seat #4 is the button
Seat 1: 42b002a9 ($278.22 in chips)
Seat 5: 2d416905 ($1,092.16 in chips)
Seat 7: Hero ($1,288.44 in chips)
Seat 4: ac1fafa6 ($739.01 in chips)
2d416905: posts small blind $2
Hero: posts big blind $4
*** HOLE CARDS ***
Dealt to 42b002a9 
Dealt to 2d416905 
Dealt to Hero [8d 9h]
Dealt to ac1fafa6 
42b002a9: calls $4
ac1fafa6: raises $12 to $16
2d416905: calls $14
Hero: folds
42b002a9: calls $12
*** FLOP *** [6s 5d Jc]
2d416905: checks
42b002a9: checks
ac1fafa6: bets $17.16
2d416905: calls $17.16
42b002a9: folds
*** TURN *** [6s 5d Jc] [4c]
2d416905: checks
ac1fafa6: checks
*** RIVER *** [6s 5d Jc 4c] [8s]
2d416905: bets $86.32
ac1fafa6: folds
Uncalled bet ($86.32) returned to 2d416905
*** SHOWDOWN ***
2d416905 collected $86.32 from pot
*** SUMMARY ***
Total pot $86.32
Board [6s 5d Jc 4c 8s]
Seat 1: 42b002a9 folded on the Flop
Seat 5: 2d416905(small blind)won ($86.32) with Pair of Fours
Seat 7: Hero(big blind) folded before Flop
Seat 4: ac1fafa6 folded on the River



Poker Hand #ring_876247362: NLH No Limit ($2/$4) - 2025/05/14 04:24:23
Table 'MR NLH BOMBPOT 2/4' 7-max Seat #1 is the button
Seat 1: 42b002a9 ($216.62 in chips)
Seat 5: 2d416905 ($1,144.16 in chips)
Seat 7: Hero ($1,288.44 in chips)
Seat 4: ac1fafa6 ($755.01 in chips)
ac1fafa6: posts small blind $2
2d416905: posts big blind $4
*** HOLE CARDS ***
Dealt to 42b002a9 
Dealt to 2d416905 
Dealt to Hero [7h 3s]
Dealt to ac1fafa6 
Hero: folds
42b002a9: raises $12 to $16
ac1fafa6: calls $14
2d416905: calls $12
*** FLOP *** [5d Td Qs]
ac1fafa6: checks
2d416905: checks
42b002a9: bets $36
ac1fafa6: folds
2d416905: calls $36
*** TURN *** [5d Td Qs] [5h]
2d416905: checks
42b002a9: bets $120
2d416905: folds
Uncalled bet ($120) returned to 42b002a9
*** SHOWDOWN ***
42b002a9 collected $120 from pot
*** SUMMARY ***
Total pot $120
Board [5d Td Qs 5h]
Seat 1: 42b002a9won ($120) with Pair of Aces and Pair of Fives
Seat 5: 2d416905(big blind) folded on the Turn
Seat 7: Hero folded before Flop (didn't bet)
Seat 4: ac1fafa6(small blind) folded on the Flop



Poker Hand #ring_876246959: NLH No Limit ($2/$4) - 2025/05/14 04:24:05
Table 'MR NLH BOMBPOT 2/4' 7-max Seat #7 is the button
Seat 1: 42b002a9 ($218.62 in chips)
Seat 5: 2d416905 ($1,138.16 in chips)
Seat 7: Hero ($1,288.44 in chips)
Seat 4: ac1fafa6 ($759.01 in chips)
42b002a9: posts small blind $2
ac1fafa6: posts big blind $4
*** HOLE CARDS ***
Dealt to 42b002a9 
Dealt to 2d416905 
Dealt to Hero [2h Ad]
Dealt to ac1fafa6 
2d416905: raises $8 to $12
Hero: folds
42b002a9: folds
ac1fafa6: folds
Uncalled bet ($8) returned to 2d416905
*** SHOWDOWN ***
2d416905 collected $10 from pot
*** SUMMARY ***
Total pot $10
Seat 1: 42b002a9(small blind) folded before Flop
Seat 5: 2d416905won ($10)
Seat 7: Hero folded before Flop (didn't bet)
Seat 4: ac1fafa6(big blind) folded before Flop



Poker Hand #ring_876246401: NLH No Limit ($2/$4) - 2025/05/14 04:23:39
Table 'MR NLH BOMBPOT 2/4' 7-max Seat #5 is the button
Seat 1: 42b002a9 ($228.62 in chips)
Seat 5: 2d416905 ($1,138.16 in chips)
Seat 7: Hero ($1,290.44 in chips)
Seat 4: ac1fafa6 ($748 in chips)
Hero: posts small blind $2
42b002a9: posts big blind $4
*** HOLE CARDS ***
Dealt to 42b002a9 
Dealt to 2d416905 
Dealt to Hero [7s 5d]
Dealt to ac1fafa6 
ac1fafa6: raises $6 to $10
2d416905: folds
Hero: folds
42b002a9: calls $6
*** FLOP *** [9c 2c Td]
42b002a9: checks
ac1fafa6: bets $7.26
42b002a9: folds
Uncalled bet ($7.26) returned to ac1fafa6
*** SHOWDOWN ***
ac1fafa6 collected $22 from pot
*** SUMMARY ***
Total pot $22
Board [9c 2c Td]
Seat 1: 42b002a9(big blind) folded on the Flop
Seat 5: 2d416905 folded before Flop (didn't bet)
Seat 7: Hero(small blind) folded before Flop
Seat 4: ac1fafa6won ($22) with King-High



Poker Hand #ring_876245387: NLH No Limit ($2/$4) - 2025/05/14 04:22:52
Table 'MR NLH BOMBPOT 2/4' 7-max Seat #4 is the button
Seat 1: 42b002a9 ($240.62 in chips)
Seat 5: 2d416905 ($1,140.16 in chips)
Seat 7: Hero ($1,266.15 in chips)
Seat 4: ac1fafa6 ($760 in chips)
2d416905: posts small blind $2
Hero: posts big blind $4
*** HOLE CARDS ***
Dealt to 42b002a9 
Dealt to 2d416905 
Dealt to Hero [Kd 3s]
Dealt to ac1fafa6 
42b002a9: raises $8 to $12
ac1fafa6: calls $12
2d416905: folds
Hero: calls $8
*** FLOP *** [Jd 4h 5d]
Hero: checks
42b002a9: checks
ac1fafa6: checks
*** TURN *** [Jd 4h 5d] [3c]
Hero: checks
42b002a9: checks
ac1fafa6: checks
*** RIVER *** [Jd 4h 5d 3c] [6c]
Hero: checks
42b002a9: checks
ac1fafa6: checks
42b002a9: shows [Td Ks]
ac1fafa6: shows [Ts Kh]
Hero: shows [Kd 3s]
*** SHOWDOWN ***
Hero collected $38 from pot
*** SUMMARY ***
Total pot $38
Board [Jd 4h 5d 3c 6c]
Seat 1: 42b002a9 showed [Td Ks] and lost with King-High
Seat 5: 2d416905(small blind) folded before Flop
Seat 7: Hero(big blind) showed [Kd 3s] and won ($38) with Pair of Treys
Seat 4: ac1fafa6 showed [Ts Kh] and lost with King-High



Poker Hand #ring_876245010: NLH No Limit ($2/$4) - 2025/05/14 04:22:36
Table 'MR NLH BOMBPOT 2/4' 7-max Seat #1 is the button
Seat 1: 42b002a9 ($240.62 in chips)
Seat 5: 2d416905 ($1,144.16 in chips)
Seat 7: Hero ($1,260.15 in chips)
Seat 4: ac1fafa6 ($762 in chips)
ac1fafa6: posts small blind $2
2d416905: posts big blind $4
*** HOLE CARDS ***
Dealt to 42b002a9 
Dealt to 2d416905 
Dealt to Hero [4c 6c]
Dealt to ac1fafa6 
Hero: raises $8 to $12
42b002a9: folds
ac1fafa6: folds
2d416905: folds
Uncalled bet ($8) returned to Hero
*** SHOWDOWN ***
Hero collected $10 from pot
*** SUMMARY ***
Total pot $10
Seat 1: 42b002a9 folded before Flop (didn't bet)
Seat 5: 2d416905(big blind) folded before Flop
Seat 7: Herowon ($10)
Seat 4: ac1fafa6(small blind) folded before Flop



Poker Hand #ring_876243821: NLH No Limit ($2/$4) - 2025/05/14 04:21:42
Table 'MR NLH BOMBPOT 2/4' 7-max Seat #7 is the button
Seat 1: 42b002a9 ($250.62 in chips)
Seat 5: 2d416905 ($1,144.16 in chips)
Seat 7: Hero ($1,247.23 in chips)
Seat 4: ac1fafa6 ($766 in chips)
42b002a9: posts small blind $2
ac1fafa6: posts big blind $4
*** HOLE CARDS ***
Dealt to 42b002a9 
Dealt to 2d416905 
Dealt to Hero [5h 4c]
Dealt to ac1fafa6 
2d416905: folds
Hero: raises $6 to $10
42b002a9: calls $8
ac1fafa6: folds
*** FLOP *** [2h Jd Ah]
42b002a9: checks
Hero: checks
*** TURN *** [2h Jd Ah] [9d]
42b002a9: checks
Hero: checks
*** RIVER *** [2h Jd Ah 9d] [Td]
42b002a9: checks
Hero: bets $12
42b002a9: folds
Uncalled bet ($12) returned to Hero
*** SHOWDOWN ***
Hero collected $24 from pot
*** SUMMARY ***
Total pot $24
Board [2h Jd Ah 9d Td]
Seat 1: 42b002a9(small blind) folded on the River
Seat 5: 2d416905 folded before Flop (didn't bet)
Seat 7: Herowon ($24) with Ace-High
Seat 4: ac1fafa6(big blind) folded before Flop



Poker Hand #ring_876243347: NLH No Limit ($2/$4) - 2025/05/14 04:21:21
Table 'MR NLH BOMBPOT 2/4' 7-max Seat #5 is the button
Seat 1: 42b002a9 ($262.62 in chips)
Seat 5: 2d416905 ($1,144.16 in chips)
Seat 7: Hero ($1,236.31 in chips)
Seat 4: ac1fafa6 ($766 in chips)
Hero: posts small blind $2
42b002a9: posts big blind $4
*** HOLE CARDS ***
Dealt to 42b002a9 
Dealt to 2d416905 
Dealt to Hero [Ks Qd]
Dealt to ac1fafa6 
ac1fafa6: folds
2d416905: folds
Hero: raises $8 to $12
42b002a9: calls $8
*** FLOP *** [Jc Kd 2c]
Hero: bets $12
42b002a9: folds
Uncalled bet ($12) returned to Hero
*** SHOWDOWN ***
Hero collected $24 from pot
*** SUMMARY ***
Total pot $24
Board [Jc Kd 2c]
Seat 1: 42b002a9(big blind) folded on the Flop
Seat 5: 2d416905 folded before Flop (didn't bet)
Seat 7: Hero(small blind)won ($24) with Pair of Kings
Seat 4: ac1fafa6 folded before Flop (didn't bet)



Poker Hand #ring_876242841: NLH No Limit ($2/$4) - 2025/05/14 04:20:57
Table 'MR NLH BOMBPOT 2/4' 7-max Seat #4 is the button
Seat 1: 42b002a9 ($262.62 in chips)
Seat 5: 2d416905 ($1,133.24 in chips)
Seat 7: Hero ($1,248.31 in chips)
Seat 4: ac1fafa6 ($766 in chips)
2d416905: posts small blind $2
Hero: posts big blind $4
*** HOLE CARDS ***
Dealt to 42b002a9 
Dealt to 2d416905 
Dealt to Hero [8c 7s]
Dealt to ac1fafa6 
42b002a9: folds
ac1fafa6: folds
2d416905: raises $8 to $12
Hero: calls $8
*** FLOP *** [5c 5s Kd]
2d416905: bets $7.92
Hero: folds
Uncalled bet ($7.92) returned to 2d416905
*** SHOWDOWN ***
2d416905 collected $24 from pot
*** SUMMARY ***
Total pot $24
Board [5c 5s Kd]
Seat 1: 42b002a9 folded before Flop (didn't bet)
Seat 5: 2d416905(small blind)won ($24) with Pair of Fives
Seat 7: Hero(big blind) folded on the Flop
Seat 4: ac1fafa6 folded before Flop (didn't bet)



Poker Hand #ring_876241973: NLH No Limit ($2/$4) - 2025/05/14 04:20:17
Table 'MR NLH BOMBPOT 2/4' 7-max Seat #1 is the button
Seat 1: 42b002a9 ($282.62 in chips)
Seat 5: 2d416905 ($1,153.24 in chips)
Seat 7: Hero ($1,192.91 in chips)
Seat 4: ac1fafa6 ($786 in chips)
ac1fafa6: posts the ante $20
2d416905: posts the ante $20
Hero: posts the ante $20
42b002a9: posts the ante $20
*** HOLE CARDS ***
Dealt to 42b002a9 
Dealt to 2d416905 
Dealt to Hero [Qc 3c]
Dealt to ac1fafa6 
*** FLOP *** [Th Js 9c]
ac1fafa6: checks
2d416905: checks
Hero: checks
42b002a9: checks
*** TURN *** [Th Js 9c] [3d]
ac1fafa6: checks
2d416905: checks
Hero: bets $40
42b002a9: folds
ac1fafa6: folds
2d416905: folds
Uncalled bet ($40) returned to Hero
*** SHOWDOWN ***
Hero collected $80 from pot
*** SUMMARY ***
Total pot $80
Board [Th Js 9c 3d]
Seat 1: 42b002a9 folded on the Turn
Seat 5: 2d416905(big blind) folded on the Turn
Seat 7: Herowon ($80) with Pair of Treys
Seat 4: ac1fafa6(small blind) folded on the Turn



Poker Hand #ring_876241656: NLH No Limit ($2/$4) - 2025/05/14 04:20:01
Table 'MR NLH BOMBPOT 2/4' 7-max Seat #7 is the button
Seat 1: 42b002a9 ($284.62 in chips)
Seat 5: 2d416905 ($1,153.24 in chips)
Seat 7: Hero ($1,192.91 in chips)
Seat 4: ac1fafa6 ($784 in chips)
42b002a9: posts small blind $2
ac1fafa6: posts big blind $4
*** HOLE CARDS ***
Dealt to 42b002a9 
Dealt to 2d416905 
Dealt to Hero [5d Qh]
Dealt to ac1fafa6 
2d416905: folds
Hero: folds
42b002a9: folds
*** SHOWDOWN ***
ac1fafa6 collected $6 from pot
*** SUMMARY ***
Total pot $6
Seat 1: 42b002a9(small blind) folded before Flop
Seat 5: 2d416905 folded before Flop (didn't bet)
Seat 7: Hero folded before Flop (didn't bet)
Seat 4: ac1fafa6(big blind)won ($6)



Poker Hand #ring_876240603: NLH No Limit ($2/$4) - 2025/05/14 04:19:14
Table 'MR NLH BOMBPOT 2/4' 7-max Seat #5 is the button
Seat 1: 42b002a9 ($253.32 in chips)
Seat 5: 2d416905 ($1,153.24 in chips)
Seat 7: Hero ($1,217.91 in chips)
Seat 4: ac1fafa6 ($794 in chips)
Hero: posts small blind $2
42b002a9: posts big blind $4
*** HOLE CARDS ***
Dealt to 42b002a9 
Dealt to 2d416905 
Dealt to Hero [Jd Kc]
Dealt to ac1fafa6 
ac1fafa6: raises $6 to $10
2d416905: folds
Hero: calls $8
42b002a9: calls $6
*** FLOP *** [5c Kd 7d]
Hero: checks
42b002a9: checks
ac1fafa6: checks
*** TURN *** [5c Kd 7d] [8h]
Hero: bets $15
42b002a9: raises $45 to $60
ac1fafa6: folds
Hero: folds
Uncalled bet ($45) returned to 42b002a9
*** SHOWDOWN ***
42b002a9 collected $60 from pot
*** SUMMARY ***
Total pot $60
Board [5c Kd 7d 8h]
Seat 1: 42b002a9(big blind)won ($60) with Eights-High Straight
Seat 5: 2d416905 folded before Flop (didn't bet)
Seat 7: Hero(small blind) folded on the Turn
Seat 4: ac1fafa6 folded on the Turn



Poker Hand #ring_876239883: NLH No Limit ($2/$4) - 2025/05/14 04:18:42
Table 'MR NLH BOMBPOT 2/4' 7-max Seat #4 is the button
Seat 1: 42b002a9 ($229.66 in chips)
Seat 5: 2d416905 ($1,155.24 in chips)
Seat 7: Hero ($1,242.91 in chips)
Seat 4: ac1fafa6 ($794 in chips)
2d416905: posts small blind $2
Hero: posts big blind $4
*** HOLE CARDS ***
Dealt to 42b002a9 
Dealt to 2d416905 
Dealt to Hero [8s Jc]
Dealt to ac1fafa6 
42b002a9: raises $8 to $12
ac1fafa6: folds
2d416905: folds
Hero: calls $8
*** FLOP *** [9s 6c 8d]
Hero: checks
42b002a9: bets $13
Hero: calls $13
*** TURN *** [9s 6c 8d] [Tc]
Hero: checks
42b002a9: checks
*** RIVER *** [9s 6c 8d Tc] [2c]
Hero: checks
42b002a9: checks
42b002a9: shows [Ts As]
Hero: shows [8s Jc]
*** SHOWDOWN ***
42b002a9 collected $52 from pot
*** SUMMARY ***
Total pot $52
Board [9s 6c 8d Tc 2c]
Seat 1: 42b002a9 showed [Ts As] and won ($52) with Pair of Tens
Seat 5: 2d416905(small blind) folded before Flop
Seat 7: Hero(big blind) showed [8s Jc] and lost with Pair of Eights
Seat 4: ac1fafa6 folded before Flop (didn't bet)



Poker Hand #ring_876239528: NLH No Limit ($2/$4) - 2025/05/14 04:18:25
Table 'MR NLH BOMBPOT 2/4' 7-max Seat #1 is the button
Seat 1: 42b002a9 ($223.66 in chips)
Seat 5: 2d416905 ($1,159.24 in chips)
Seat 7: Hero ($1,242.91 in chips)
Seat 4: ac1fafa6 ($796 in chips)
ac1fafa6: posts small blind $2
2d416905: posts big blind $4
*** HOLE CARDS ***
Dealt to 42b002a9 
Dealt to 2d416905 
Dealt to Hero [3h 8h]
Dealt to ac1fafa6 
Hero: folds
42b002a9: raises $12 to $16
ac1fafa6: folds
2d416905: folds
Uncalled bet ($12) returned to 42b002a9
*** SHOWDOWN ***
42b002a9 collected $10 from pot
*** SUMMARY ***
Total pot $10
Seat 1: 42b002a9won ($10)
Seat 5: 2d416905(big blind) folded before Flop
Seat 7: Hero folded before Flop (didn't bet)
Seat 4: ac1fafa6(small blind) folded before Flop



Poker Hand #ring_876239013: NLH No Limit ($2/$4) - 2025/05/14 04:18:02
Table 'MR NLH BOMBPOT 2/4' 7-max Seat #7 is the button
Seat 1: 42b002a9 ($219.66 in chips)
Seat 5: 2d416905 ($1,159.24 in chips)
Seat 7: Hero ($1,242.91 in chips)
Seat 4: ac1fafa6 ($800 in chips)
42b002a9: posts small blind $2
ac1fafa6: posts big blind $4
*** HOLE CARDS ***
Dealt to 42b002a9 
Dealt to 2d416905 
Dealt to Hero [6c Qs]
Dealt to ac1fafa6 
2d416905: folds
Hero: folds
42b002a9: raises $8 to $12
ac1fafa6: folds
Uncalled bet ($8) returned to 42b002a9
*** SHOWDOWN ***
42b002a9 collected $8 from pot
*** SUMMARY ***
Total pot $8
Seat 1: 42b002a9(small blind)won ($8)
Seat 5: 2d416905 folded before Flop (didn't bet)
Seat 7: Hero folded before Flop (didn't bet)
Seat 4: ac1fafa6(big blind) folded before Flop



Poker Hand #ring_876238048: NLH No Limit ($2/$4) - 2025/05/14 04:17:18
Table 'MR NLH BOMBPOT 2/4' 7-max Seat #5 is the button
Seat 1: 42b002a9 ($231.66 in chips)
Seat 5: 2d416905 ($1,246.84 in chips)
Seat 7: Hero ($1,151.73 in chips)
Hero: posts small blind $2
42b002a9: posts big blind $4
*** HOLE CARDS ***
Dealt to 42b002a9 
Dealt to 2d416905 
Dealt to Hero [Jh Kh]
2d416905: raises $8 to $12
Hero: calls $10
42b002a9: calls $8
*** FLOP *** [Tc Ah Qc]
Hero: checks
42b002a9: checks
2d416905: bets $18
Hero: calls $18
42b002a9: folds
*** TURN *** [Tc Ah Qc] [Ts]
Hero: checks
2d416905: checks
*** RIVER *** [Tc Ah Qc Ts] [5h]
Hero: bets $57.6
2d416905: calls $57.6
2d416905: shows [Ac Kd]
Hero: shows [Jh Kh]
*** SHOWDOWN ***
Hero collected $187.2 from pot
*** SUMMARY ***
Total pot $187.2
Board [Tc Ah Qc Ts 5h]
Seat 1: 42b002a9(big blind) folded on the Flop
Seat 5: 2d416905 showed [Ac Kd] and lost with Pair of Aces and Pair of Tens
Seat 7: Hero(small blind) showed [Jh Kh] and won ($187.2) with Aces-High Straight



Poker Hand #ring_876237761: NLH No Limit ($2/$4) - 2025/05/14 04:17:05
Table 'MR NLH BOMBPOT 2/4' 7-max Seat #0 is the button
Seat 1: 42b002a9 ($231.66 in chips)
Seat 5: 2d416905 ($1,248.84 in chips)
Seat 7: Hero ($1,149.73 in chips)
2d416905: posts small blind $2
Hero: posts big blind $4
*** HOLE CARDS ***
Dealt to 42b002a9 
Dealt to 2d416905 
Dealt to Hero [Ts Jd]
42b002a9: folds
2d416905: folds
*** SHOWDOWN ***
Hero collected $6 from pot
*** SUMMARY ***
Total pot $6
Seat 1: 42b002a9 folded before Flop (didn't bet)
Seat 5: 2d416905(small blind) folded before Flop
Seat 7: Hero(big blind)won ($6)



Poker Hand #ring_876237499: NLH No Limit ($2/$4) - 2025/05/14 04:16:53
Table 'MR NLH BOMBPOT 2/4' 7-max Seat #1 is the button
Seat 1: 42b002a9 ($231.66 in chips)
Seat 5: 2d416905 ($1,248.84 in chips)
Seat 7: Hero ($1,149.73 in chips)
2d416905: posts big blind $4
*** HOLE CARDS ***
Dealt to 42b002a9 
Dealt to 2d416905 
Dealt to Hero [2d 6s]
Hero: folds
42b002a9: folds
Uncalled bet ($4) returned to 2d416905
*** SHOWDOWN ***
2d416905 collected $0 from pot
*** SUMMARY ***
Total pot $0
Seat 1: 42b002a9 folded before Flop (didn't bet)
Seat 5: 2d416905(big blind)lost
Seat 7: Hero folded before Flop (didn't bet)



Poker Hand #ring_876236159: NLH No Limit ($2/$4) - 2025/05/14 04:15:53
Table 'MR NLH BOMBPOT 2/4' 7-max Seat #7 is the button
Seat 1: 42b002a9 ($243.66 in chips)
Seat 5: 2d416905 ($706.4 in chips)
Seat 7: Hero ($1,149.73 in chips)
Seat 4: 340b5747 ($584.59 in chips)
42b002a9: posts small blind $2
340b5747: posts big blind $4
*** HOLE CARDS ***
Dealt to 42b002a9 
Dealt to 2d416905 
Dealt to Hero [2d Jh]
Dealt to 340b5747 
2d416905: raises $8 to $12
Hero: folds
42b002a9: calls $10
340b5747: raises $36 to $48
2d416905: raises $60 to $108
42b002a9: folds
340b5747: calls $60
*** FIRST FLOP *** [6h Td 4c]
340b5747: checks
2d416905: bets $598.4 and is all-in
340b5747: calls $476.59 and is all-in
Uncalled bet ($121.81) returned to 2d416905
340b5747: shows [8d 8c] (Pair of Eights)
2d416905: shows [Ad As] (Pair of Aces)
*** FIRST TURN *** [6h Td 4c] [7d]
*** SECOND TURN *** [6h Td 4c] [5h]
*** FIRST RIVER *** [6h Td 4c 7d] [2h]
*** SECOND RIVER *** [6h Td 4c 5h] [Jd]
*** FIRST SHOWDOWN ***
2d416905 collected $591.1 from pot
*** SECOND SHOWDOWN ***
2d416905 collected $590.08 from pot
*** SUMMARY ***
Total pot $1,181.18
Hand was run two timesFIRST Board [6h Td 4c 7d 2h]
SECOND Board [5h Jd]
Seat 1: 42b002a9(small blind) folded before Flop
Seat 5: 2d416905 showed [Ad As] and won ($1,181.18) with Pair of Aces / Pair of Aces
Seat 7: Hero folded before Flop (didn't bet)
Seat 4: 340b5747(big blind) showed [8d 8c] and lost with Pair of Eights / Pair of Eights



Poker Hand #ring_876235576: NLH No Limit ($2/$4) - 2025/05/14 04:15:27
Table 'MR NLH BOMBPOT 2/4' 7-max Seat #5 is the button
Seat 1: 42b002a9 ($263.66 in chips)
Seat 5: 2d416905 ($726.4 in chips)
Seat 7: Hero ($1,094.33 in chips)
Seat 4: 340b5747 ($604.59 in chips)
Hero: posts the ante $20
42b002a9: posts the ante $20
340b5747: posts the ante $20
2d416905: posts the ante $20
*** HOLE CARDS ***
Dealt to 42b002a9 
Dealt to 2d416905 
Dealt to Hero [6s 6d]
Dealt to 340b5747 
*** FLOP *** [8c 6c 5s]
Hero: bets $40
42b002a9: folds
340b5747: folds
2d416905: folds
Uncalled bet ($40) returned to Hero
*** SHOWDOWN ***
Hero collected $80 from pot
*** SUMMARY ***
Total pot $80
Board [8c 6c 5s]
Seat 1: 42b002a9(big blind) folded on the Flop
Seat 5: 2d416905 folded on the Flop
Seat 7: Hero(small blind)won ($80) with Three Sixes
Seat 4: 340b5747 folded on the Flop



Poker Hand #ring_876234261: NLH No Limit ($2/$4) - 2025/05/14 04:14:27
Table 'MR NLH BOMBPOT 2/4' 7-max Seat #4 is the button
Seat 1: 42b002a9 ($275.66 in chips)
Seat 5: 2d416905 ($616.67 in chips)
Seat 7: Hero ($1,098.33 in chips)
Seat 4: 340b5747 ($709.47 in chips)
2d416905: posts small blind $2
Hero: posts big blind $4
*** HOLE CARDS ***
Dealt to 42b002a9 
Dealt to 2d416905 
Dealt to Hero [9h Kc]
Dealt to 340b5747 
42b002a9: raises $8 to $12
340b5747: calls $12
2d416905: raises $48 to $60
Hero: folds
42b002a9: folds
340b5747: calls $48
*** FLOP *** [7c 9c Qh]
2d416905: bets $44.88
340b5747: calls $44.88
*** TURN *** [7c 9c Qh] [4d]
2d416905: bets $225.76
340b5747: folds
Uncalled bet ($225.76) returned to 2d416905
*** SHOWDOWN ***
2d416905 collected $225.76 from pot
*** SUMMARY ***
Total pot $225.76
Board [7c 9c Qh 4d]
Seat 1: 42b002a9 folded before Flop
Seat 5: 2d416905(small blind)won ($225.76) with Three Queens
Seat 7: Hero(big blind) folded before Flop
Seat 4: 340b5747 folded on the Turn



Poker Hand #ring_876233958: NLH No Limit ($2/$4) - 2025/05/14 04:14:14
Table 'MR NLH BOMBPOT 2/4' 7-max Seat #1 is the button
Seat 1: 42b002a9 ($275.66 in chips)
Seat 5: 2d416905 ($614.67 in chips)
Seat 7: Hero ($1,098.33 in chips)
Seat 4: 340b5747 ($711.47 in chips)
340b5747: posts small blind $2
2d416905: posts big blind $4
*** HOLE CARDS ***
Dealt to 42b002a9 
Dealt to 2d416905 
Dealt to Hero [5d Jd]
Dealt to 340b5747 
Hero: folds
42b002a9: folds
340b5747: folds
*** SHOWDOWN ***
2d416905 collected $6 from pot
*** SUMMARY ***
Total pot $6
Seat 1: 42b002a9 folded before Flop (didn't bet)
Seat 5: 2d416905(big blind)won ($6)
Seat 7: Hero folded before Flop (didn't bet)
Seat 4: 340b5747(small blind) folded before Flop



Poker Hand #ring_876233022: NLH No Limit ($2/$4) - 2025/05/14 04:13:32
Table 'MR NLH BOMBPOT 2/4' 7-max Seat #7 is the button
Seat 1: 42b002a9 ($287.66 in chips)
Seat 5: 2d416905 ($614.67 in chips)
Seat 7: Hero ($1,083.59 in chips)
Seat 4: 340b5747 ($715.47 in chips)
42b002a9: posts small blind $2
340b5747: posts big blind $4
*** HOLE CARDS ***
Dealt to 42b002a9 
Dealt to 2d416905 
Dealt to Hero [Js As]
Dealt to 340b5747 
2d416905: folds
Hero: raises $8 to $12
42b002a9: calls $10
340b5747: folds
*** FLOP *** [2d 2s 2c]
42b002a9: checks
Hero: checks
*** TURN *** [2d 2s 2c] [6c]
42b002a9: checks
Hero: checks
*** RIVER *** [2d 2s 2c 6c] [Tc]
42b002a9: checks
Hero: checks
42b002a9: shows [9d Qc]
Hero: shows [Js As]
*** SHOWDOWN ***
Hero collected $28 from pot
*** SUMMARY ***
Total pot $28
Board [2d 2s 2c 6c Tc]
Seat 1: 42b002a9(small blind) showed [9d Qc] and lost with Three Twos
Seat 5: 2d416905 folded before Flop (didn't bet)
Seat 7: Hero showed [Js As] and won ($28) with Three Twos
Seat 4: 340b5747(big blind) folded before Flop



Poker Hand #ring_876232394: NLH No Limit ($2/$4) - 2025/05/14 04:13:04
Table 'MR NLH BOMBPOT 2/4' 7-max Seat #5 is the button
Seat 1: 42b002a9 ($299.66 in chips)
Seat 5: 2d416905 ($614.67 in chips)
Seat 7: Hero ($1,085.59 in chips)
Seat 4: 340b5747 ($702.64 in chips)
Hero: posts small blind $2
42b002a9: posts big blind $4
*** HOLE CARDS ***
Dealt to 42b002a9 
Dealt to 2d416905 
Dealt to Hero [Ad 3s]
Dealt to 340b5747 
340b5747: raises $8 to $12
2d416905: folds
Hero: folds
42b002a9: calls $8
*** FLOP *** [6s 7s Kd]
42b002a9: checks
340b5747: bets $8.58
42b002a9: folds
Uncalled bet ($8.58) returned to 340b5747
*** SHOWDOWN ***
340b5747 collected $26 from pot
*** SUMMARY ***
Total pot $26
Board [6s 7s Kd]
Seat 1: 42b002a9(big blind) folded on the Flop
Seat 5: 2d416905 folded before Flop (didn't bet)
Seat 7: Hero(small blind) folded before Flop
Seat 4: 340b5747won ($26) with King-High



Poker Hand #ring_876231801: NLH No Limit ($2/$4) - 2025/05/14 04:12:38
Table 'MR NLH BOMBPOT 2/4' 7-max Seat #4 is the button
Seat 1: 42b002a9 ($294.11 in chips)
Seat 5: 2d416905 ($616.67 in chips)
Seat 7: Hero ($1,089.59 in chips)
Seat 4: 340b5747 ($702.64 in chips)
2d416905: posts small blind $2
Hero: posts big blind $4
*** HOLE CARDS ***
Dealt to 42b002a9 
Dealt to 2d416905 
Dealt to Hero [4h 9d]
Dealt to 340b5747 
42b002a9: calls $4
340b5747: folds
2d416905: folds
Hero: checks
*** FLOP *** [5d 7h Jh]
Hero: checks
42b002a9: checks
*** TURN *** [5d 7h Jh] [7d]
Hero: checks
42b002a9: bets $7.5
Hero: folds
Uncalled bet ($7.5) returned to 42b002a9
*** SHOWDOWN ***
42b002a9 collected $10 from pot
*** SUMMARY ***
Total pot $10
Board [5d 7h Jh 7d]
Seat 1: 42b002a9won ($10) with Pair of Sevens and Pair of Fives
Seat 5: 2d416905(small blind) folded before Flop
Seat 7: Hero(big blind) folded on the Turn
Seat 4: 340b5747 folded before Flop (didn't bet)



Poker Hand #ring_876230862: NLH No Limit ($2/$4) - 2025/05/14 04:11:56
Table 'MR NLH BOMBPOT 2/4' 7-max Seat #1 is the button
Seat 1: 42b002a9 ($252.16 in chips)
Seat 5: 2d416905 ($620.67 in chips)
Seat 7: Hero ($1,089.59 in chips)
Seat 4: 340b5747 ($745.64 in chips)
340b5747: posts small blind $2
2d416905: posts big blind $4
*** HOLE CARDS ***
Dealt to 42b002a9 
Dealt to 2d416905 
Dealt to Hero [9c 2s]
Dealt to 340b5747 
Hero: folds
42b002a9: raises $12 to $16
340b5747: calls $14
2d416905: folds
*** FLOP *** [6h Jh 2c]
340b5747: checks
42b002a9: bets $27
340b5747: calls $27
*** TURN *** [6h Jh 2c] [8c]
340b5747: checks
42b002a9: checks
*** RIVER *** [6h Jh 2c 8c] [5d]
340b5747: checks
42b002a9: checks
42b002a9: shows [As Qd]
340b5747: shows [Qh 9h]
*** SHOWDOWN ***
42b002a9 collected $90 from pot
*** SUMMARY ***
Total pot $90
Board [6h Jh 2c 8c 5d]
Seat 1: 42b002a9 showed [As Qd] and won ($90) with Ace-High
Seat 5: 2d416905(big blind) folded before Flop
Seat 7: Hero folded before Flop (didn't bet)
Seat 4: 340b5747(small blind) showed [Qh 9h] and lost with Queen-High



Poker Hand #ring_876230371: NLH No Limit ($2/$4) - 2025/05/14 04:11:35
Table 'MR NLH BOMBPOT 2/4' 7-max Seat #7 is the button
Seat 1: 42b002a9 ($254.16 in chips)
Seat 5: 2d416905 ($620.67 in chips)
Seat 7: Hero ($1,101.59 in chips)
Seat 4: 340b5747 ($731.64 in chips)
42b002a9: posts small blind $2
340b5747: posts big blind $4
*** HOLE CARDS ***
Dealt to 42b002a9 
Dealt to 2d416905 
Dealt to Hero [Qh 7h]
Dealt to 340b5747 
2d416905: folds
Hero: raises $8 to $12
42b002a9: folds
340b5747: raises $36 to $48
Hero: folds
Uncalled bet ($36) returned to 340b5747
*** SHOWDOWN ***
340b5747 collected $26 from pot
*** SUMMARY ***
Total pot $26
Seat 1: 42b002a9(small blind) folded before Flop
Seat 5: 2d416905 folded before Flop (didn't bet)
Seat 7: Hero folded before Flop
Seat 4: 340b5747(big blind)won ($26)



Poker Hand #ring_876229524: NLH No Limit ($2/$4) - 2025/05/14 04:10:58
Table 'MR NLH BOMBPOT 2/4' 7-max Seat #5 is the button
Seat 1: 42b002a9 ($274.16 in chips)
Seat 5: 2d416905 ($620.67 in chips)
Seat 7: Hero ($1,084.39 in chips)
Seat 4: 340b5747 ($731.64 in chips)
Hero: posts small blind $2
42b002a9: posts big blind $4
*** HOLE CARDS ***
Dealt to 42b002a9 
Dealt to 2d416905 
Dealt to Hero [3h Ad]
Dealt to 340b5747 
340b5747: folds
2d416905: folds
Hero: raises $6 to $10
42b002a9: calls $6
*** FLOP *** [3c 2s 4c]
Hero: checks
42b002a9: bets $10
Hero: calls $10
*** TURN *** [3c 2s 4c] [7c]
Hero: checks
42b002a9: checks
*** RIVER *** [3c 2s 4c 7c] [4h]
Hero: checks
42b002a9: checks
42b002a9: shows [2h Qh]
Hero: shows [3h Ad]
*** SHOWDOWN ***
Hero collected $40 from pot
*** SUMMARY ***
Total pot $40
Board [3c 2s 4c 7c 4h]
Seat 1: 42b002a9(big blind) showed [2h Qh] and lost with Pair of Fours and Pair of Twos
Seat 5: 2d416905 folded before Flop (didn't bet)
Seat 7: Hero(small blind) showed [3h Ad] and won ($40) with Pair of Fours and Pair of Treys
Seat 4: 340b5747 folded before Flop (didn't bet)



Poker Hand #ring_876228697: NLH No Limit ($2/$4) - 2025/05/14 04:10:20
Table 'MR NLH BOMBPOT 2/4' 7-max Seat #4 is the button
Seat 1: 42b002a9 ($259.24 in chips)
Seat 5: 2d416905 ($628.67 in chips)
Seat 7: Hero ($1,092.39 in chips)
Seat 4: 340b5747 ($731.64 in chips)
2d416905: posts small blind $2
Hero: posts big blind $4
*** HOLE CARDS ***
Dealt to 42b002a9 
Dealt to 2d416905 
Dealt to Hero [8d 4c]
Dealt to 340b5747 
42b002a9: raises $4 to $8
340b5747: folds
2d416905: calls $6
Hero: calls $4
*** FLOP *** [Jh 8h 9d]
2d416905: checks
Hero: checks
42b002a9: checks
*** TURN *** [Jh 8h 9d] [Qd]
2d416905: checks
Hero: checks
42b002a9: bets $12
2d416905: folds
Hero: folds
Uncalled bet ($12) returned to 42b002a9
*** SHOWDOWN ***
42b002a9 collected $24 from pot
*** SUMMARY ***
Total pot $24
Board [Jh 8h 9d Qd]
Seat 1: 42b002a9won ($24) with Pair of Queens
Seat 5: 2d416905(small blind) folded on the Turn
Seat 7: Hero(big blind) folded on the Turn
Seat 4: 340b5747 folded before Flop (didn't bet)



Poker Hand #ring_876227577: NLH No Limit ($2/$4) - 2025/05/14 04:09:30
Table 'MR NLH BOMBPOT 2/4' 7-max Seat #1 is the button
Seat 1: 42b002a9 ($279.24 in chips)
Seat 5: 2d416905 ($648.67 in chips)
Seat 7: Hero ($1,112.39 in chips)
Seat 4: 340b5747 ($676.24 in chips)
340b5747: posts the ante $20
2d416905: posts the ante $20
Hero: posts the ante $20
42b002a9: posts the ante $20
*** HOLE CARDS ***
Dealt to 42b002a9 
Dealt to 2d416905 
Dealt to Hero [6h 4h]
Dealt to 340b5747 
*** FLOP *** [Tc Ts Qs]
340b5747: checks
2d416905: checks
Hero: checks
42b002a9: checks
*** TURN *** [Tc Ts Qs] [3c]
340b5747: checks
2d416905: checks
Hero: checks
42b002a9: checks
*** RIVER *** [Tc Ts Qs 3c] [Qc]
340b5747: checks
2d416905: checks
Hero: checks
42b002a9: checks
42b002a9: shows [6d 2c]
340b5747: shows [Ks 9h]
2d416905: shows [2d 4c]
Hero: shows [6h 4h]
*** SHOWDOWN ***
340b5747 collected $80 from pot
*** SUMMARY ***
Total pot $80
Board [Tc Ts Qs 3c Qc]
Seat 1: 42b002a9 showed [6d 2c] and lost with Pair of Queens and Pair of Tens
Seat 5: 2d416905(big blind) showed [2d 4c] and lost with Pair of Queens and Pair of Tens
Seat 7: Hero showed [6h 4h] and lost with Pair of Queens and Pair of Tens
Seat 4: 340b5747(small blind) showed [Ks 9h] and won ($80) with Pair of Queens and Pair of Tens



Poker Hand #ring_876227162: NLH No Limit ($2/$4) - 2025/05/14 04:09:11
Table 'MR NLH BOMBPOT 2/4' 7-max Seat #7 is the button
Seat 1: 42b002a9 ($281.24 in chips)
Seat 5: 2d416905 ($648.67 in chips)
Seat 7: Hero ($1,112.39 in chips)
Seat 4: 340b5747 ($674.24 in chips)
42b002a9: posts small blind $2
340b5747: posts big blind $4
*** HOLE CARDS ***
Dealt to 42b002a9 
Dealt to 2d416905 
Dealt to Hero [Jd 7s]
Dealt to 340b5747 
2d416905: folds
Hero: folds
42b002a9: folds
*** SHOWDOWN ***
340b5747 collected $6 from pot
*** SUMMARY ***
Total pot $6
Seat 1: 42b002a9(small blind) folded before Flop
Seat 5: 2d416905 folded before Flop (didn't bet)
Seat 7: Hero folded before Flop (didn't bet)
Seat 4: 340b5747(big blind)won ($6)



Poker Hand #ring_876226280: NLH No Limit ($2/$4) - 2025/05/14 04:08:31
Table 'MR NLH BOMBPOT 2/4' 7-max Seat #5 is the button
Seat 1: 42b002a9 ($248 in chips)
Seat 5: 2d416905 ($648.67 in chips)
Seat 7: Hero ($1,114.39 in chips)
Seat 4: 340b5747 ($709.76 in chips)
Hero: posts small blind $2
42b002a9: posts big blind $4
*** HOLE CARDS ***
Dealt to 42b002a9 
Dealt to 2d416905 
Dealt to Hero [6h 2s]
Dealt to 340b5747 
340b5747: raises $6 to $10
2d416905: folds
Hero: folds
42b002a9: calls $6
*** FLOP *** [5c Tc 6s]
42b002a9: checks
340b5747: bets $7.26
42b002a9: raises $18.26 to $25.52
340b5747: calls $18.26
*** TURN *** [5c Tc 6s] [Ks]
42b002a9: bets $54.78
340b5747: folds
Uncalled bet ($54.78) returned to 42b002a9
*** SHOWDOWN ***
42b002a9 collected $73.04 from pot
*** SUMMARY ***
Total pot $73.04
Board [5c Tc 6s Ks]
Seat 1: 42b002a9(big blind)won ($73.04) with Pair of Kings and Pair of Tens
Seat 5: 2d416905 folded before Flop (didn't bet)
Seat 7: Hero(small blind) folded before Flop
Seat 4: 340b5747 folded on the Turn



Poker Hand #ring_876225421: NLH No Limit ($2/$4) - 2025/05/14 04:07:53
Table 'MR NLH BOMBPOT 2/4' 7-max Seat #4 is the button
Seat 1: 42b002a9 ($224.34 in chips)
Seat 5: 2d416905 ($650.67 in chips)
Seat 7: Hero ($1,139.39 in chips)
Seat 4: 340b5747 ($709.76 in chips)
2d416905: posts small blind $2
Hero: posts big blind $4
*** HOLE CARDS ***
Dealt to 42b002a9 
Dealt to 2d416905 
Dealt to Hero [7h Qc]
Dealt to 340b5747 
42b002a9: raises $8 to $12
340b5747: folds
2d416905: folds
Hero: calls $8
*** FLOP *** [Ks 6c 2h]
Hero: checks
42b002a9: checks
*** TURN *** [Ks 6c 2h] [4h]
Hero: bets $13
42b002a9: calls $13
*** RIVER *** [Ks 6c 2h 4h] [2c]
Hero: checks
42b002a9: checks
42b002a9: shows [Ah 8h]
Hero: shows [7h Qc]
*** SHOWDOWN ***
42b002a9 collected $52 from pot
*** SUMMARY ***
Total pot $52
Board [Ks 6c 2h 4h 2c]
Seat 1: 42b002a9 showed [Ah 8h] and won ($52) with Pair of Twos
Seat 5: 2d416905(small blind) folded before Flop
Seat 7: Hero(big blind) showed [7h Qc] and lost with Pair of Twos
Seat 4: 340b5747 folded before Flop (didn't bet)



Poker Hand #ring_876225079: NLH No Limit ($2/$4) - 2025/05/14 04:07:38
Table 'MR NLH BOMBPOT 2/4' 7-max Seat #1 is the button
Seat 1: 42b002a9 ($218.34 in chips)
Seat 5: 2d416905 ($654.67 in chips)
Seat 7: Hero ($1,139.39 in chips)
Seat 4: 340b5747 ($711.76 in chips)
340b5747: posts small blind $2
2d416905: posts big blind $4
*** HOLE CARDS ***
Dealt to 42b002a9 
Dealt to 2d416905 
Dealt to Hero [4d 9h]
Dealt to 340b5747 
Hero: folds
42b002a9: raises $8 to $12
340b5747: folds
2d416905: folds
Uncalled bet ($8) returned to 42b002a9
*** SHOWDOWN ***
42b002a9 collected $10 from pot
*** SUMMARY ***
Total pot $10
Seat 1: 42b002a9won ($10)
Seat 5: 2d416905(big blind) folded before Flop
Seat 7: Hero folded before Flop (didn't bet)
Seat 4: 340b5747(small blind) folded before Flop



Poker Hand #ring_876223835: NLH No Limit ($2/$4) - 2025/05/14 04:06:44
Table 'MR NLH BOMBPOT 2/4' 7-max Seat #7 is the button
Seat 1: 42b002a9 ($230.34 in chips)
Seat 5: 2d416905 ($654.67 in chips)
Seat 7: Hero ($1,101.63 in chips)
Seat 4: 340b5747 ($741.76 in chips)
42b002a9: posts small blind $2
340b5747: posts big blind $4
*** HOLE CARDS ***
Dealt to 42b002a9 
Dealt to 2d416905 
Dealt to Hero [Ad Jh]
Dealt to 340b5747 
2d416905: folds
Hero: raises $8 to $12
42b002a9: calls $10
340b5747: calls $8
*** FLOP *** [9h 5s 2c]
42b002a9: checks
340b5747: checks
Hero: checks
*** TURN *** [9h 5s 2c] [Td]
42b002a9: checks
340b5747: checks
Hero: checks
*** RIVER *** [9h 5s 2c Td] [Js]
42b002a9: checks
340b5747: checks
Hero: bets $18
42b002a9: folds
340b5747: calls $18
340b5747: shows [7h 7d]
Hero: shows [Ad Jh]
*** SHOWDOWN ***
Hero collected $72 from pot
*** SUMMARY ***
Total pot $72
Board [9h 5s 2c Td Js]
Seat 1: 42b002a9(small blind) folded on the River
Seat 5: 2d416905 folded before Flop (didn't bet)
Seat 7: Hero showed [Ad Jh] and won ($72) with Pair of Jacks
Seat 4: 340b5747(big blind) showed [7h 7d] and lost with Pair of Sevens



Poker Hand #ring_876223398: NLH No Limit ($2/$4) - 2025/05/14 04:06:24
Table 'MR NLH BOMBPOT 2/4' 7-max Seat #5 is the button
Seat 1: 42b002a9 ($228.34 in chips)
Seat 5: 2d416905 ($654.67 in chips)
Seat 7: Hero ($1,103.63 in chips)
Seat 4: 340b5747 ($741.76 in chips)
Hero: posts small blind $2
42b002a9: posts big blind $4
*** HOLE CARDS ***
Dealt to 42b002a9 
Dealt to 2d416905 
Dealt to Hero [9c 6s]
Dealt to 340b5747 
340b5747: folds
2d416905: folds
Hero: folds
*** SHOWDOWN ***
42b002a9 collected $6 from pot
*** SUMMARY ***
Total pot $6
Seat 1: 42b002a9(big blind)won ($6)
Seat 5: 2d416905 folded before Flop (didn't bet)
Seat 7: Hero(small blind) folded before Flop
Seat 4: 340b5747 folded before Flop (didn't bet)



Poker Hand #ring_876223102: NLH No Limit ($2/$4) - 2025/05/14 04:06:11
Table 'MR NLH BOMBPOT 2/4' 7-max Seat #4 is the button
Seat 1: 42b002a9 ($228.34 in chips)
Seat 5: 2d416905 ($656.67 in chips)
Seat 7: Hero ($1,101.63 in chips)
Seat 4: 340b5747 ($741.76 in chips)
2d416905: posts small blind $2
Hero: posts big blind $4
*** HOLE CARDS ***
Dealt to 42b002a9 
Dealt to 2d416905 
Dealt to Hero [5h 6d]
Dealt to 340b5747 
42b002a9: folds
340b5747: folds
2d416905: folds
*** SHOWDOWN ***
Hero collected $6 from pot
*** SUMMARY ***
Total pot $6
Seat 1: 42b002a9 folded before Flop (didn't bet)
Seat 5: 2d416905(small blind) folded before Flop
Seat 7: Hero(big blind)won ($6)
Seat 4: 340b5747 folded before Flop (didn't bet)



Poker Hand #ring_876222236: NLH No Limit ($2/$4) - 2025/05/14 04:05:35
Table 'MR NLH BOMBPOT 2/4' 7-max Seat #1 is the button
Seat 1: 42b002a9 ($279.84 in chips)
Seat 5: 2d416905 ($608.89 in chips)
Seat 7: Hero ($1,101.63 in chips)
Seat 4: 340b5747 ($743.76 in chips)
340b5747: posts small blind $2
2d416905: posts big blind $4
*** HOLE CARDS ***
Dealt to 42b002a9 
Dealt to 2d416905 
Dealt to Hero [4d Td]
Dealt to 340b5747 
Hero: folds
42b002a9: calls $4
340b5747: folds
2d416905: raises $16 to $20
42b002a9: calls $16
*** FLOP *** [6h 3d 4c]
2d416905: checks
42b002a9: checks
*** TURN *** [6h 3d 4c] [6c]
2d416905: checks
42b002a9: checks
*** RIVER *** [6h 3d 4c 6c] [Jc]
2d416905: bets $31.5
42b002a9: calls $31.5
42b002a9: shows [Js 2s]
2d416905: shows [Jd Ac]
*** SHOWDOWN ***
2d416905 collected $105 from pot
*** SUMMARY ***
Total pot $105
Board [6h 3d 4c 6c Jc]
Seat 1: 42b002a9 showed [Js 2s] and lost with Pair of Jacks and Pair of Sixes
Seat 5: 2d416905(big blind) showed [Jd Ac] and won ($105) with Pair of Jacks and Pair of Sixes
Seat 7: Hero folded before Flop (didn't bet)
Seat 4: 340b5747(small blind) folded before Flop



Poker Hand #ring_876221062: NLH No Limit ($2/$4) - 2025/05/14 04:04:42
Table 'MR NLH BOMBPOT 2/4' 7-max Seat #7 is the button
Seat 1: 42b002a9 ($504.84 in chips)
Seat 5: 2d416905 ($608.89 in chips)
Seat 7: Hero ($1,101.63 in chips)
Seat 4: 340b5747 ($540.01 in chips)
42b002a9: posts small blind $2
340b5747: posts big blind $4
*** HOLE CARDS ***
Dealt to 42b002a9 
Dealt to 2d416905 
Dealt to Hero [4s 9s]
Dealt to 340b5747 
2d416905: folds
Hero: folds
42b002a9: raises $8 to $12
340b5747: calls $8
*** FLOP *** [2h Jc 8c]
42b002a9: bets $18
340b5747: calls $18
*** TURN *** [2h Jc 8c] [Qh]
42b002a9: bets $45
340b5747: calls $45
*** RIVER *** [2h Jc 8c Qh] [7s]
42b002a9: bets $150
340b5747: calls $150
42b002a9: shows [6c 3c]
340b5747: shows [Ah 8h]
*** SHOWDOWN ***
340b5747 collected $450 from pot
*** SUMMARY ***
Total pot $450
Board [2h Jc 8c Qh 7s]
Seat 1: 42b002a9(small blind) showed [6c 3c] and lost with Queen-High
Seat 5: 2d416905 folded before Flop (didn't bet)
Seat 7: Hero folded before Flop (didn't bet)
Seat 4: 340b5747(big blind) showed [Ah 8h] and won ($450) with Pair of Eights



Poker Hand #ring_876220249: NLH No Limit ($2/$4) - 2025/05/14 04:04:07
Table 'MR NLH BOMBPOT 2/4' 7-max Seat #5 is the button
Seat 1: 42b002a9 ($524.84 in chips)
Seat 5: 2d416905 ($552.75 in chips)
Seat 7: Hero ($1,046.23 in chips)
Seat 4: 340b5747 ($560.01 in chips)
Hero: posts the ante $20
42b002a9: posts the ante $20
340b5747: posts the ante $20
2d416905: posts the ante $20
*** HOLE CARDS ***
Dealt to 42b002a9 
Dealt to 2d416905 
Dealt to Hero [Qs 6h]
Dealt to 340b5747 
*** FLOP *** [Jd 2h 8c]
Hero: checks
42b002a9: checks
340b5747: checks
2d416905: checks
*** TURN *** [Jd 2h 8c] [2d]
Hero: bets $40
42b002a9: folds
340b5747: folds
2d416905: folds
Uncalled bet ($40) returned to Hero
*** SHOWDOWN ***
Hero collected $80 from pot
*** SUMMARY ***
Total pot $80
Board [Jd 2h 8c 2d]
Seat 1: 42b002a9(big blind) folded on the Turn
Seat 5: 2d416905 folded on the Turn
Seat 7: Hero(small blind)won ($80) with Pair of Twos
Seat 4: 340b5747 folded on the Turn



Poker Hand #ring_876219336: NLH No Limit ($2/$4) - 2025/05/14 04:03:28
Table 'MR NLH BOMBPOT 2/4' 7-max Seat #4 is the button
Seat 1: 42b002a9 ($524.84 in chips)
Seat 5: 2d416905 ($568.75 in chips)
Seat 7: Hero ($1,031.67 in chips)
Seat 4: 340b5747 ($560.01 in chips)
2d416905: posts small blind $2
Hero: posts big blind $4
*** HOLE CARDS ***
Dealt to 42b002a9 
Dealt to 2d416905 
Dealt to Hero [8s 6h]
Dealt to 340b5747 
42b002a9: folds
340b5747: folds
2d416905: raises $4 to $8
Hero: calls $4
*** FLOP *** [9c 8c 9s]
2d416905: checks
Hero: checks
*** TURN *** [9c 8c 9s] [Jc]
2d416905: checks
Hero: checks
*** RIVER *** [9c 8c 9s Jc] [4h]
2d416905: checks
Hero: bets $8
2d416905: calls $8
2d416905: shows [Ad 7s]
Hero: shows [8s 6h]
*** SHOWDOWN ***
Hero collected $32 from pot
*** SUMMARY ***
Total pot $32
Board [9c 8c 9s Jc 4h]
Seat 1: 42b002a9 folded before Flop (didn't bet)
Seat 5: 2d416905(small blind) showed [Ad 7s] and lost with Pair of Nines
Seat 7: Hero(big blind) showed [8s 6h] and won ($32) with Pair of Nines and Pair of Eights
Seat 4: 340b5747 folded before Flop (didn't bet)



Poker Hand #ring_876218907: NLH No Limit ($2/$4) - 2025/05/14 04:03:10
Table 'MR NLH BOMBPOT 2/4' 7-max Seat #1 is the button
Seat 1: 42b002a9 ($518.84 in chips)
Seat 5: 2d416905 ($572.75 in chips)
Seat 7: Hero ($1,031.67 in chips)
Seat 4: 340b5747 ($562.01 in chips)
340b5747: posts small blind $2
2d416905: posts big blind $4
*** HOLE CARDS ***
Dealt to 42b002a9 
Dealt to 2d416905 
Dealt to Hero [2d Kh]
Dealt to 340b5747 
Hero: folds
42b002a9: raises $8 to $12
340b5747: folds
2d416905: folds
Uncalled bet ($8) returned to 42b002a9
*** SHOWDOWN ***
42b002a9 collected $10 from pot
*** SUMMARY ***
Total pot $10
Seat 1: 42b002a9won ($10)
Seat 5: 2d416905(big blind) folded before Flop
Seat 7: Hero folded before Flop (didn't bet)
Seat 4: 340b5747(small blind) folded before Flop



Poker Hand #ring_876217757: NLH No Limit ($2/$4) - 2025/05/14 04:02:21
Table 'MR NLH BOMBPOT 2/4' 7-max Seat #7 is the button
Seat 1: 42b002a9 ($520.84 in chips)
Seat 5: 2d416905 ($590.01 in chips)
Seat 7: Hero ($1,031.67 in chips)
Seat 4: 340b5747 ($544.39 in chips)
42b002a9: posts small blind $2
340b5747: posts big blind $4
*** HOLE CARDS ***
Dealt to 42b002a9 
Dealt to 2d416905 
Dealt to Hero [6s 5h]
Dealt to 340b5747 
2d416905: raises $6 to $10
Hero: folds
42b002a9: folds
340b5747: calls $6
*** FLOP *** [Kd 8c 2h]
340b5747: checks
2d416905: bets $7.26
340b5747: calls $7.26
*** TURN *** [Kd 8c 2h] [Kc]
340b5747: checks
2d416905: checks
*** RIVER *** [Kd 8c 2h Kc] [4s]
340b5747: bets $18.26
2d416905: folds
Uncalled bet ($18.26) returned to 340b5747
*** SHOWDOWN ***
340b5747 collected $36.52 from pot
*** SUMMARY ***
Total pot $36.52
Board [Kd 8c 2h Kc 4s]
Seat 1: 42b002a9(small blind) folded before Flop
Seat 5: 2d416905 folded on the River
Seat 7: Hero folded before Flop (didn't bet)
Seat 4: 340b5747(big blind)won ($36.52) with Pair of Kings



Poker Hand #ring_876217242: NLH No Limit ($2/$4) - 2025/05/14 04:01:59
Table 'MR NLH BOMBPOT 2/4' 7-max Seat #5 is the button
Seat 1: 42b002a9 ($500 in chips)
Seat 5: 2d416905 ($590.01 in chips)
Seat 7: Hero ($1,055.67 in chips)
Seat 4: 340b5747 ($544.39 in chips)
Hero: posts small blind $2
42b002a9: posts big blind $4
*** HOLE CARDS ***
Dealt to 42b002a9 
Dealt to 2d416905 
Dealt to Hero [As Th]
Dealt to 340b5747 
340b5747: folds
2d416905: folds
Hero: raises $8 to $12
42b002a9: calls $8
*** FLOP *** [3c 8s 2c]
Hero: bets $12
42b002a9: raises $36 to $48
Hero: folds
Uncalled bet ($36) returned to 42b002a9
*** SHOWDOWN ***
42b002a9 collected $48 from pot
*** SUMMARY ***
Total pot $48
Board [3c 8s 2c]
Seat 1: 42b002a9(big blind)won ($48) with Nine-High
Seat 5: 2d416905 folded before Flop (didn't bet)
Seat 7: Hero(small blind) folded on the Flop
Seat 4: 340b5747 folded before Flop (didn't bet)



Poker Hand #ring_876216949: NLH No Limit ($2/$4) - 2025/05/14 04:01:46
Table 'MR NLH BOMBPOT 2/4' 7-max Seat #4 is the button
Seat 5: 2d416905 ($592.01 in chips)
Seat 7: Hero ($1,053.67 in chips)
Seat 4: 340b5747 ($544.39 in chips)
2d416905: posts small blind $2
Hero: posts big blind $4
*** HOLE CARDS ***
Dealt to 2d416905 
Dealt to Hero [5h 2d]
Dealt to 340b5747 
340b5747: folds
2d416905: folds
*** SHOWDOWN ***
Hero collected $6 from pot
*** SUMMARY ***
Total pot $6
Seat 5: 2d416905(small blind) folded before Flop
Seat 7: Hero(big blind)won ($6)
Seat 4: 340b5747 folded before Flop (didn't bet)



Poker Hand #ring_876216629: NLH No Limit ($2/$4) - 2025/05/14 04:01:33
Table 'MR NLH BOMBPOT 2/4' 7-max Seat #7 is the button
Seat 5: 2d416905 ($596.01 in chips)
Seat 7: Hero ($1,047.67 in chips)
Seat 4: 340b5747 ($546.39 in chips)
340b5747: posts small blind $2
2d416905: posts big blind $4
*** HOLE CARDS ***
Dealt to 2d416905 
Dealt to Hero [Ks Qd]
Dealt to 340b5747 
Hero: raises $8 to $12
340b5747: folds
2d416905: folds
Uncalled bet ($8) returned to Hero
*** SHOWDOWN ***
Hero collected $10 from pot
*** SUMMARY ***
Total pot $10
Seat 5: 2d416905(big blind) folded before Flop
Seat 7: Herowon ($10)
Seat 4: 340b5747(small blind) folded before Flop



Poker Hand #ring_876215517: NLH No Limit ($2/$4) - 2025/05/14 04:00:44
Table 'MR NLH BOMBPOT 2/4' 7-max Seat #5 is the button
Seat 5: 2d416905 ($649.01 in chips)
Seat 7: Hero ($1,049.67 in chips)
Seat 4: 340b5747 ($496.25 in chips)
Hero: posts small blind $2
340b5747: posts big blind $4
*** HOLE CARDS ***
Dealt to 2d416905 
Dealt to Hero [Th 7s]
Dealt to 340b5747 
2d416905: raises $4 to $8
Hero: folds
340b5747: calls $4
*** FLOP *** [7d 5s Qd]
340b5747: checks
2d416905: bets $9
340b5747: calls $9
*** TURN *** [7d 5s Qd] [Jc]
340b5747: checks
2d416905: checks
*** RIVER *** [7d 5s Qd Jc] [Qc]
340b5747: bets $36
2d416905: calls $36
340b5747: shows [6h Qh]
2d416905: shows [Ac 7h]
*** SHOWDOWN ***
340b5747 collected $108 from pot
*** SUMMARY ***
Total pot $108
Board [7d 5s Qd Jc Qc]
Seat 5: 2d416905 showed [Ac 7h] and lost with Pair of Queens and Pair of Sevens
Seat 7: Hero(small blind) folded before Flop
Seat 4: 340b5747(big blind) showed [6h Qh] and won ($108) with Three Queens



Poker Hand #ring_876215147: NLH No Limit ($2/$4) - 2025/05/14 04:00:29
Table 'MR NLH BOMBPOT 2/4' 7-max Seat #4 is the button
Seat 5: 2d416905 ($651.01 in chips)
Seat 7: Hero ($1,047.67 in chips)
Seat 4: 340b5747 ($496.25 in chips)
2d416905: posts small blind $2
Hero: posts big blind $4
*** HOLE CARDS ***
Dealt to 2d416905 
Dealt to Hero [8d Ah]
Dealt to 340b5747 
340b5747: folds
2d416905: folds
*** SHOWDOWN ***
Hero collected $6 from pot
*** SUMMARY ***
Total pot $6
Seat 5: 2d416905(small blind) folded before Flop
Seat 7: Hero(big blind)won ($6)
Seat 4: 340b5747 folded before Flop (didn't bet)



Poker Hand #ring_876214795: NLH No Limit ($2/$4) - 2025/05/14 04:00:13
Table 'MR NLH BOMBPOT 2/4' 7-max Seat #2 is the button
Seat 2: 830434a9 ($94.41 in chips)
Seat 5: 2d416905 ($655.01 in chips)
Seat 7: Hero ($1,047.67 in chips)
Seat 4: 340b5747 ($492.25 in chips)
340b5747: posts small blind $2
2d416905: posts big blind $4
*** HOLE CARDS ***
Dealt to 830434a9 
Dealt to 2d416905 
Dealt to Hero [2d Jd]
Dealt to 340b5747 
Hero: folds
830434a9: folds
340b5747: raises $8 to $12
2d416905: folds
Uncalled bet ($8) returned to 340b5747
*** SHOWDOWN ***
340b5747 collected $8 from pot
*** SUMMARY ***
Total pot $8
Seat 2: 830434a9 folded before Flop (didn't bet)
Seat 5: 2d416905(big blind) folded before Flop
Seat 7: Hero folded before Flop (didn't bet)
Seat 4: 340b5747(small blind)won ($8)



Poker Hand #ring_876213154: NLH No Limit ($2/$4) - 2025/05/14 03:59:02
Table 'MR NLH BOMBPOT 2/4' 7-max Seat #7 is the button
Seat 2: 830434a9 ($623.45 in chips)
Seat 5: 2d416905 ($675.01 in chips)
Seat 7: Hero ($529.04 in chips)
Seat 4: 340b5747 ($512.25 in chips)
830434a9: posts the ante $20
340b5747: posts the ante $20
2d416905: posts the ante $20
Hero: posts the ante $20
*** HOLE CARDS ***
Dealt to 830434a9 
Dealt to 2d416905 
Dealt to Hero [Ad Ac]
Dealt to 340b5747 
*** FLOP *** [As Kc Kh]
830434a9: bets $59.2
340b5747: folds
2d416905: folds
Hero: calls $59.2
*** TURN *** [As Kc Kh] [6h]
830434a9: bets $107.14
Hero: calls $107.14
*** RIVER *** [As Kc Kh 6h] [9d]
830434a9: bets $222.85
Hero: raises $119.85 to $342.7 and is all-in
830434a9: calls $119.85
830434a9: shows [7s Kd]
Hero: shows [Ad Ac]
*** SHOWDOWN ***
Hero collected $1,098.08 from pot
*** SUMMARY ***
Total pot $1,098.08
Board [As Kc Kh 6h 9d]
Seat 2: 830434a9(small blind) showed [7s Kd] and lost with Three Kings
Seat 5: 2d416905 folded on the Flop
Seat 7: Hero showed [Ad Ac] and won ($1,098.08) with Aces Full over Kings
Seat 4: 340b5747(big blind) folded on the Flop



Poker Hand #ring_876212549: NLH No Limit ($2/$4) - 2025/05/14 03:58:36
Table 'MR NLH BOMBPOT 2/4' 7-max Seat #5 is the button
Seat 2: 830434a9 ($627.45 in chips)
Seat 5: 2d416905 ($675.01 in chips)
Seat 7: Hero ($525.4 in chips)
Seat 4: 340b5747 ($512.25 in chips)
Hero: posts small blind $2
830434a9: posts big blind $4
*** HOLE CARDS ***
Dealt to 830434a9 
Dealt to 2d416905 
Dealt to Hero [4h Kh]
Dealt to 340b5747 
340b5747: folds
2d416905: folds
Hero: calls $2
830434a9: checks
*** FLOP *** [Js 8c Qs]
Hero: bets $4
830434a9: folds
Uncalled bet ($4) returned to Hero
*** SHOWDOWN ***
Hero collected $8 from pot
*** SUMMARY ***
Total pot $8
Board [Js 8c Qs]
Seat 2: 830434a9(big blind) folded on the Flop
Seat 5: 2d416905 folded before Flop (didn't bet)
Seat 7: Hero(small blind)won ($8) with King-High
Seat 4: 340b5747 folded before Flop (didn't bet)



Poker Hand #ring_876212101: NLH No Limit ($2/$4) - 2025/05/14 03:58:17
Table 'MR NLH BOMBPOT 2/4' 7-max Seat #4 is the button
Seat 2: 830434a9 ($627.45 in chips)
Seat 5: 2d416905 ($677.01 in chips)
Seat 7: Hero ($529.4 in chips)
Seat 4: 340b5747 ($506.25 in chips)
2d416905: posts small blind $2
Hero: posts big blind $4
*** HOLE CARDS ***
Dealt to 830434a9 
Dealt to 2d416905 
Dealt to Hero [2s 7c]
Dealt to 340b5747 
830434a9: folds
340b5747: raises $8 to $12
2d416905: folds
Hero: folds
Uncalled bet ($8) returned to 340b5747
*** SHOWDOWN ***
340b5747 collected $10 from pot
*** SUMMARY ***
Total pot $10
Seat 2: 830434a9 folded before Flop (didn't bet)
Seat 5: 2d416905(small blind) folded before Flop
Seat 7: Hero(big blind) folded before Flop
Seat 4: 340b5747won ($10)



Poker Hand #ring_876211411: NLH No Limit ($2/$4) - 2025/05/14 03:57:47
Table 'MR NLH BOMBPOT 2/4' 7-max Seat #2 is the button
Seat 2: 830434a9 ($627.45 in chips)
Seat 5: 2d416905 ($689.01 in chips)
Seat 7: Hero ($516.57 in chips)
Seat 4: 340b5747 ($508.25 in chips)
340b5747: posts small blind $2
2d416905: posts big blind $4
*** HOLE CARDS ***
Dealt to 830434a9 
Dealt to 2d416905 
Dealt to Hero [Ac 5c]
Dealt to 340b5747 
Hero: raises $8 to $12
830434a9: folds
340b5747: folds
2d416905: calls $8
*** FLOP *** [9d 2d 5d]
2d416905: checks
Hero: bets $13
2d416905: folds
Uncalled bet ($13) returned to Hero
*** SHOWDOWN ***
Hero collected $26 from pot
*** SUMMARY ***
Total pot $26
Board [9d 2d 5d]
Seat 2: 830434a9 folded before Flop (didn't bet)
Seat 5: 2d416905(big blind) folded on the Flop
Seat 7: Herowon ($26) with Pair of Fives
Seat 4: 340b5747(small blind) folded before Flop



Poker Hand #ring_876210873: NLH No Limit ($2/$4) - 2025/05/14 03:57:25
Table 'MR NLH BOMBPOT 2/4' 7-max Seat #7 is the button
Seat 2: 830434a9 ($629.45 in chips)
Seat 5: 2d416905 ($689.01 in chips)
Seat 7: Hero ($516.57 in chips)
Seat 4: 340b5747 ($506.25 in chips)
830434a9: posts small blind $2
340b5747: posts big blind $4
*** HOLE CARDS ***
Dealt to 830434a9 
Dealt to 2d416905 
Dealt to Hero [9d 2d]
Dealt to 340b5747 
2d416905: folds
Hero: folds
830434a9: folds
*** SHOWDOWN ***
340b5747 collected $6 from pot
*** SUMMARY ***
Total pot $6
Seat 2: 830434a9(small blind) folded before Flop
Seat 5: 2d416905 folded before Flop (didn't bet)
Seat 7: Hero folded before Flop (didn't bet)
Seat 4: 340b5747(big blind)won ($6)



Poker Hand #ring_876210099: NLH No Limit ($2/$4) - 2025/05/14 03:56:52
Table 'MR NLH BOMBPOT 2/4' 7-max Seat #5 is the button
Seat 2: 830434a9 ($641.45 in chips)
Seat 5: 2d416905 ($689.01 in chips)
Seat 7: Hero ($518.57 in chips)
Seat 4: 340b5747 ($493.42 in chips)
Hero: posts small blind $2
830434a9: posts big blind $4
*** HOLE CARDS ***
Dealt to 830434a9 
Dealt to 2d416905 
Dealt to Hero [8h Qd]
Dealt to 340b5747 
340b5747: raises $8 to $12
2d416905: folds
Hero: folds
830434a9: calls $8
*** FLOP *** [8s 9h 4c]
830434a9: checks
340b5747: bets $13
830434a9: folds
Uncalled bet ($13) returned to 340b5747
*** SHOWDOWN ***
340b5747 collected $26 from pot
*** SUMMARY ***
Total pot $26
Board [8s 9h 4c]
Seat 2: 830434a9(big blind) folded on the Flop
Seat 5: 2d416905 folded before Flop (didn't bet)
Seat 7: Hero(small blind) folded before Flop
Seat 4: 340b5747won ($26) with Ten-High



Poker Hand #ring_876208943: NLH No Limit ($2/$4) - 2025/05/14 03:56:04
Table 'MR NLH BOMBPOT 2/4' 7-max Seat #4 is the button
Seat 2: 830434a9 ($641.45 in chips)
Seat 5: 2d416905 ($691.01 in chips)
Seat 7: Hero ($543.57 in chips)
Seat 4: 340b5747 ($469.76 in chips)
2d416905: posts small blind $2
Hero: posts big blind $4
*** HOLE CARDS ***
Dealt to 830434a9 
Dealt to 2d416905 
Dealt to Hero [Qc Td]
Dealt to 340b5747 
830434a9: folds
340b5747: raises $8 to $12
2d416905: folds
Hero: calls $8
*** FLOP *** [7h Jd 7c]
Hero: checks
340b5747: checks
*** TURN *** [7h Jd 7c] [6c]
Hero: bets $13
340b5747: calls $13
*** RIVER *** [7h Jd 7c 6c] [Js]
Hero: checks
340b5747: checks
340b5747: shows [5h Ad]
Hero: shows [Qc Td]
*** SHOWDOWN ***
340b5747 collected $52 from pot
*** SUMMARY ***
Total pot $52
Board [7h Jd 7c 6c Js]
Seat 2: 830434a9 folded before Flop (didn't bet)
Seat 5: 2d416905(small blind) folded before Flop
Seat 7: Hero(big blind) showed [Qc Td] and lost with Pair of Jacks and Pair of Sevens
Seat 4: 340b5747 showed [5h Ad] and won ($52) with Pair of Jacks and Pair of Sevens



Poker Hand #ring_876208461: NLH No Limit ($2/$4) - 2025/05/14 03:55:43
Table 'MR NLH BOMBPOT 2/4' 7-max Seat #2 is the button
Seat 2: 830434a9 ($641.45 in chips)
Seat 5: 2d416905 ($695.01 in chips)
Seat 7: Hero ($543.57 in chips)
Seat 4: 340b5747 ($465.76 in chips)
340b5747: posts small blind $2
2d416905: posts big blind $4
*** HOLE CARDS ***
Dealt to 830434a9 
Dealt to 2d416905 
Dealt to Hero [4c Ad]
Dealt to 340b5747 
Hero: folds
830434a9: folds
340b5747: raises $8 to $12
2d416905: folds
Uncalled bet ($8) returned to 340b5747
*** SHOWDOWN ***
340b5747 collected $8 from pot
*** SUMMARY ***
Total pot $8
Seat 2: 830434a9 folded before Flop (didn't bet)
Seat 5: 2d416905(big blind) folded before Flop
Seat 7: Hero folded before Flop (didn't bet)
Seat 4: 340b5747(small blind)won ($8)



Poker Hand #ring_876207791: NLH No Limit ($2/$4) - 2025/05/14 03:55:14
Table 'MR NLH BOMBPOT 2/4' 7-max Seat #7 is the button
Seat 2: 830434a9 ($643.45 in chips)
Seat 5: 2d416905 ($695.01 in chips)
Seat 7: Hero ($537.57 in chips)
Seat 4: 340b5747 ($469.76 in chips)
830434a9: posts small blind $2
340b5747: posts big blind $4
*** HOLE CARDS ***
Dealt to 830434a9 
Dealt to 2d416905 
Dealt to Hero [7c 4c]
Dealt to 340b5747 
2d416905: folds
Hero: raises $8 to $12
830434a9: folds
340b5747: folds
Uncalled bet ($8) returned to Hero
*** SHOWDOWN ***
Hero collected $10 from pot
*** SUMMARY ***
Total pot $10
Seat 2: 830434a9(small blind) folded before Flop
Seat 5: 2d416905 folded before Flop (didn't bet)
Seat 7: Herowon ($10)
Seat 4: 340b5747(big blind) folded before Flop



Poker Hand #ring_876207403: NLH No Limit ($2/$4) - 2025/05/14 03:54:58
Table 'MR NLH BOMBPOT 2/4' 7-max Seat #5 is the button
Seat 2: 830434a9 ($647.45 in chips)
Seat 5: 2d416905 ($695.01 in chips)
Seat 7: Hero ($539.57 in chips)
Seat 4: 340b5747 ($463.76 in chips)
Hero: posts small blind $2
830434a9: posts big blind $4
*** HOLE CARDS ***
Dealt to 830434a9 
Dealt to 2d416905 
Dealt to Hero [6c As]
Dealt to 340b5747 
340b5747: raises $6 to $10
2d416905: folds
Hero: folds
830434a9: folds
Uncalled bet ($6) returned to 340b5747
*** SHOWDOWN ***
340b5747 collected $10 from pot
*** SUMMARY ***
Total pot $10
Seat 2: 830434a9(big blind) folded before Flop
Seat 5: 2d416905 folded before Flop (didn't bet)
Seat 7: Hero(small blind) folded before Flop
Seat 4: 340b5747won ($10)



Poker Hand #ring_876206395: NLH No Limit ($2/$4) - 2025/05/14 03:54:15
Table 'MR NLH BOMBPOT 2/4' 7-max Seat #4 is the button
Seat 2: 830434a9 ($726.65 in chips)
Seat 5: 2d416905 ($715.01 in chips)
Seat 7: Hero ($430.29 in chips)
Seat 4: 340b5747 ($483.76 in chips)
2d416905: posts the ante $20
Hero: posts the ante $20
830434a9: posts the ante $20
340b5747: posts the ante $20
*** HOLE CARDS ***
Dealt to 830434a9 
Dealt to 2d416905 
Dealt to Hero [Ac 7c]
Dealt to 340b5747 
*** FLOP *** [9h 8s 6h]
2d416905: checks
Hero: checks
830434a9: checks
340b5747: checks
*** TURN *** [9h 8s 6h] [9s]
2d416905: checks
Hero: checks
830434a9: checks
340b5747: checks
*** RIVER *** [9h 8s 6h 9s] [Ts]
2d416905: checks
Hero: checks
830434a9: bets $59.2
340b5747: folds
2d416905: folds
Hero: calls $59.2
830434a9: shows [Qs 4h]
Hero: shows [Ac 7c]
*** SHOWDOWN ***
Hero collected $198.4 from pot
*** SUMMARY ***
Total pot $198.4
Board [9h 8s 6h 9s Ts]
Seat 2: 830434a9 showed [Qs 4h] and lost with Pair of Nines
Seat 5: 2d416905(small blind) folded on the River
Seat 7: Hero(big blind) showed [Ac 7c] and won ($198.4) with Tens-High Straight
Seat 4: 340b5747 folded on the River



Poker Hand #ring_876205722: NLH No Limit ($2/$4) - 2025/05/14 03:53:47
Table 'MR NLH BOMBPOT 2/4' 7-max Seat #2 is the button
Seat 2: 830434a9 ($720.65 in chips)
Seat 5: 2d416905 ($719.01 in chips)
Seat 7: Hero ($430.29 in chips)
Seat 4: 340b5747 ($485.76 in chips)
340b5747: posts small blind $2
2d416905: posts big blind $4
*** HOLE CARDS ***
Dealt to 830434a9 
Dealt to 2d416905 
Dealt to Hero [5h 7c]
Dealt to 340b5747 
Hero: folds
830434a9: raises $6 to $10
340b5747: folds
2d416905: folds
Uncalled bet ($6) returned to 830434a9
*** SHOWDOWN ***
830434a9 collected $10 from pot
*** SUMMARY ***
Total pot $10
Seat 2: 830434a9won ($10)
Seat 5: 2d416905(big blind) folded before Flop
Seat 7: Hero folded before Flop (didn't bet)
Seat 4: 340b5747(small blind) folded before Flop



Poker Hand #ring_876204339: NLH No Limit ($2/$4) - 2025/05/14 03:52:47
Table 'MR NLH BOMBPOT 2/4' 7-max Seat #7 is the button
Seat 2: 830434a9 ($722.65 in chips)
Seat 5: 2d416905 ($719.01 in chips)
Seat 7: Hero ($371.14 in chips)
Seat 4: 340b5747 ($549.76 in chips)
830434a9: posts small blind $2
340b5747: posts big blind $4
*** HOLE CARDS ***
Dealt to 830434a9 
Dealt to 2d416905 
Dealt to Hero [Ts Td]
Dealt to 340b5747 
2d416905: folds
Hero: raises $8 to $12
830434a9: folds
340b5747: calls $8
*** FLOP *** [4s Th 2c]
340b5747: checks
Hero: checks
*** TURN *** [4s Th 2c] [2s]
340b5747: bets $19.5
Hero: calls $19.5
*** RIVER *** [4s Th 2c 2s] [Jd]
340b5747: bets $32.5
Hero: raises $104 to $136.5
340b5747: folds
Uncalled bet ($104) returned to Hero
*** SHOWDOWN ***
Hero collected $130 from pot
*** SUMMARY ***
Total pot $130
Board [4s Th 2c 2s Jd]
Seat 2: 830434a9(small blind) folded before Flop
Seat 5: 2d416905 folded before Flop (didn't bet)
Seat 7: Herowon ($130) with Tens Full over Twos
Seat 4: 340b5747(big blind) folded on the River



Poker Hand #ring_876203903: NLH No Limit ($2/$4) - 2025/05/14 03:52:29
Table 'MR NLH BOMBPOT 2/4' 7-max Seat #5 is the button
Seat 2: 830434a9 ($726.65 in chips)
Seat 5: 2d416905 ($719.01 in chips)
Seat 7: Hero ($367.14 in chips)
Seat 4: 340b5747 ($549.76 in chips)
Hero: posts small blind $2
830434a9: posts big blind $4
*** HOLE CARDS ***
Dealt to 830434a9 
Dealt to 2d416905 
Dealt to Hero [3s 4s]
Dealt to 340b5747 
340b5747: folds
2d416905: folds
Hero: raises $8 to $12
830434a9: folds
Uncalled bet ($8) returned to Hero
*** SHOWDOWN ***
Hero collected $8 from pot
*** SUMMARY ***
Total pot $8
Seat 2: 830434a9(big blind) folded before Flop
Seat 5: 2d416905 folded before Flop (didn't bet)
Seat 7: Hero(small blind)won ($8)
Seat 4: 340b5747 folded before Flop (didn't bet)



Poker Hand #ring_876203423: NLH No Limit ($2/$4) - 2025/05/14 03:52:08
Table 'MR NLH BOMBPOT 2/4' 7-max Seat #4 is the button
Seat 2: 830434a9 ($726.65 in chips)
Seat 5: 2d416905 ($721.01 in chips)
Seat 7: Hero ($365.14 in chips)
Seat 4: 340b5747 ($549.76 in chips)
2d416905: posts small blind $2
Hero: posts big blind $4
*** HOLE CARDS ***
Dealt to 830434a9 
Dealt to 2d416905 
Dealt to Hero [Kd Qs]
Dealt to 340b5747 
830434a9: folds
340b5747: folds
2d416905: folds
*** SHOWDOWN ***
Hero collected $6 from pot
*** SUMMARY ***
Total pot $6
Seat 2: 830434a9 folded before Flop (didn't bet)
Seat 5: 2d416905(small blind) folded before Flop
Seat 7: Hero(big blind)won ($6)
Seat 4: 340b5747 folded before Flop (didn't bet)



Poker Hand #ring_876203015: NLH No Limit ($2/$4) - 2025/05/14 03:51:51
Table 'MR NLH BOMBPOT 2/4' 7-max Seat #2 is the button
Seat 2: 830434a9 ($726.65 in chips)
Seat 5: 2d416905 ($719.01 in chips)
Seat 7: Hero ($365.14 in chips)
Seat 4: 340b5747 ($551.76 in chips)
340b5747: posts small blind $2
2d416905: posts big blind $4
*** HOLE CARDS ***
Dealt to 830434a9 
Dealt to 2d416905 
Dealt to Hero [4s Qh]
Dealt to 340b5747 
Hero: folds
830434a9: folds
340b5747: folds
*** SHOWDOWN ***
2d416905 collected $6 from pot
*** SUMMARY ***
Total pot $6
Seat 2: 830434a9 folded before Flop (didn't bet)
Seat 5: 2d416905(big blind)won ($6)
Seat 7: Hero folded before Flop (didn't bet)
Seat 4: 340b5747(small blind) folded before Flop



Poker Hand #ring_876202654: NLH No Limit ($2/$4) - 2025/05/14 03:51:36
Table 'MR NLH BOMBPOT 2/4' 7-max Seat #7 is the button
Seat 2: 830434a9 ($728.65 in chips)
Seat 5: 2d416905 ($719.01 in chips)
Seat 7: Hero ($359.14 in chips)
Seat 4: 340b5747 ($555.76 in chips)
830434a9: posts small blind $2
340b5747: posts big blind $4
*** HOLE CARDS ***
Dealt to 830434a9 
Dealt to 2d416905 
Dealt to Hero [Ad 5c]
Dealt to 340b5747 
2d416905: folds
Hero: raises $8 to $12
830434a9: folds
340b5747: folds
Uncalled bet ($8) returned to Hero
*** SHOWDOWN ***
Hero collected $10 from pot
*** SUMMARY ***
Total pot $10
Seat 2: 830434a9(small blind) folded before Flop
Seat 5: 2d416905 folded before Flop (didn't bet)
Seat 7: Herowon ($10)
Seat 4: 340b5747(big blind) folded before Flop



Poker Hand #ring_876201883: NLH No Limit ($2/$4) - 2025/05/14 03:51:02
Table 'MR NLH BOMBPOT 2/4' 7-max Seat #5 is the button
Seat 2: 830434a9 ($725.01 in chips)
Seat 5: 2d416905 ($719.01 in chips)
Seat 7: Hero ($363.14 in chips)
Seat 4: 340b5747 ($555.76 in chips)
Hero: posts small blind $2
830434a9: posts big blind $4
*** HOLE CARDS ***
Dealt to 830434a9 
Dealt to 2d416905 
Dealt to Hero [7d Jc]
Dealt to 340b5747 
340b5747: folds
2d416905: folds
Hero: calls $2
830434a9: checks
*** FLOP *** [8h 6d 2c]
Hero: checks
830434a9: bets $8
Hero: folds
Uncalled bet ($8) returned to 830434a9
*** SHOWDOWN ***
830434a9 collected $8 from pot
*** SUMMARY ***
Total pot $8
Board [8h 6d 2c]
Seat 2: 830434a9(big blind)won ($8) with Eight-High
Seat 5: 2d416905 folded before Flop (didn't bet)
Seat 7: Hero(small blind) folded on the Flop
Seat 4: 340b5747 folded before Flop (didn't bet)



Poker Hand #ring_876200977: NLH No Limit ($2/$4) - 2025/05/14 03:50:23
Table 'MR NLH BOMBPOT 2/4' 7-max Seat #4 is the button
Seat 2: 830434a9 ($725.01 in chips)
Seat 5: 2d416905 ($721.01 in chips)
Seat 7: Hero ($350.31 in chips)
Seat 4: 340b5747 ($567.76 in chips)
2d416905: posts small blind $2
Hero: posts big blind $4
*** HOLE CARDS ***
Dealt to 830434a9 
Dealt to 2d416905 
Dealt to Hero [4s Ac]
Dealt to 340b5747 
830434a9: folds
340b5747: raises $8 to $12
2d416905: folds
Hero: calls $8
*** FLOP *** [5d Ks 3h]
Hero: bets $13
340b5747: folds
Uncalled bet ($13) returned to Hero
*** SHOWDOWN ***
Hero collected $26 from pot
*** SUMMARY ***
Total pot $26
Board [5d Ks 3h]
Seat 2: 830434a9 folded before Flop (didn't bet)
Seat 5: 2d416905(small blind) folded before Flop
Seat 7: Hero(big blind)won ($26) with Ace-High
Seat 4: 340b5747 folded on the Flop



Poker Hand #ring_876200545: NLH No Limit ($2/$4) - 2025/05/14 03:50:04
Table 'MR NLH BOMBPOT 2/4' 7-max Seat #2 is the button
Seat 2: 830434a9 ($719.01 in chips)
Seat 5: 2d416905 ($725.01 in chips)
Seat 7: Hero ($350.31 in chips)
Seat 4: 340b5747 ($569.76 in chips)
340b5747: posts small blind $2
2d416905: posts big blind $4
*** HOLE CARDS ***
Dealt to 830434a9 
Dealt to 2d416905 
Dealt to Hero [2s 5c]
Dealt to 340b5747 
Hero: folds
830434a9: raises $6 to $10
340b5747: folds
2d416905: folds
Uncalled bet ($6) returned to 830434a9
*** SHOWDOWN ***
830434a9 collected $10 from pot
*** SUMMARY ***
Total pot $10
Seat 2: 830434a9won ($10)
Seat 5: 2d416905(big blind) folded before Flop
Seat 7: Hero folded before Flop (didn't bet)
Seat 4: 340b5747(small blind) folded before Flop



Poker Hand #ring_876199393: NLH No Limit ($2/$4) - 2025/05/14 03:49:14
Table 'MR NLH BOMBPOT 2/4' 7-max Seat #0 is the button
Seat 2: 830434a9 ($609.73 in chips)
Seat 5: 2d416905 ($745.01 in chips)
Seat 7: Hero ($429.51 in chips)
Seat 4: 340b5747 ($589.76 in chips)
830434a9: posts the ante $20
340b5747: posts the ante $20
2d416905: posts the ante $20
Hero: posts the ante $20
*** HOLE CARDS ***
Dealt to 830434a9 
Dealt to 2d416905 
Dealt to Hero [Ts Jc]
Dealt to 340b5747 
*** FLOP *** [3c Kh 8h]
830434a9: checks
340b5747: checks
2d416905: checks
Hero: checks
*** TURN *** [3c Kh 8h] [Jh]
830434a9: bets $59.2
340b5747: folds
2d416905: folds
Hero: calls $59.2
*** RIVER *** [3c Kh 8h Jh] [8c]
830434a9: checks
Hero: checks
830434a9: shows [Ks 7s]
Hero: shows [Ts Jc]
*** SHOWDOWN ***
830434a9 collected $198.4 from pot
*** SUMMARY ***
Total pot $198.4
Board [3c Kh 8h Jh 8c]
Seat 2: 830434a9(small blind) showed [Ks 7s] and won ($198.4) with Pair of Kings and Pair of Eights
Seat 5: 2d416905 folded on the Turn
Seat 7: Hero showed [Ts Jc] and lost with Pair of Jacks and Pair of Eights
Seat 4: 340b5747(big blind) folded on the Turn



Poker Hand #ring_876198934: NLH No Limit ($2/$4) - 2025/05/14 03:48:55
Table 'MR NLH BOMBPOT 2/4' 7-max Seat #7 is the button
Seat 2: 830434a9 ($607.73 in chips)
Seat 5: 2d416905 ($745.01 in chips)
Seat 7: Hero ($429.51 in chips)
Seat 1: c59c90f ($852.27 in chips)
Seat 4: 340b5747 ($589.76 in chips)
c59c90f: posts small blind $2
830434a9: posts big blind $4
*** HOLE CARDS ***
Dealt to 830434a9 
Dealt to 2d416905 
Dealt to Hero [5c Tc]
Dealt to c59c90f 
Dealt to 340b5747 
340b5747: folds
2d416905: folds
Hero: folds
c59c90f: folds
*** SHOWDOWN ***
830434a9 collected $6 from pot
*** SUMMARY ***
Total pot $6
Seat 2: 830434a9(big blind)won ($6)
Seat 5: 2d416905 folded before Flop (didn't bet)
Seat 7: Hero folded before Flop (didn't bet)
Seat 1: c59c90f(small blind) folded before Flop
Seat 4: 340b5747 folded before Flop (didn't bet)



Poker Hand #ring_876197001: NLH No Limit ($2/$4) - 2025/05/14 03:47:32
Table 'MR NLH BOMBPOT 2/4' 7-max Seat #5 is the button
Seat 3: 23ca0717 ($607.73 in chips)
Seat 5: 2d416905 ($753.01 in chips)
Seat 7: Hero ($354 in chips)
Seat 1: c59c90f ($927.95 in chips)
Seat 4: 340b5747 ($589.76 in chips)
Hero: posts small blind $2
c59c90f: posts big blind $4
*** HOLE CARDS ***
Dealt to 23ca0717 
Dealt to 2d416905 
Dealt to Hero [Td Qd]
Dealt to c59c90f 
Dealt to 340b5747 
23ca0717: folds
340b5747: folds
2d416905: raises $4 to $8
Hero: calls $6
c59c90f: raises $12 to $20
2d416905: folds
Hero: calls $12
*** FLOP *** [3d Jh 8d]
Hero: checks
c59c90f: bets $24
Hero: calls $24
*** TURN *** [3d Jh 8d] [Qs]
Hero: checks
c59c90f: bets $31.68
Hero: raises $79.68 to $111.36
c59c90f: folds
Uncalled bet ($79.68) returned to Hero
*** SHOWDOWN ***
Hero collected $159.36 from pot
*** SUMMARY ***
Total pot $159.36
Board [3d Jh 8d Qs]
Seat 3: 23ca0717 folded before Flop (didn't bet)
Seat 5: 2d416905 folded before Flop
Seat 7: Hero(small blind)won ($159.36) with Pair of Queens
Seat 1: c59c90f(big blind) folded on the Turn
Seat 4: 340b5747 folded before Flop (didn't bet)



Poker Hand #ring_876196277: NLH No Limit ($2/$4) - 2025/05/14 03:47:01
Table 'MR NLH BOMBPOT 2/4' 7-max Seat #4 is the button
Seat 3: 23ca0717 ($607.73 in chips)
Seat 5: 2d416905 ($755.01 in chips)
Seat 7: Hero ($364 in chips)
Seat 1: c59c90f ($916.94 in chips)
Seat 4: 340b5747 ($589.76 in chips)
2d416905: posts small blind $2
Hero: posts big blind $4
*** HOLE CARDS ***
Dealt to 23ca0717 
Dealt to 2d416905 
Dealt to Hero [8s 6c]
Dealt to c59c90f 
Dealt to 340b5747 
c59c90f: raises $6 to $10
23ca0717: folds
340b5747: folds
2d416905: folds
Hero: calls $6
*** FLOP *** [Qh 2d 9s]
Hero: checks
c59c90f: bets $7.26
Hero: folds
Uncalled bet ($7.26) returned to c59c90f
*** SHOWDOWN ***
c59c90f collected $22 from pot
*** SUMMARY ***
Total pot $22
Board [Qh 2d 9s]
Seat 3: 23ca0717 folded before Flop (didn't bet)
Seat 5: 2d416905(small blind) folded before Flop
Seat 7: Hero(big blind) folded on the Flop
Seat 1: c59c90fwon ($22) with King-High
Seat 4: 340b5747 folded before Flop (didn't bet)



Poker Hand #ring_876194935: NLH No Limit ($2/$4) - 2025/05/14 03:46:03
Table 'MR NLH BOMBPOT 2/4' 7-max Seat #3 is the button
Seat 3: 23ca0717 ($733.69 in chips)
Seat 5: 2d416905 ($759.01 in chips)
Seat 7: Hero ($364 in chips)
Seat 1: c59c90f ($797.58 in chips)
Seat 4: 340b5747 ($591.76 in chips)
340b5747: posts small blind $2
2d416905: posts big blind $4
*** HOLE CARDS ***
Dealt to 23ca0717 
Dealt to 2d416905 
Dealt to Hero [9d 5c]
Dealt to c59c90f 
Dealt to 340b5747 
Hero: folds
c59c90f: raises $6 to $10
23ca0717: calls $10
340b5747: folds
2d416905: folds
*** FLOP *** [2d 5s Th]
c59c90f: bets $13
23ca0717: calls $13
*** TURN *** [2d 5s Th] [4h]
c59c90f: bets $26
23ca0717: raises $76.96 to $102.96
c59c90f: calls $76.96
*** RIVER *** [2d 5s Th 4h] [Js]
c59c90f: checks
23ca0717: checks
c59c90f: shows [Qc Qh]
23ca0717: shows [3c 3s]
*** SHOWDOWN ***
c59c90f collected $257.92 from pot
*** SUMMARY ***
Total pot $257.92
Board [2d 5s Th 4h Js]
Seat 3: 23ca0717 showed [3c 3s] and lost with Pair of Treys
Seat 5: 2d416905(big blind) folded before Flop
Seat 7: Hero folded before Flop (didn't bet)
Seat 1: c59c90f showed [Qc Qh] and won ($257.92) with Pair of Queens
Seat 4: 340b5747(small blind) folded before Flop



Poker Hand #ring_876194356: NLH No Limit ($2/$4) - 2025/05/14 03:45:38
Table 'MR NLH BOMBPOT 2/4' 7-max Seat #2 is the button
Seat 2: 370a65eb ($1,225.75 in chips)
Seat 3: 23ca0717 ($717.69 in chips)
Seat 5: 2d416905 ($759.01 in chips)
Seat 7: Hero ($376 in chips)
Seat 1: c59c90f ($797.58 in chips)
Seat 4: 340b5747 ($595.76 in chips)
23ca0717: posts small blind $2
340b5747: posts big blind $4
*** HOLE CARDS ***
Dealt to 370a65eb 
Dealt to 23ca0717 
Dealt to 2d416905 
Dealt to Hero [8d 9d]
Dealt to c59c90f 
Dealt to 340b5747 
2d416905: folds
Hero: raises $8 to $12
c59c90f: folds
370a65eb: folds
23ca0717: raises $40 to $52
340b5747: folds
Hero: folds
Uncalled bet ($40) returned to 23ca0717
*** SHOWDOWN ***
23ca0717 collected $28 from pot
*** SUMMARY ***
Total pot $28
Seat 2: 370a65eb folded before Flop (didn't bet)
Seat 3: 23ca0717(small blind)won ($28)
Seat 5: 2d416905 folded before Flop (didn't bet)
Seat 7: Hero folded before Flop
Seat 1: c59c90f folded before Flop (didn't bet)
Seat 4: 340b5747(big blind) folded before Flop



Poker Hand #ring_876192469: NLH No Limit ($2/$4) - 2025/05/14 03:44:16
Table 'MR NLH BOMBPOT 2/4' 7-max Seat #1 is the button
Seat 2: 370a65eb ($1,227.75 in chips)
Seat 3: 23ca0717 ($1,128.79 in chips)
Seat 5: 2d416905 ($759.01 in chips)
Seat 7: Hero ($388 in chips)
Seat 1: c59c90f ($411.1 in chips)
Seat 4: 340b5747 ($595.76 in chips)
370a65eb: posts small blind $2
23ca0717: posts big blind $4
*** HOLE CARDS ***
Dealt to 370a65eb 
Dealt to 23ca0717 
Dealt to 2d416905 
Dealt to Hero [Qc Jc]
Dealt to c59c90f 
Dealt to 340b5747 
340b5747: folds
2d416905: folds
Hero: raises $8 to $12
c59c90f: calls $12
370a65eb: folds
23ca0717: calls $8
*** FLOP *** [Qd 5d 3s]
23ca0717: checks
Hero: checks
c59c90f: bets $19
23ca0717: raises $76 to $95
Hero: folds
c59c90f: raises $304.1 to $399.1 and is all-in
23ca0717: calls $304.1
c59c90f: shows [Qs Kd] (Pair of Queens)
23ca0717: shows [5c 3c] (Pair of Fives and Pair of Treys)
*** TURN *** [Qd 5d 3s] [6h]
*** RIVER *** [Qd 5d 3s 6h] [6c]
Hero: shows [Qc]
*** SHOWDOWN ***
c59c90f collected $836.2 from pot
*** SUMMARY ***
Total pot $836.2
Board [Qd 5d 3s 6h 6c]
Seat 2: 370a65eb(small blind) folded before Flop
Seat 3: 23ca0717(big blind) showed [5c 3c] and lost with Pair of Sixes and Pair of Fives
Seat 5: 2d416905 folded before Flop (didn't bet)
Seat 7: Hero folded on the Flop
Seat 1: c59c90f showed [Qs Kd] and won ($836.2) with Pair of Queens and Pair of Sixes
Seat 4: 340b5747 folded before Flop (didn't bet)



Poker Hand #ring_876191781: NLH No Limit ($2/$4) - 2025/05/14 03:43:47
Table 'MR NLH BOMBPOT 2/4' 7-max Seat #7 is the button
Seat 2: 370a65eb ($1,231.75 in chips)
Seat 3: 23ca0717 ($1,128.79 in chips)
Seat 5: 2d416905 ($759.01 in chips)
Seat 7: Hero ($388 in chips)
Seat 1: c59c90f ($413.1 in chips)
Seat 4: 340b5747 ($589.76 in chips)
c59c90f: posts small blind $2
370a65eb: posts big blind $4
*** HOLE CARDS ***
Dealt to 370a65eb 
Dealt to 23ca0717 
Dealt to 2d416905 
Dealt to Hero [3c 7h]
Dealt to c59c90f 
Dealt to 340b5747 
23ca0717: folds
340b5747: raises $6 to $10
2d416905: folds
Hero: folds
c59c90f: folds
370a65eb: folds
Uncalled bet ($6) returned to 340b5747
*** SHOWDOWN ***
340b5747 collected $10 from pot
*** SUMMARY ***
Total pot $10
Seat 2: 370a65eb(big blind) folded before Flop
Seat 3: 23ca0717 folded before Flop (didn't bet)
Seat 5: 2d416905 folded before Flop (didn't bet)
Seat 7: Hero folded before Flop (didn't bet)
Seat 1: c59c90f(small blind) folded before Flop
Seat 4: 340b5747won ($10)



Poker Hand #ring_876190768: NLH No Limit ($2/$4) - 2025/05/14 03:43:03
Table 'MR NLH BOMBPOT 2/4' 7-max Seat #5 is the button
Seat 2: 370a65eb ($1,231.75 in chips)
Seat 3: 23ca0717 ($1,115.96 in chips)
Seat 5: 2d416905 ($759.01 in chips)
Seat 7: Hero ($390 in chips)
Seat 1: c59c90f ($425.1 in chips)
Seat 4: 340b5747 ($589.76 in chips)
Hero: posts small blind $2
c59c90f: posts big blind $4
*** HOLE CARDS ***
Dealt to 370a65eb 
Dealt to 23ca0717 
Dealt to 2d416905 
Dealt to Hero [9c Qs]
Dealt to c59c90f 
Dealt to 340b5747 
370a65eb: folds
23ca0717: raises $8 to $12
340b5747: folds
2d416905: folds
Hero: folds
c59c90f: calls $8
*** FLOP *** [Jd 2s 7d]
c59c90f: checks
23ca0717: bets $32
c59c90f: folds
Uncalled bet ($32) returned to 23ca0717
*** SHOWDOWN ***
23ca0717 collected $26 from pot
*** SUMMARY ***
Total pot $26
Board [Jd 2s 7d]
Seat 2: 370a65eb folded before Flop (didn't bet)
Seat 3: 23ca0717won ($26) with King-High
Seat 5: 2d416905 folded before Flop (didn't bet)
Seat 7: Hero(small blind) folded before Flop
Seat 1: c59c90f(big blind) folded on the Flop
Seat 4: 340b5747 folded before Flop (didn't bet)



Poker Hand #ring_876189164: NLH No Limit ($2/$4) - 2025/05/14 03:41:54
Table 'MR NLH BOMBPOT 2/4' 7-max Seat #4 is the button
Seat 2: 370a65eb ($1,269.83 in chips)
Seat 3: 23ca0717 ($1,115.96 in chips)
Seat 5: 2d416905 ($761.01 in chips)
Seat 7: Hero ($400 in chips)
Seat 1: c59c90f ($379.98 in chips)
Seat 4: 340b5747 ($589.76 in chips)
2d416905: posts small blind $2
Hero: posts big blind $4
*** HOLE CARDS ***
Dealt to 370a65eb 
Dealt to 23ca0717 
Dealt to 2d416905 
Dealt to Hero [Ac 2d]
Dealt to c59c90f 
Dealt to 340b5747 
c59c90f: raises $6 to $10
370a65eb: calls $10
23ca0717: folds
340b5747: folds
2d416905: folds
Hero: calls $6
*** FLOP *** [7h 4s Jh]
Hero: checks
c59c90f: bets $10.56
370a65eb: raises $17.52 to $28.08
Hero: folds
c59c90f: raises $61.92 to $90
370a65eb: folds
Uncalled bet ($61.92) returned to c59c90f
*** SHOWDOWN ***
c59c90f collected $88.16 from pot
*** SUMMARY ***
Total pot $88.16
Board [7h 4s Jh]
Seat 2: 370a65eb folded on the Flop
Seat 3: 23ca0717 folded before Flop (didn't bet)
Seat 5: 2d416905(small blind) folded before Flop
Seat 7: Hero(big blind) folded on the Flop
Seat 1: c59c90fwon ($88.16) with Three Jacks
Seat 4: 340b5747 folded before Flop (didn't bet)



