Poker Hand #ring_890266279: NLH No Limit ($1/$2) - 2025/05/21 13:40:51
Table 'MR NLH 1/2' 7-max Seat #2 is the button
Seat 2: 9a954d27 ($382 in chips)
Seat 3: a1629667 ($543.66 in chips)
Seat 6: 1c91e787 ($958.04 in chips)
Seat 1: b542273a ($399 in chips)
Seat 4: 75e092cc ($577.1 in chips)
Seat 5: Hero ($216 in chips)
a1629667: posts small blind $1
75e092cc: posts big blind $2
*** HOLE CARDS ***
Dealt to 9a954d27 
Dealt to a1629667 
Dealt to 1c91e787 
Dealt to b542273a 
Dealt to 75e092cc 
Dealt to Hero [4c 4d]
Hero: raises $4 to $6
1c91e787: raises $14 to $20
b542273a: calls $20
9a954d27: folds
a1629667: folds
75e092cc: folds
Hero: calls $14
*** FLOP *** [Qs 8c 3h]
Hero: checks
1c91e787: checks
b542273a: bets $41.58
Hero: folds
1c91e787: raises $62.42 to $104
b542273a: calls $62.42
*** TURN *** [Qs 8c 3h] [Qc]
1c91e787: checks
b542273a: bets $275 and is all-in
1c91e787: folds
Uncalled bet ($275) returned to b542273a
*** SHOWDOWN ***
b542273a collected $271 from pot
*** SUMMARY ***
Total pot $271
Board [Qs 8c 3h Qc]
Seat 2: 9a954d27 folded before Flop (didn't bet)
Seat 3: a1629667(small blind) folded before Flop
Seat 6: 1c91e787 folded on the Turn
Seat 1: b542273awon ($271) with Pair of Queens and Pair of Nines
Seat 4: 75e092cc(big blind) folded before Flop
Seat 5: Hero folded on the Flop



Poker Hand #ring_890265646: NLH No Limit ($1/$2) - 2025/05/21 13:40:14
Table 'MR NLH 1/2' 7-max Seat #1 is the button
Seat 2: 9a954d27 ($380 in chips)
Seat 3: a1629667 ($545.66 in chips)
Seat 6: 1c91e787 ($958.04 in chips)
Seat 1: b542273a ($399 in chips)
Seat 4: 75e092cc ($577.1 in chips)
Seat 5: Hero ($216 in chips)
9a954d27: posts small blind $1
a1629667: posts big blind $2
*** HOLE CARDS ***
Dealt to 9a954d27 
Dealt to a1629667 
Dealt to 1c91e787 
Dealt to b542273a 
Dealt to 75e092cc 
Dealt to Hero [9c 6d]
75e092cc: folds
Hero: folds
1c91e787: folds
b542273a: folds
9a954d27: raises $4 to $6
a1629667: folds
Uncalled bet ($4) returned to 9a954d27
*** SHOWDOWN ***
9a954d27 collected $4 from pot
*** SUMMARY ***
Total pot $4
Seat 2: 9a954d27(small blind)won ($4)
Seat 3: a1629667(big blind) folded before Flop
Seat 6: 1c91e787 folded before Flop (didn't bet)
Seat 1: b542273a folded before Flop (didn't bet)
Seat 4: 75e092cc folded before Flop (didn't bet)
Seat 5: Hero folded before Flop (didn't bet)



Poker Hand #ring_890265334: NLH No Limit ($1/$2) - 2025/05/21 13:39:56
Table 'MR NLH 1/2' 7-max Seat #6 is the button
Seat 2: 9a954d27 ($379 in chips)
Seat 3: a1629667 ($545.66 in chips)
Seat 6: 1c91e787 ($958.04 in chips)
Seat 1: b542273a ($400 in chips)
Seat 4: 75e092cc ($577.1 in chips)
Seat 5: Hero ($216 in chips)
b542273a: posts small blind $1
9a954d27: posts big blind $2
*** HOLE CARDS ***
Dealt to 9a954d27 
Dealt to a1629667 
Dealt to 1c91e787 
Dealt to b542273a 
Dealt to 75e092cc 
Dealt to Hero [6c Qh]
a1629667: folds
75e092cc: folds
Hero: folds
1c91e787: folds
b542273a: folds
*** SHOWDOWN ***
9a954d27 collected $3 from pot
*** SUMMARY ***
Total pot $3
Seat 2: 9a954d27(big blind)won ($3)
Seat 3: a1629667 folded before Flop (didn't bet)
Seat 6: 1c91e787 folded before Flop (didn't bet)
Seat 1: b542273a(small blind) folded before Flop
Seat 4: 75e092cc folded before Flop (didn't bet)
Seat 5: Hero folded before Flop (didn't bet)



Poker Hand #ring_890264290: NLH No Limit ($1/$2) - 2025/05/21 13:38:55
Table 'MR NLH 1/2' 7-max Seat #5 is the button
Seat 2: 9a954d27 ($379 in chips)
Seat 3: a1629667 ($545.66 in chips)
Seat 6: 1c91e787 ($999.04 in chips)
Seat 1: b542273a ($402 in chips)
Seat 4: 75e092cc ($538.38 in chips)
Seat 5: Hero ($216 in chips)
1c91e787: posts small blind $1
b542273a: posts big blind $2
*** HOLE CARDS ***
Dealt to 9a954d27 
Dealt to a1629667 
Dealt to 1c91e787 
Dealt to b542273a 
Dealt to 75e092cc 
Dealt to Hero [Ad 4c]
9a954d27: folds
a1629667: folds
75e092cc: raises $3 to $5
Hero: folds
1c91e787: calls $4
b542273a: folds
*** FLOP *** [7d 9h Ac]
1c91e787: checks
75e092cc: bets $3.96
1c91e787: raises $8.04 to $12
75e092cc: calls $8.04
*** TURN *** [7d 9h Ac] [Td]
1c91e787: bets $24
75e092cc: raises $63 to $87
1c91e787: folds
Uncalled bet ($63) returned to 75e092cc
*** SHOWDOWN ***
75e092cc collected $84 from pot
*** SUMMARY ***
Total pot $84
Board [7d 9h Ac Td]
Seat 2: 9a954d27 folded before Flop (didn't bet)
Seat 3: a1629667 folded before Flop (didn't bet)
Seat 6: 1c91e787(small blind) folded on the Turn
Seat 1: b542273a(big blind) folded before Flop
Seat 4: 75e092ccwon ($84) with Ace-High
Seat 5: Hero folded before Flop (didn't bet)



Poker Hand #ring_890263841: NLH No Limit ($1/$2) - 2025/05/21 13:38:29
Table 'MR NLH 1/2' 7-max Seat #4 is the button
Seat 2: 9a954d27 ($379 in chips)
Seat 3: a1629667 ($545.66 in chips)
Seat 6: 1c91e787 ($1,001.04 in chips)
Seat 1: b542273a ($402 in chips)
Seat 4: 75e092cc ($535.38 in chips)
Seat 5: Hero ($217 in chips)
Hero: posts small blind $1
1c91e787: posts big blind $2
*** HOLE CARDS ***
Dealt to 9a954d27 
Dealt to a1629667 
Dealt to 1c91e787 
Dealt to b542273a 
Dealt to 75e092cc 
Dealt to Hero [Tc 2s]
b542273a: folds
9a954d27: folds
a1629667: folds
75e092cc: raises $2 to $4
Hero: folds
1c91e787: folds
Uncalled bet ($2) returned to 75e092cc
*** SHOWDOWN ***
75e092cc collected $5 from pot
*** SUMMARY ***
Total pot $5
Seat 2: 9a954d27 folded before Flop (didn't bet)
Seat 3: a1629667 folded before Flop (didn't bet)
Seat 6: 1c91e787(big blind) folded before Flop
Seat 1: b542273a folded before Flop (didn't bet)
Seat 4: 75e092ccwon ($5)
Seat 5: Hero(small blind) folded before Flop



Poker Hand #ring_890263455: NLH No Limit ($1/$2) - 2025/05/21 13:38:07
Table 'MR NLH 1/2' 7-max Seat #3 is the button
Seat 2: 9a954d27 ($379 in chips)
Seat 3: a1629667 ($545.66 in chips)
Seat 6: 1c91e787 ($1,001.04 in chips)
Seat 1: b542273a ($402 in chips)
Seat 4: 75e092cc ($536.38 in chips)
Seat 5: Hero ($216 in chips)
75e092cc: posts small blind $1
Hero: posts big blind $2
*** HOLE CARDS ***
Dealt to 9a954d27 
Dealt to a1629667 
Dealt to 1c91e787 
Dealt to b542273a 
Dealt to 75e092cc 
Dealt to Hero [Kd 4c]
1c91e787: folds
b542273a: folds
9a954d27: folds
a1629667: folds
75e092cc: folds
*** SHOWDOWN ***
Hero collected $3 from pot
*** SUMMARY ***
Total pot $3
Seat 2: 9a954d27 folded before Flop (didn't bet)
Seat 3: a1629667 folded before Flop (didn't bet)
Seat 6: 1c91e787 folded before Flop (didn't bet)
Seat 1: b542273a folded before Flop (didn't bet)
Seat 4: 75e092cc(small blind) folded before Flop
Seat 5: Hero(big blind)won ($3)



Poker Hand #ring_890263063: NLH No Limit ($1/$2) - 2025/05/21 13:37:45
Table 'MR NLH 1/2' 7-max Seat #2 is the button
Seat 2: 9a954d27 ($379 in chips)
Seat 3: a1629667 ($546.66 in chips)
Seat 6: 1c91e787 ($1,001.04 in chips)
Seat 1: b542273a ($399 in chips)
Seat 4: 75e092cc ($538.38 in chips)
Seat 5: Hero ($216 in chips)
a1629667: posts small blind $1
75e092cc: posts big blind $2
*** HOLE CARDS ***
Dealt to 9a954d27 
Dealt to a1629667 
Dealt to 1c91e787 
Dealt to b542273a 
Dealt to 75e092cc 
Dealt to Hero [Jh Qd]
Hero: folds
1c91e787: folds
b542273a: raises $4 to $6
9a954d27: folds
a1629667: folds
75e092cc: folds
Uncalled bet ($4) returned to b542273a
*** SHOWDOWN ***
b542273a collected $5 from pot
*** SUMMARY ***
Total pot $5
Seat 2: 9a954d27 folded before Flop (didn't bet)
Seat 3: a1629667(small blind) folded before Flop
Seat 6: 1c91e787 folded before Flop (didn't bet)
Seat 1: b542273awon ($5)
Seat 4: 75e092cc(big blind) folded before Flop
Seat 5: Hero folded before Flop (didn't bet)



Poker Hand #ring_890262557: NLH No Limit ($1/$2) - 2025/05/21 13:37:14
Table 'MR NLH 1/2' 7-max Seat #1 is the button
Seat 2: 9a954d27 ($380 in chips)
Seat 3: a1629667 ($548.66 in chips)
Seat 6: 1c91e787 ($998.04 in chips)
Seat 1: b542273a ($399 in chips)
Seat 4: 75e092cc ($538.38 in chips)
Seat 5: Hero ($216 in chips)
9a954d27: posts small blind $1
a1629667: posts big blind $2
*** HOLE CARDS ***
Dealt to 9a954d27 
Dealt to a1629667 
Dealt to 1c91e787 
Dealt to b542273a 
Dealt to 75e092cc 
Dealt to Hero [Qs 6h]
75e092cc: folds
Hero: folds
1c91e787: raises $2 to $4
b542273a: folds
9a954d27: folds
a1629667: folds
Uncalled bet ($2) returned to 1c91e787
*** SHOWDOWN ***
1c91e787 collected $5 from pot
*** SUMMARY ***
Total pot $5
Seat 2: 9a954d27(small blind) folded before Flop
Seat 3: a1629667(big blind) folded before Flop
Seat 6: 1c91e787won ($5)
Seat 1: b542273a folded before Flop (didn't bet)
Seat 4: 75e092cc folded before Flop (didn't bet)
Seat 5: Hero folded before Flop (didn't bet)



Poker Hand #ring_890261892: NLH No Limit ($1/$2) - 2025/05/21 13:36:36
Table 'MR NLH 1/2' 7-max Seat #6 is the button
Seat 2: 9a954d27 ($386 in chips)
Seat 3: a1629667 ($542.24 in chips)
Seat 6: 1c91e787 ($998.04 in chips)
Seat 1: b542273a ($400 in chips)
Seat 4: 75e092cc ($538.38 in chips)
Seat 5: Hero ($216 in chips)
b542273a: posts small blind $1
9a954d27: posts big blind $2
*** HOLE CARDS ***
Dealt to 9a954d27 
Dealt to a1629667 
Dealt to 1c91e787 
Dealt to b542273a 
Dealt to 75e092cc 
Dealt to Hero [2d Kc]
a1629667: raises $4 to $6
75e092cc: folds
Hero: folds
1c91e787: folds
b542273a: folds
9a954d27: calls $4
*** FLOP *** [7s 8c 2s]
9a954d27: checks
a1629667: bets $9.75
9a954d27: folds
Uncalled bet ($9.75) returned to a1629667
*** SHOWDOWN ***
a1629667 collected $13 from pot
*** SUMMARY ***
Total pot $13
Board [7s 8c 2s]
Seat 2: 9a954d27(big blind) folded on the Flop
Seat 3: a1629667won ($13) with Pair of Queens
Seat 6: 1c91e787 folded before Flop (didn't bet)
Seat 1: b542273a(small blind) folded before Flop
Seat 4: 75e092cc folded before Flop (didn't bet)
Seat 5: Hero folded before Flop (didn't bet)



Poker Hand #ring_890261337: NLH No Limit ($1/$2) - 2025/05/21 13:36:04
Table 'MR NLH 1/2' 7-max Seat #5 is the button
Seat 2: 9a954d27 ($386 in chips)
Seat 3: a1629667 ($542.24 in chips)
Seat 6: 1c91e787 ($996.04 in chips)
Seat 1: b542273a ($399.94 in chips)
Seat 4: 75e092cc ($538.38 in chips)
Seat 5: Hero ($216 in chips)
1c91e787: posts small blind $1
b542273a: posts big blind $2
*** HOLE CARDS ***
Dealt to 9a954d27 
Dealt to a1629667 
Dealt to 1c91e787 
Dealt to b542273a 
Dealt to 75e092cc 
Dealt to Hero [4h Tc]
9a954d27: folds
a1629667: folds
75e092cc: folds
Hero: folds
1c91e787: raises $4 to $6
b542273a: folds
Uncalled bet ($4) returned to 1c91e787
*** SHOWDOWN ***
1c91e787 collected $4 from pot
*** SUMMARY ***
Total pot $4
Seat 2: 9a954d27 folded before Flop (didn't bet)
Seat 3: a1629667 folded before Flop (didn't bet)
Seat 6: 1c91e787(small blind)won ($4)
Seat 1: b542273a(big blind) folded before Flop
Seat 4: 75e092cc folded before Flop (didn't bet)
Seat 5: Hero folded before Flop (didn't bet)



Poker Hand #ring_890260113: NLH No Limit ($1/$2) - 2025/05/21 13:34:52
Table 'MR NLH 1/2' 7-max Seat #4 is the button
Seat 2: 9a954d27 ($386 in chips)
Seat 3: a1629667 ($542.24 in chips)
Seat 6: 1c91e787 ($1,034.04 in chips)
Seat 1: b542273a ($399.94 in chips)
Seat 4: 75e092cc ($503.34 in chips)
Seat 5: Hero ($217 in chips)
Hero: posts small blind $1
1c91e787: posts big blind $2
*** HOLE CARDS ***
Dealt to 9a954d27 
Dealt to a1629667 
Dealt to 1c91e787 
Dealt to b542273a 
Dealt to 75e092cc 
Dealt to Hero [Jd 3s]
b542273a: folds
9a954d27: folds
a1629667: folds
75e092cc: raises $2 to $4
Hero: folds
1c91e787: calls $2
*** FLOP *** [2s Qd 8h]
1c91e787: checks
75e092cc: bets $4.5
1c91e787: raises $7.5 to $12
75e092cc: calls $7.5
*** TURN *** [2s Qd 8h] [Jc]
1c91e787: bets $22
75e092cc: raises $38.5 to $60.5
1c91e787: folds
Uncalled bet ($38.5) returned to 75e092cc
75e092cc: shows [Jh]
*** SHOWDOWN ***
75e092cc collected $77 from pot
*** SUMMARY ***
Total pot $77
Board [2s Qd 8h Jc]
Seat 2: 9a954d27 folded before Flop (didn't bet)
Seat 3: a1629667 folded before Flop (didn't bet)
Seat 6: 1c91e787(big blind) folded on the Turn
Seat 1: b542273a folded before Flop (didn't bet)
Seat 4: 75e092cc showed [Jh] and won ($77) with Pair of Jacks
Seat 5: Hero(small blind) folded before Flop



Poker Hand #ring_890259533: NLH No Limit ($1/$2) - 2025/05/21 13:34:19
Table 'MR NLH 1/2' 7-max Seat #3 is the button
Seat 2: 9a954d27 ($386 in chips)
Seat 3: a1629667 ($542.24 in chips)
Seat 6: 1c91e787 ($1,031.04 in chips)
Seat 1: b542273a ($399.94 in chips)
Seat 4: 75e092cc ($504.34 in chips)
Seat 5: Hero ($219 in chips)
75e092cc: posts small blind $1
Hero: posts big blind $2
*** HOLE CARDS ***
Dealt to 9a954d27 
Dealt to a1629667 
Dealt to 1c91e787 
Dealt to b542273a 
Dealt to 75e092cc 
Dealt to Hero [4d Js]
1c91e787: raises $4 to $6
b542273a: folds
9a954d27: folds
a1629667: folds
75e092cc: folds
Hero: folds
Uncalled bet ($4) returned to 1c91e787
*** SHOWDOWN ***
1c91e787 collected $5 from pot
*** SUMMARY ***
Total pot $5
Seat 2: 9a954d27 folded before Flop (didn't bet)
Seat 3: a1629667 folded before Flop (didn't bet)
Seat 6: 1c91e787won ($5)
Seat 1: b542273a folded before Flop (didn't bet)
Seat 4: 75e092cc(small blind) folded before Flop
Seat 5: Hero(big blind) folded before Flop



Poker Hand #ring_890258944: NLH No Limit ($1/$2) - 2025/05/21 13:33:43
Table 'MR NLH 1/2' 7-max Seat #2 is the button
Seat 2: 9a954d27 ($386 in chips)
Seat 3: a1629667 ($543.24 in chips)
Seat 6: 1c91e787 ($1,031.04 in chips)
Seat 1: b542273a ($404.94 in chips)
Seat 4: 75e092cc ($498.34 in chips)
Seat 5: Hero ($219 in chips)
a1629667: posts small blind $1
75e092cc: posts big blind $2
*** HOLE CARDS ***
Dealt to 9a954d27 
Dealt to a1629667 
Dealt to 1c91e787 
Dealt to b542273a 
Dealt to 75e092cc 
Dealt to Hero [4h 3c]
Hero: folds
1c91e787: folds
b542273a: raises $3 to $5
9a954d27: folds
a1629667: folds
75e092cc: raises $15 to $20
b542273a: folds
Uncalled bet ($15) returned to 75e092cc
*** SHOWDOWN ***
75e092cc collected $11 from pot
*** SUMMARY ***
Total pot $11
Seat 2: 9a954d27 folded before Flop (didn't bet)
Seat 3: a1629667(small blind) folded before Flop
Seat 6: 1c91e787 folded before Flop (didn't bet)
Seat 1: b542273a folded before Flop
Seat 4: 75e092cc(big blind)won ($11)
Seat 5: Hero folded before Flop (didn't bet)



Poker Hand #ring_890257723: NLH No Limit ($1/$2) - 2025/05/21 13:32:30
Table 'MR NLH 1/2' 7-max Seat #1 is the button
Seat 2: 9a954d27 ($387 in chips)
Seat 3: a1629667 ($511.78 in chips)
Seat 6: 1c91e787 ($1,060.91 in chips)
Seat 1: b542273a ($408.94 in chips)
Seat 4: 75e092cc ($498.34 in chips)
Seat 5: Hero ($219 in chips)
9a954d27: posts small blind $1
a1629667: posts big blind $2
*** HOLE CARDS ***
Dealt to 9a954d27 
Dealt to a1629667 
Dealt to 1c91e787 
Dealt to b542273a 
Dealt to 75e092cc 
Dealt to Hero [8c 6h]
75e092cc: folds
Hero: folds
1c91e787: raises $2 to $4
b542273a: calls $4
9a954d27: folds
a1629667: raises $13 to $17
1c91e787: calls $13
b542273a: folds
*** FLOP *** [3h 4d Qs]
a1629667: bets $12.87
1c91e787: calls $12.87
*** TURN *** [3h 4d Qs] [Ad]
a1629667: bets $94
1c91e787: folds
Uncalled bet ($94) returned to a1629667
*** SHOWDOWN ***
a1629667 collected $64.74 from pot
*** SUMMARY ***
Total pot $64.74
Board [3h 4d Qs Ad]
Seat 2: 9a954d27(small blind) folded before Flop
Seat 3: a1629667(big blind)won ($64.74) with Ace-High
Seat 6: 1c91e787 folded on the Turn
Seat 1: b542273a folded before Flop
Seat 4: 75e092cc folded before Flop (didn't bet)
Seat 5: Hero folded before Flop (didn't bet)



Poker Hand #ring_890257352: NLH No Limit ($1/$2) - 2025/05/21 13:32:08
Table 'MR NLH 1/2' 7-max Seat #6 is the button
Seat 2: 9a954d27 ($386 in chips)
Seat 3: a1629667 ($511.78 in chips)
Seat 6: 1c91e787 ($1,060.91 in chips)
Seat 1: b542273a ($409.94 in chips)
Seat 4: 75e092cc ($498.34 in chips)
Seat 5: Hero ($219 in chips)
b542273a: posts small blind $1
9a954d27: posts big blind $2
*** HOLE CARDS ***
Dealt to 9a954d27 
Dealt to a1629667 
Dealt to 1c91e787 
Dealt to b542273a 
Dealt to 75e092cc 
Dealt to Hero [8d Js]
a1629667: folds
75e092cc: folds
Hero: folds
1c91e787: folds
b542273a: folds
*** SHOWDOWN ***
9a954d27 collected $3 from pot
*** SUMMARY ***
Total pot $3
Seat 2: 9a954d27(big blind)won ($3)
Seat 3: a1629667 folded before Flop (didn't bet)
Seat 6: 1c91e787 folded before Flop (didn't bet)
Seat 1: b542273a(small blind) folded before Flop
Seat 4: 75e092cc folded before Flop (didn't bet)
Seat 5: Hero folded before Flop (didn't bet)



Poker Hand #ring_890256872: NLH No Limit ($1/$2) - 2025/05/21 13:31:41
Table 'MR NLH 1/2' 7-max Seat #5 is the button
Seat 2: 9a954d27 ($386 in chips)
Seat 3: a1629667 ($511.78 in chips)
Seat 6: 1c91e787 ($1,061.91 in chips)
Seat 1: b542273a ($408.94 in chips)
Seat 4: 75e092cc ($498.34 in chips)
Seat 5: Hero ($219 in chips)
1c91e787: posts small blind $1
b542273a: posts big blind $2
*** HOLE CARDS ***
Dealt to 9a954d27 
Dealt to a1629667 
Dealt to 1c91e787 
Dealt to b542273a 
Dealt to 75e092cc 
Dealt to Hero [2d 3s]
9a954d27: folds
a1629667: folds
75e092cc: folds
Hero: folds
1c91e787: folds
*** SHOWDOWN ***
b542273a collected $3 from pot
*** SUMMARY ***
Total pot $3
Seat 2: 9a954d27 folded before Flop (didn't bet)
Seat 3: a1629667 folded before Flop (didn't bet)
Seat 6: 1c91e787(small blind) folded before Flop
Seat 1: b542273a(big blind)won ($3)
Seat 4: 75e092cc folded before Flop (didn't bet)
Seat 5: Hero folded before Flop (didn't bet)



Poker Hand #ring_890255383: NLH No Limit ($1/$2) - 2025/05/21 13:30:17
Table 'MR NLH 1/2' 7-max Seat #4 is the button
Seat 2: 9a954d27 ($392 in chips)
Seat 3: a1629667 ($529.78 in chips)
Seat 6: 1c91e787 ($1,039.34 in chips)
Seat 1: b542273a ($408.94 in chips)
Seat 4: 75e092cc ($498.34 in chips)
Seat 5: Hero ($220 in chips)
Hero: posts small blind $1
1c91e787: posts big blind $2
*** HOLE CARDS ***
Dealt to 9a954d27 
Dealt to a1629667 
Dealt to 1c91e787 
Dealt to b542273a 
Dealt to 75e092cc 
Dealt to Hero [Qd 4d]
b542273a: folds
9a954d27: raises $4 to $6
a1629667: calls $6
75e092cc: folds
Hero: folds
1c91e787: calls $4
*** FLOP *** [7h 5s 8s]
1c91e787: checks
9a954d27: checks
a1629667: checks
*** TURN *** [7h 5s 8s] [Kh]
1c91e787: bets $12
9a954d27: folds
a1629667: calls $12
*** RIVER *** [7h 5s 8s Kh] [Kc]
1c91e787: bets $12
a1629667: folds
Uncalled bet ($12) returned to 1c91e787
*** SHOWDOWN ***
1c91e787 collected $43 from pot
*** SUMMARY ***
Total pot $43
Board [7h 5s 8s Kh Kc]
Seat 2: 9a954d27 folded on the Turn
Seat 3: a1629667 folded on the River
Seat 6: 1c91e787(big blind)won ($43) with Pair of Kings
Seat 1: b542273a folded before Flop (didn't bet)
Seat 4: 75e092cc folded before Flop (didn't bet)
Seat 5: Hero(small blind) folded before Flop



Poker Hand #ring_890254920: NLH No Limit ($1/$2) - 2025/05/21 13:29:49
Table 'MR NLH 1/2' 7-max Seat #3 is the button
Seat 2: 9a954d27 ($392 in chips)
Seat 3: a1629667 ($526.78 in chips)
Seat 6: 1c91e787 ($1,039.34 in chips)
Seat 1: b542273a ($408.94 in chips)
Seat 4: 75e092cc ($499.34 in chips)
Seat 5: Hero ($222 in chips)
75e092cc: posts small blind $1
Hero: posts big blind $2
*** HOLE CARDS ***
Dealt to 9a954d27 
Dealt to a1629667 
Dealt to 1c91e787 
Dealt to b542273a 
Dealt to 75e092cc 
Dealt to Hero [6c Js]
1c91e787: folds
b542273a: folds
9a954d27: folds
a1629667: raises $4 to $6
75e092cc: folds
Hero: folds
Uncalled bet ($4) returned to a1629667
*** SHOWDOWN ***
a1629667 collected $5 from pot
*** SUMMARY ***
Total pot $5
Seat 2: 9a954d27 folded before Flop (didn't bet)
Seat 3: a1629667won ($5)
Seat 6: 1c91e787 folded before Flop (didn't bet)
Seat 1: b542273a folded before Flop (didn't bet)
Seat 4: 75e092cc(small blind) folded before Flop
Seat 5: Hero(big blind) folded before Flop



