Poker Hand #ring_852973960: NLH No Limit ($1/$2) - 2025/05/01 21:13:19
Table 'MR NLH 1/2' 7-max Seat #3 is the button
Seat 1: 9c29ac68 ($232.34 in chips)
Seat 2: c77d9208 ($231.37 in chips)
Seat 7: f74037ef ($627.81 in chips)
Seat 3: 2216cb5d ($406.38 in chips)
Seat 4: c3b5d9a0 ($441.55 in chips)
Seat 5: 71bf2961 ($227.78 in chips)
Seat 6: Hero ($247.94 in chips)
c3b5d9a0: posts small blind $1
71bf2961: posts big blind $2
*** HOLE CARDS ***
Dealt to 9c29ac68 
Dealt to c77d9208 
Dealt to f74037ef 
Dealt to 2216cb5d 
Dealt to c3b5d9a0 
Dealt to 71bf2961 
Dealt to Hero [5s 9d]
Hero: folds
f74037ef: raises $2 to $4
9c29ac68: folds
c77d9208: folds
2216cb5d: folds
c3b5d9a0: raises $20 to $24
71bf2961: folds
f74037ef: calls $20
*** FLOP *** [Kc Jh 9s]
c3b5d9a0: bets $16.5
f74037ef: folds
Uncalled bet ($16.5) returned to c3b5d9a0
*** SHOWDOWN ***
c3b5d9a0 collected $50 from pot
*** SUMMARY ***
Total pot $50
Board [Kc Jh 9s]
Seat 1: 9c29ac68 folded before Flop (didn't bet)
Seat 2: c77d9208 folded before Flop (didn't bet)
Seat 7: f74037ef folded on the Flop
Seat 3: 2216cb5d folded before Flop (didn't bet)
Seat 4: c3b5d9a0(small blind)won ($50) with Pair of Kings
Seat 5: 71bf2961(big blind) folded before Flop
Seat 6: Hero folded before Flop (didn't bet)



Poker Hand #ring_852972714: NLH No Limit ($1/$2) - 2025/05/01 21:12:32
Table 'MR NLH 1/2' 7-max Seat #2 is the button
Seat 1: 9c29ac68 ($222.19 in chips)
Seat 2: c77d9208 ($231.37 in chips)
Seat 7: f74037ef ($635.81 in chips)
Seat 3: 2216cb5d ($407.38 in chips)
Seat 4: c3b5d9a0 ($443.55 in chips)
Seat 5: 71bf2961 ($227.78 in chips)
Seat 6: Hero ($247.94 in chips)
2216cb5d: posts small blind $1
c3b5d9a0: posts big blind $2
*** HOLE CARDS ***
Dealt to 9c29ac68 
Dealt to c77d9208 
Dealt to f74037ef 
Dealt to 2216cb5d 
Dealt to c3b5d9a0 
Dealt to 71bf2961 
Dealt to Hero [5d Jh]
71bf2961: folds
Hero: folds
f74037ef: calls $2
9c29ac68: raises $6 to $8
c77d9208: folds
2216cb5d: folds
c3b5d9a0: folds
f74037ef: calls $6
*** FLOP *** [7s 3c Ks]
f74037ef: checks
9c29ac68: bets $6.27
f74037ef: folds
Uncalled bet ($6.27) returned to 9c29ac68
*** SHOWDOWN ***
9c29ac68 collected $19 from pot
*** SUMMARY ***
Total pot $19
Board [7s 3c Ks]
Seat 1: 9c29ac68won ($19) with Pair of Treys
Seat 2: c77d9208 folded before Flop (didn't bet)
Seat 7: f74037ef folded on the Flop
Seat 3: 2216cb5d(small blind) folded before Flop
Seat 4: c3b5d9a0(big blind) folded before Flop
Seat 5: 71bf2961 folded before Flop (didn't bet)
Seat 6: Hero folded before Flop (didn't bet)



Poker Hand #ring_852968460: NLH No Limit ($1/$2) - 2025/05/01 21:09:42
Table 'MR NLH 1/2' 7-max Seat #1 is the button
Seat 1: 9c29ac68 ($222.19 in chips)
Seat 2: c77d9208 ($237.37 in chips)
Seat 7: f74037ef ($468.51 in chips)
Seat 3: 2216cb5d ($409.38 in chips)
Seat 4: c3b5d9a0 ($443.55 in chips)
Seat 5: 71bf2961 ($227.78 in chips)
Seat 6: Hero ($423.94 in chips)
c77d9208: posts small blind $1
2216cb5d: posts big blind $2
*** HOLE CARDS ***
Dealt to 9c29ac68 
Dealt to c77d9208 
Dealt to f74037ef 
Dealt to 2216cb5d 
Dealt to c3b5d9a0 
Dealt to 71bf2961 
Dealt to Hero [Jh 8h]
c3b5d9a0: folds
71bf2961: folds
Hero: raises $4 to $6
f74037ef: calls $6
9c29ac68: folds
c77d9208: calls $5
2216cb5d: folds
*** FLOP *** [9c 8d Ah]
c77d9208: checks
Hero: bets $10
f74037ef: calls $10
c77d9208: folds
*** TURN *** [9c 8d Ah] [8s]
Hero: bets $20
f74037ef: calls $20
*** RIVER *** [9c 8d Ah 8s] [7c]
Hero: bets $50
f74037ef: raises $90 to $140
Hero: calls $90
Hero: shows [Jh 8h]
f74037ef: shows [Ac 8c]
*** SHOWDOWN ***
f74037ef collected $360 from pot
*** SUMMARY ***
Total pot $360
Board [9c 8d Ah 8s 7c]
Seat 1: 9c29ac68 folded before Flop (didn't bet)
Seat 2: c77d9208(small blind) folded on the Flop
Seat 7: f74037ef showed [Ac 8c] and won ($360) with Eights Full over Aces
Seat 3: 2216cb5d(big blind) folded before Flop
Seat 4: c3b5d9a0 folded before Flop (didn't bet)
Seat 5: 71bf2961 folded before Flop (didn't bet)
Seat 6: Hero showed [Jh 8h] and lost with Three Eights



Poker Hand #ring_852967468: NLH No Limit ($1/$2) - 2025/05/01 21:09:01
Table 'MR NLH 1/2' 7-max Seat #7 is the button
Seat 1: 9c29ac68 ($212.19 in chips)
Seat 2: c77d9208 ($239.37 in chips)
Seat 7: f74037ef ($468.51 in chips)
Seat 3: 2216cb5d ($413.38 in chips)
Seat 4: c3b5d9a0 ($443.55 in chips)
Seat 5: 71bf2961 ($231.78 in chips)
Seat 6: Hero ($423.94 in chips)
9c29ac68: posts small blind $1
c77d9208: posts big blind $2
*** HOLE CARDS ***
Dealt to 9c29ac68 
Dealt to c77d9208 
Dealt to f74037ef 
Dealt to 2216cb5d 
Dealt to c3b5d9a0 
Dealt to 71bf2961 
Dealt to Hero [6h 9d]
2216cb5d: raises $2 to $4
c3b5d9a0: folds
71bf2961: calls $4
Hero: folds
f74037ef: folds
9c29ac68: raises $30 to $34
c77d9208: folds
2216cb5d: folds
71bf2961: folds
Uncalled bet ($30) returned to 9c29ac68
*** SHOWDOWN ***
9c29ac68 collected $14 from pot
*** SUMMARY ***
Total pot $14
Seat 1: 9c29ac68(small blind)won ($14)
Seat 2: c77d9208(big blind) folded before Flop
Seat 7: f74037ef folded before Flop (didn't bet)
Seat 3: 2216cb5d folded before Flop
Seat 4: c3b5d9a0 folded before Flop (didn't bet)
Seat 5: 71bf2961 folded before Flop
Seat 6: Hero folded before Flop (didn't bet)



Poker Hand #ring_852966394: NLH No Limit ($1/$2) - 2025/05/01 21:08:20
Table 'MR NLH 1/2' 7-max Seat #6 is the button
Seat 1: 9c29ac68 ($214.19 in chips)
Seat 2: c77d9208 ($239.37 in chips)
Seat 7: f74037ef ($469.51 in chips)
Seat 3: 2216cb5d ($413.38 in chips)
Seat 4: c3b5d9a0 ($440.55 in chips)
Seat 5: 71bf2961 ($231.78 in chips)
Seat 6: Hero ($423.94 in chips)
f74037ef: posts small blind $1
9c29ac68: posts big blind $2
*** HOLE CARDS ***
Dealt to 9c29ac68 
Dealt to c77d9208 
Dealt to f74037ef 
Dealt to 2216cb5d 
Dealt to c3b5d9a0 
Dealt to 71bf2961 
Dealt to Hero [4c Th]
c77d9208: folds
2216cb5d: folds
c3b5d9a0: raises $2.4 to $4.4
71bf2961: folds
Hero: folds
f74037ef: folds
9c29ac68: folds
Uncalled bet ($2.4) returned to c3b5d9a0
*** SHOWDOWN ***
c3b5d9a0 collected $5 from pot
*** SUMMARY ***
Total pot $5
Seat 1: 9c29ac68(big blind) folded before Flop
Seat 2: c77d9208 folded before Flop (didn't bet)
Seat 7: f74037ef(small blind) folded before Flop
Seat 3: 2216cb5d folded before Flop (didn't bet)
Seat 4: c3b5d9a0won ($5)
Seat 5: 71bf2961 folded before Flop (didn't bet)
Seat 6: Hero folded before Flop (didn't bet)



Poker Hand #ring_852964945: NLH No Limit ($1/$2) - 2025/05/01 21:07:24
Table 'MR NLH 1/2' 7-max Seat #5 is the button
Seat 1: 9c29ac68 ($214.19 in chips)
Seat 2: c77d9208 ($232.95 in chips)
Seat 7: f74037ef ($475.51 in chips)
Seat 3: 2216cb5d ($413.38 in chips)
Seat 4: c3b5d9a0 ($440.55 in chips)
Seat 5: 71bf2961 ($231.78 in chips)
Seat 6: Hero ($424.94 in chips)
Hero: posts small blind $1
f74037ef: posts big blind $2
*** HOLE CARDS ***
Dealt to 9c29ac68 
Dealt to c77d9208 
Dealt to f74037ef 
Dealt to 2216cb5d 
Dealt to c3b5d9a0 
Dealt to 71bf2961 
Dealt to Hero [2c 3s]
9c29ac68: folds
c77d9208: raises $4 to $6
2216cb5d: folds
c3b5d9a0: folds
71bf2961: folds
Hero: folds
f74037ef: calls $4
*** FLOP *** [Kh 8s 9h]
f74037ef: checks
c77d9208: checks
*** TURN *** [Kh 8s 9h] [9c]
f74037ef: checks
c77d9208: bets $6.5
f74037ef: folds
Uncalled bet ($6.5) returned to c77d9208
c77d9208: shows [Jh]
*** SHOWDOWN ***
c77d9208 collected $13 from pot
*** SUMMARY ***
Total pot $13
Board [Kh 8s 9h 9c]
Seat 1: 9c29ac68 folded before Flop (didn't bet)
Seat 2: c77d9208 showed [Jh] and won ($13) with Pair of Jacks and Pair of Nines
Seat 7: f74037ef(big blind) folded on the Turn
Seat 3: 2216cb5d folded before Flop (didn't bet)
Seat 4: c3b5d9a0 folded before Flop (didn't bet)
Seat 5: 71bf2961 folded before Flop (didn't bet)
Seat 6: Hero(small blind) folded before Flop



Poker Hand #ring_852963079: NLH No Limit ($1/$2) - 2025/05/01 21:06:12
Table 'MR NLH 1/2' 7-max Seat #4 is the button
Seat 1: 9c29ac68 ($214.19 in chips)
Seat 2: c77d9208 ($232.95 in chips)
Seat 7: f74037ef ($475.51 in chips)
Seat 3: 2216cb5d ($397 in chips)
Seat 4: c3b5d9a0 ($440.55 in chips)
Seat 5: 71bf2961 ($232.78 in chips)
Seat 6: Hero ($442.44 in chips)
71bf2961: posts small blind $1
Hero: posts big blind $2
*** HOLE CARDS ***
Dealt to 9c29ac68 
Dealt to c77d9208 
Dealt to f74037ef 
Dealt to 2216cb5d 
Dealt to c3b5d9a0 
Dealt to 71bf2961 
Dealt to Hero [2h 8s]
f74037ef: folds
9c29ac68: folds
c77d9208: folds
2216cb5d: raises $2 to $4
c3b5d9a0: folds
71bf2961: folds
Hero: calls $2
*** FLOP *** [Jh 3d 4d]
Hero: checks
2216cb5d: checks
*** TURN *** [Jh 3d 4d] [7s]
Hero: bets $4.5
2216cb5d: calls $4.5
*** RIVER *** [Jh 3d 4d 7s] [Ts]
Hero: bets $9
2216cb5d: calls $9
2216cb5d: shows [7c Kc]
Hero: shows [2h 8s]
c77d9208: shows [2s 9d]
*** SHOWDOWN ***
2216cb5d collected $36 from pot
*** SUMMARY ***
Total pot $36
Board [Jh 3d 4d 7s Ts]
Seat 1: 9c29ac68 folded before Flop (didn't bet)
Seat 2: c77d9208 folded before Flop (didn't bet)
Seat 7: f74037ef folded before Flop (didn't bet)
Seat 3: 2216cb5d showed [7c Kc] and won ($36) with Pair of Sevens
Seat 4: c3b5d9a0 folded before Flop (didn't bet)
Seat 5: 71bf2961(small blind) folded before Flop
Seat 6: Hero(big blind) showed [2h 8s] and lost with Jack-High



Poker Hand #ring_852960214: NLH No Limit ($1/$2) - 2025/05/01 21:04:21
Table 'MR NLH 1/2' 7-max Seat #3 is the button
Seat 1: 9c29ac68 ($214.19 in chips)
Seat 2: c77d9208 ($232.95 in chips)
Seat 7: f74037ef ($486.46 in chips)
Seat 3: 2216cb5d ($397 in chips)
Seat 4: c3b5d9a0 ($441.55 in chips)
Seat 5: 71bf2961 ($348.37 in chips)
Seat 6: Hero ($326.34 in chips)
c3b5d9a0: posts small blind $1
71bf2961: posts big blind $2
*** HOLE CARDS ***
Dealt to 9c29ac68 
Dealt to c77d9208 
Dealt to f74037ef 
Dealt to 2216cb5d 
Dealt to c3b5d9a0 
Dealt to 71bf2961 
Dealt to Hero [Ac As]
Hero: raises $4 to $6
f74037ef: raises $4.95 to $10.95
9c29ac68: folds
c77d9208: folds
2216cb5d: folds
c3b5d9a0: folds
71bf2961: raises $21.67 to $32.62
Hero: raises $37.38 to $70
f74037ef: folds
71bf2961: calls $37.38
*** FLOP *** [Jd 4d 9h]
71bf2961: checks
Hero: bets $45.59
71bf2961: calls $45.59
*** TURN *** [Jd 4d 9h] [Kd]
71bf2961: checks
Hero: bets $210.75 and is all-in
71bf2961: folds
Uncalled bet ($210.75) returned to Hero
c77d9208: shows [Td]
*** SHOWDOWN ***
Hero collected $243.13 from pot
*** SUMMARY ***
Total pot $243.13
Board [Jd 4d 9h Kd]
Seat 1: 9c29ac68 folded before Flop (didn't bet)
Seat 2: c77d9208 folded before Flop (didn't bet)
Seat 7: f74037ef folded before Flop
Seat 3: 2216cb5d folded before Flop (didn't bet)
Seat 4: c3b5d9a0(small blind) folded before Flop
Seat 5: 71bf2961(big blind) folded on the Turn
Seat 6: Herowon ($243.13) with Pair of Aces



Poker Hand #ring_852959467: NLH No Limit ($1/$2) - 2025/05/01 21:03:51
Table 'MR NLH 1/2' 7-max Seat #2 is the button
Seat 1: 9c29ac68 ($214.19 in chips)
Seat 2: c77d9208 ($229.95 in chips)
Seat 7: f74037ef ($486.46 in chips)
Seat 3: 2216cb5d ($398 in chips)
Seat 4: c3b5d9a0 ($443.55 in chips)
Seat 5: 71bf2961 ($348.37 in chips)
Seat 6: Hero ($326.34 in chips)
2216cb5d: posts small blind $1
c3b5d9a0: posts big blind $2
*** HOLE CARDS ***
Dealt to 9c29ac68 
Dealt to c77d9208 
Dealt to f74037ef 
Dealt to 2216cb5d 
Dealt to c3b5d9a0 
Dealt to 71bf2961 
Dealt to Hero [9s Ac]
71bf2961: folds
Hero: folds
f74037ef: folds
9c29ac68: folds
c77d9208: raises $4 to $6
2216cb5d: folds
c3b5d9a0: folds
Uncalled bet ($4) returned to c77d9208
*** SHOWDOWN ***
c77d9208 collected $5 from pot
*** SUMMARY ***
Total pot $5
Seat 1: 9c29ac68 folded before Flop (didn't bet)
Seat 2: c77d9208won ($5)
Seat 7: f74037ef folded before Flop (didn't bet)
Seat 3: 2216cb5d(small blind) folded before Flop
Seat 4: c3b5d9a0(big blind) folded before Flop
Seat 5: 71bf2961 folded before Flop (didn't bet)
Seat 6: Hero folded before Flop (didn't bet)



Poker Hand #ring_852958305: NLH No Limit ($1/$2) - 2025/05/01 21:03:06
Table 'MR NLH 1/2' 7-max Seat #1 is the button
Seat 1: 9c29ac68 ($209.19 in chips)
Seat 2: c77d9208 ($230.95 in chips)
Seat 7: f74037ef ($488.46 in chips)
Seat 3: 2216cb5d ($400 in chips)
Seat 4: c3b5d9a0 ($443.55 in chips)
Seat 5: 71bf2961 ($348.37 in chips)
Seat 6: Hero ($326.34 in chips)
c77d9208: posts small blind $1
2216cb5d: posts big blind $2
*** HOLE CARDS ***
Dealt to 9c29ac68 
Dealt to c77d9208 
Dealt to f74037ef 
Dealt to 2216cb5d 
Dealt to c3b5d9a0 
Dealt to 71bf2961 
Dealt to Hero [3c Qh]
c3b5d9a0: folds
71bf2961: folds
Hero: folds
f74037ef: calls $2
9c29ac68: raises $6 to $8
c77d9208: folds
2216cb5d: folds
f74037ef: folds
Uncalled bet ($6) returned to 9c29ac68
c77d9208: shows [2s 6h]
*** SHOWDOWN ***
9c29ac68 collected $7 from pot
*** SUMMARY ***
Total pot $7
Seat 1: 9c29ac68won ($7)
Seat 2: c77d9208(small blind) folded before Flop
Seat 7: f74037ef folded before Flop
Seat 3: 2216cb5d(big blind) folded before Flop
Seat 4: c3b5d9a0 folded before Flop (didn't bet)
Seat 5: 71bf2961 folded before Flop (didn't bet)
Seat 6: Hero folded before Flop (didn't bet)



Poker Hand #ring_852956892: NLH No Limit ($1/$2) - 2025/05/01 21:02:09
Table 'MR NLH 1/2' 7-max Seat #7 is the button
Seat 1: 9c29ac68 ($200 in chips)
Seat 2: c77d9208 ($232.95 in chips)
Seat 7: f74037ef ($496.46 in chips)
Seat 4: c3b5d9a0 ($443.55 in chips)
Seat 5: 71bf2961 ($348.37 in chips)
Seat 6: Hero ($326.34 in chips)
9c29ac68: posts small blind $1
c77d9208: posts big blind $2
*** HOLE CARDS ***
Dealt to 9c29ac68 
Dealt to c77d9208 
Dealt to f74037ef 
Dealt to c3b5d9a0 
Dealt to 71bf2961 
Dealt to Hero [Ah 3d]
c3b5d9a0: folds
71bf2961: folds
Hero: folds
f74037ef: calls $2
9c29ac68: raises $6 to $8
c77d9208: folds
f74037ef: calls $6
*** FLOP *** [Qh Ks Tc]
9c29ac68: checks
f74037ef: checks
*** TURN *** [Qh Ks Tc] [5d]
9c29ac68: checks
f74037ef: checks
*** RIVER *** [Qh Ks Tc 5d] [As]
9c29ac68: checks
f74037ef: checks
9c29ac68: shows [7s 5s]
f74037ef: shows [2d 9d]
c77d9208: shows [Jc]
*** SHOWDOWN ***
9c29ac68 collected $18 from pot
*** SUMMARY ***
Total pot $18
Board [Qh Ks Tc 5d As]
Seat 1: 9c29ac68(small blind) showed [7s 5s] and won ($18) with Pair of Fives
Seat 2: c77d9208(big blind) folded before Flop
Seat 7: f74037ef showed [2d 9d] and lost with Ace-High
Seat 4: c3b5d9a0 folded before Flop (didn't bet)
Seat 5: 71bf2961 folded before Flop (didn't bet)
Seat 6: Hero folded before Flop (didn't bet)



Poker Hand #ring_852956165: NLH No Limit ($1/$2) - 2025/05/01 21:01:41
Table 'MR NLH 1/2' 7-max Seat #6 is the button
Seat 1: 9c29ac68 ($200 in chips)
Seat 2: c77d9208 ($232.95 in chips)
Seat 7: f74037ef ($497.46 in chips)
Seat 4: c3b5d9a0 ($443.55 in chips)
Seat 5: 71bf2961 ($348.37 in chips)
Seat 6: Hero ($323.34 in chips)
f74037ef: posts small blind $1
9c29ac68: posts big blind $2
*** HOLE CARDS ***
Dealt to 9c29ac68 
Dealt to c77d9208 
Dealt to f74037ef 
Dealt to c3b5d9a0 
Dealt to 71bf2961 
Dealt to Hero [Qs Qh]
c77d9208: folds
c3b5d9a0: folds
71bf2961: folds
Hero: raises $4 to $6
f74037ef: folds
9c29ac68: folds
Uncalled bet ($4) returned to Hero
*** SHOWDOWN ***
Hero collected $5 from pot
*** SUMMARY ***
Total pot $5
Seat 1: 9c29ac68(big blind) folded before Flop
Seat 2: c77d9208 folded before Flop (didn't bet)
Seat 7: f74037ef(small blind) folded before Flop
Seat 4: c3b5d9a0 folded before Flop (didn't bet)
Seat 5: 71bf2961 folded before Flop (didn't bet)
Seat 6: Herowon ($5)



Poker Hand #ring_852955021: NLH No Limit ($1/$2) - 2025/05/01 21:00:57
Table 'MR NLH 1/2' 7-max Seat #5 is the button
Seat 1: 9c29ac68 ($200 in chips)
Seat 2: c77d9208 ($232.95 in chips)
Seat 7: f74037ef ($506.09 in chips)
Seat 3: 3c1183fa ($358 in chips)
Seat 4: c3b5d9a0 ($434.74 in chips)
Seat 5: 71bf2961 ($348.37 in chips)
Seat 6: Hero ($324.34 in chips)
Hero: posts small blind $1
f74037ef: posts big blind $2
*** HOLE CARDS ***
Dealt to 9c29ac68 
Dealt to c77d9208 
Dealt to f74037ef 
Dealt to 3c1183fa 
Dealt to c3b5d9a0 
Dealt to 71bf2961 
Dealt to Hero [Kc Td]
9c29ac68: folds
c77d9208: folds
3c1183fa: folds
c3b5d9a0: raises $3 to $5
71bf2961: folds
Hero: folds
f74037ef: calls $3
*** FLOP *** [9s 2d 3s]
f74037ef: bets $3.63
c3b5d9a0: raises $13.7 to $17.33
f74037ef: folds
Uncalled bet ($13.7) returned to c3b5d9a0
*** SHOWDOWN ***
c3b5d9a0 collected $18.26 from pot
*** SUMMARY ***
Total pot $18.26
Board [9s 2d 3s]
Seat 1: 9c29ac68 folded before Flop (didn't bet)
Seat 2: c77d9208 folded before Flop (didn't bet)
Seat 7: f74037ef(big blind) folded on the Flop
Seat 3: 3c1183fa folded before Flop (didn't bet)
Seat 4: c3b5d9a0won ($18.26) with Pair of Jacks
Seat 5: 71bf2961 folded before Flop (didn't bet)
Seat 6: Hero(small blind) folded before Flop



Poker Hand #ring_852953232: NLH No Limit ($1/$2) - 2025/05/01 20:59:47
Table 'MR NLH 1/2' 7-max Seat #4 is the button
Seat 1: 9c29ac68 ($259.88 in chips)
Seat 2: c77d9208 ($232.95 in chips)
Seat 7: f74037ef ($267.23 in chips)
Seat 3: 3c1183fa ($358 in chips)
Seat 4: c3b5d9a0 ($434.74 in chips)
Seat 5: 71bf2961 ($349.37 in chips)
Seat 6: Hero ($326.34 in chips)
71bf2961: posts small blind $1
Hero: posts big blind $2
*** HOLE CARDS ***
Dealt to 9c29ac68 
Dealt to c77d9208 
Dealt to f74037ef 
Dealt to 3c1183fa 
Dealt to c3b5d9a0 
Dealt to 71bf2961 
Dealt to Hero [2s 3h]
f74037ef: raises $2 to $4
9c29ac68: raises $122 to $126
c77d9208: folds
3c1183fa: folds
c3b5d9a0: folds
71bf2961: folds
Hero: folds
f74037ef: calls $122
*** FLOP *** [6h 5d 9d]
f74037ef: bets $141.23 and is all-in
9c29ac68: calls $133.88 and is all-in
Uncalled bet ($7.35) returned to f74037ef
9c29ac68: shows [2d Ad] (Ace-High)
f74037ef: shows [Ts Td] (Pair of Tens)
*** TURN *** [6h 5d 9d] [2h]
*** RIVER *** [6h 5d 9d 2h] [9h]
*** SHOWDOWN ***
f74037ef collected $522.76 from pot
*** SUMMARY ***
Total pot $522.76
Board [6h 5d 9d 2h 9h]
Seat 1: 9c29ac68 showed [2d Ad] and lost with Pair of Nines and Pair of Twos
Seat 2: c77d9208 folded before Flop (didn't bet)
Seat 7: f74037ef showed [Ts Td] and won ($522.76) with Pair of Tens and Pair of Nines
Seat 3: 3c1183fa folded before Flop (didn't bet)
Seat 4: c3b5d9a0 folded before Flop (didn't bet)
Seat 5: 71bf2961(small blind) folded before Flop
Seat 6: Hero(big blind) folded before Flop



Poker Hand #ring_852951414: NLH No Limit ($1/$2) - 2025/05/01 20:58:36
Table 'MR NLH 1/2' 7-max Seat #3 is the button
Seat 1: 9c29ac68 ($259.88 in chips)
Seat 2: c77d9208 ($232.95 in chips)
Seat 7: f74037ef ($267.23 in chips)
Seat 3: 3c1183fa ($344.4 in chips)
Seat 4: c3b5d9a0 ($435.74 in chips)
Seat 5: 71bf2961 ($363.81 in chips)
Seat 6: Hero ($326.34 in chips)
c3b5d9a0: posts small blind $1
71bf2961: posts big blind $2
*** HOLE CARDS ***
Dealt to 9c29ac68 
Dealt to c77d9208 
Dealt to f74037ef 
Dealt to 3c1183fa 
Dealt to c3b5d9a0 
Dealt to 71bf2961 
Dealt to Hero [5c 2d]
Hero: folds
f74037ef: folds
9c29ac68: folds
c77d9208: folds
3c1183fa: raises $2 to $4
c3b5d9a0: folds
71bf2961: calls $2
*** FLOP *** [8c 2h Jh]
71bf2961: checks
3c1183fa: bets $4.5
71bf2961: calls $4.5
*** TURN *** [8c 2h Jh] [Kc]
71bf2961: checks
3c1183fa: bets $5.94
71bf2961: calls $5.94
*** RIVER *** [8c 2h Jh Kc] [9c]
71bf2961: checks
3c1183fa: checks
3c1183fa: shows [Js Ad]
71bf2961: shows [Ac 9s]
*** SHOWDOWN ***
3c1183fa collected $29.88 from pot
*** SUMMARY ***
Total pot $29.88
Board [8c 2h Jh Kc 9c]
Seat 1: 9c29ac68 folded before Flop (didn't bet)
Seat 2: c77d9208 folded before Flop (didn't bet)
Seat 7: f74037ef folded before Flop (didn't bet)
Seat 3: 3c1183fa showed [Js Ad] and won ($29.88) with Pair of Jacks
Seat 4: c3b5d9a0(small blind) folded before Flop
Seat 5: 71bf2961(big blind) showed [Ac 9s] and lost with Pair of Nines
Seat 6: Hero folded before Flop (didn't bet)



Poker Hand #ring_852949356: NLH No Limit ($1/$2) - 2025/05/01 20:57:17
Table 'MR NLH 1/2' 7-max Seat #2 is the button
Seat 1: 9c29ac68 ($259.88 in chips)
Seat 2: c77d9208 ($232.95 in chips)
Seat 7: f74037ef ($267.23 in chips)
Seat 3: 3c1183fa ($345.54 in chips)
Seat 4: c3b5d9a0 ($436.89 in chips)
Seat 5: 71bf2961 ($363.81 in chips)
Seat 6: Hero ($326.34 in chips)
3c1183fa: posts small blind $1
c3b5d9a0: posts big blind $2
*** HOLE CARDS ***
Dealt to 9c29ac68 
Dealt to c77d9208 
Dealt to f74037ef 
Dealt to 3c1183fa 
Dealt to c3b5d9a0 
Dealt to 71bf2961 
Dealt to Hero [6h Ts]
71bf2961: folds
Hero: folds
f74037ef: folds
9c29ac68: folds
c77d9208: folds
3c1183fa: raises $4 to $6
c3b5d9a0: calls $4
*** FLOP *** [3s 5d Qd]
3c1183fa: bets $6
c3b5d9a0: calls $6
*** TURN *** [3s 5d Qd] [Jd]
3c1183fa: checks
c3b5d9a0: checks
*** RIVER *** [3s 5d Qd Jd] [5s]
3c1183fa: bets $7.92
c3b5d9a0: calls $7.92
3c1183fa: shows [Qh 9h]
c3b5d9a0: shows [Qc 8c]
*** SHOWDOWN ***
3c1183fa collected $19.92 from pot
c3b5d9a0 collected $19.92 from pot
*** SUMMARY ***
Total pot $39.84
Board [3s 5d Qd Jd 5s]
Seat 1: 9c29ac68 folded before Flop (didn't bet)
Seat 2: c77d9208 folded before Flop (didn't bet)
Seat 7: f74037ef folded before Flop (didn't bet)
Seat 3: 3c1183fa(small blind) showed [Qh 9h] and won ($19.92) with Pair of Queens and Pair of Fives
Seat 4: c3b5d9a0(big blind) showed [Qc 8c] and won ($19.92) with Pair of Queens and Pair of Fives
Seat 5: 71bf2961 folded before Flop (didn't bet)
Seat 6: Hero folded before Flop (didn't bet)



Poker Hand #ring_852947740: NLH No Limit ($1/$2) - 2025/05/01 20:56:13
Table 'MR NLH 1/2' 7-max Seat #1 is the button
Seat 1: 9c29ac68 ($259.88 in chips)
Seat 2: c77d9208 ($233.95 in chips)
Seat 7: f74037ef ($243.57 in chips)
Seat 3: 3c1183fa ($347.54 in chips)
Seat 4: c3b5d9a0 ($436.89 in chips)
Seat 5: 71bf2961 ($363.81 in chips)
Seat 6: Hero ($349.74 in chips)
c77d9208: posts small blind $1
3c1183fa: posts big blind $2
*** HOLE CARDS ***
Dealt to 9c29ac68 
Dealt to c77d9208 
Dealt to f74037ef 
Dealt to 3c1183fa 
Dealt to c3b5d9a0 
Dealt to 71bf2961 
Dealt to Hero [8h Th]
c3b5d9a0: folds
71bf2961: folds
Hero: raises $4 to $6
f74037ef: raises $4.95 to $10.95
9c29ac68: folds
c77d9208: folds
3c1183fa: folds
Hero: calls $4.95
*** FLOP *** [Kc Qh Ac]
Hero: checks
f74037ef: bets $12.45
Hero: calls $12.45
*** TURN *** [Kc Qh Ac] [3c]
Hero: checks
f74037ef: checks
*** RIVER *** [Kc Qh Ac 3c] [9d]
Hero: checks
f74037ef: checks
Hero: shows [8h Th]
f74037ef: shows [Ts Kh]
*** SHOWDOWN ***
f74037ef collected $49.8 from pot
*** SUMMARY ***
Total pot $49.8
Board [Kc Qh Ac 3c 9d]
Seat 1: 9c29ac68 folded before Flop (didn't bet)
Seat 2: c77d9208(small blind) folded before Flop
Seat 7: f74037ef showed [Ts Kh] and won ($49.8) with Pair of Kings
Seat 3: 3c1183fa(big blind) folded before Flop
Seat 4: c3b5d9a0 folded before Flop (didn't bet)
Seat 5: 71bf2961 folded before Flop (didn't bet)
Seat 6: Hero showed [8h Th] and lost with Ace-High



Poker Hand #ring_852946009: NLH No Limit ($1/$2) - 2025/05/01 20:55:06
Table 'MR NLH 1/2' 7-max Seat #7 is the button
Seat 1: 9c29ac68 ($260.88 in chips)
Seat 2: c77d9208 ($235.95 in chips)
Seat 7: f74037ef ($249.07 in chips)
Seat 3: 3c1183fa ($347.54 in chips)
Seat 4: c3b5d9a0 ($436.89 in chips)
Seat 5: 71bf2961 ($355.94 in chips)
Seat 6: Hero ($349.74 in chips)
9c29ac68: posts small blind $1
c77d9208: posts big blind $2
*** HOLE CARDS ***
Dealt to 9c29ac68 
Dealt to c77d9208 
Dealt to f74037ef 
Dealt to 3c1183fa 
Dealt to c3b5d9a0 
Dealt to 71bf2961 
Dealt to Hero [5h As]
3c1183fa: folds
c3b5d9a0: folds
71bf2961: calls $2
Hero: folds
f74037ef: calls $2
9c29ac68: folds
c77d9208: checks
*** FLOP *** [7s 9c 8s]
c77d9208: checks
71bf2961: bets $3.5
f74037ef: calls $3.5
c77d9208: folds
*** TURN *** [7s 9c 8s] [4h]
71bf2961: bets $4.62
f74037ef: folds
Uncalled bet ($4.62) returned to 71bf2961
*** SHOWDOWN ***
71bf2961 collected $14 from pot
*** SUMMARY ***
Total pot $14
Board [7s 9c 8s 4h]
Seat 1: 9c29ac68(small blind) folded before Flop
Seat 2: c77d9208(big blind) folded on the Flop
Seat 7: f74037ef folded on the Turn
Seat 3: 3c1183fa folded before Flop (didn't bet)
Seat 4: c3b5d9a0 folded before Flop (didn't bet)
Seat 5: 71bf2961won ($14) with Jacks-High Straight
Seat 6: Hero folded before Flop (didn't bet)



Poker Hand #ring_852944434: NLH No Limit ($1/$2) - 2025/05/01 20:54:06
Table 'MR NLH 1/2' 7-max Seat #6 is the button
Seat 1: 9c29ac68 ($262.88 in chips)
Seat 2: c77d9208 ($226.76 in chips)
Seat 7: f74037ef ($257.07 in chips)
Seat 3: 3c1183fa ($347.54 in chips)
Seat 4: c3b5d9a0 ($436.89 in chips)
Seat 5: 71bf2961 ($355.94 in chips)
Seat 6: Hero ($349.74 in chips)
f74037ef: posts small blind $1
9c29ac68: posts big blind $2
*** HOLE CARDS ***
Dealt to 9c29ac68 
Dealt to c77d9208 
Dealt to f74037ef 
Dealt to 3c1183fa 
Dealt to c3b5d9a0 
Dealt to 71bf2961 
Dealt to Hero [Qs 5d]
c77d9208: calls $2
3c1183fa: folds
c3b5d9a0: folds
71bf2961: folds
Hero: folds
f74037ef: calls $1
9c29ac68: checks
*** FLOP *** [Jd Jh 8s]
f74037ef: checks
9c29ac68: checks
c77d9208: checks
*** TURN *** [Jd Jh 8s] [3s]
f74037ef: bets $6
9c29ac68: folds
c77d9208: calls $6
*** RIVER *** [Jd Jh 8s 3s] [2h]
f74037ef: checks
c77d9208: checks
c77d9208: shows [7s As]
f74037ef: shows [7d Kc]
*** SHOWDOWN ***
c77d9208 collected $18 from pot
*** SUMMARY ***
Total pot $18
Board [Jd Jh 8s 3s 2h]
Seat 1: 9c29ac68(big blind) folded on the Turn
Seat 2: c77d9208 showed [7s As] and won ($18) with Pair of Jacks
Seat 7: f74037ef(small blind) showed [7d Kc] and lost with Pair of Jacks
Seat 3: 3c1183fa folded before Flop (didn't bet)
Seat 4: c3b5d9a0 folded before Flop (didn't bet)
Seat 5: 71bf2961 folded before Flop (didn't bet)
Seat 6: Hero folded before Flop (didn't bet)



Poker Hand #ring_852943043: NLH No Limit ($1/$2) - 2025/05/01 20:53:13
Table 'MR NLH 1/2' 7-max Seat #5 is the button
Seat 1: 9c29ac68 ($262.88 in chips)
Seat 2: c77d9208 ($226.76 in chips)
Seat 7: f74037ef ($249.79 in chips)
Seat 3: 3c1183fa ($347.54 in chips)
Seat 4: c3b5d9a0 ($436.89 in chips)
Seat 5: 71bf2961 ($355.94 in chips)
Seat 6: Hero ($357.74 in chips)
Hero: posts small blind $1
f74037ef: posts big blind $2
*** HOLE CARDS ***
Dealt to 9c29ac68 
Dealt to c77d9208 
Dealt to f74037ef 
Dealt to 3c1183fa 
Dealt to c3b5d9a0 
Dealt to 71bf2961 
Dealt to Hero [7c 2c]
9c29ac68: folds
c77d9208: folds
3c1183fa: folds
c3b5d9a0: folds
71bf2961: folds
Hero: calls $1
f74037ef: checks
*** FLOP *** [Th Js Jd]
Hero: checks
f74037ef: checks
*** TURN *** [Th Js Jd] [3d]
Hero: bets $2
f74037ef: calls $2
*** RIVER *** [Th Js Jd 3d] [Qd]
Hero: bets $4
f74037ef: raises $5.28 to $9.28
Hero: folds
Uncalled bet ($5.28) returned to f74037ef
*** SHOWDOWN ***
f74037ef collected $16 from pot
*** SUMMARY ***
Total pot $16
Board [Th Js Jd 3d Qd]
Seat 1: 9c29ac68 folded before Flop (didn't bet)
Seat 2: c77d9208 folded before Flop (didn't bet)
Seat 7: f74037ef(big blind)won ($16) with Pair of Queens and Pair of Jacks
Seat 3: 3c1183fa folded before Flop (didn't bet)
Seat 4: c3b5d9a0 folded before Flop (didn't bet)
Seat 5: 71bf2961 folded before Flop (didn't bet)
Seat 6: Hero(small blind) folded on the River



Poker Hand #ring_852941394: NLH No Limit ($1/$2) - 2025/05/01 20:52:09
Table 'MR NLH 1/2' 7-max Seat #4 is the button
Seat 1: 9c29ac68 ($262.88 in chips)
Seat 2: c77d9208 ($226.76 in chips)
Seat 7: f74037ef ($269.87 in chips)
Seat 3: 3c1183fa ($347.54 in chips)
Seat 4: c3b5d9a0 ($436.89 in chips)
Seat 5: 71bf2961 ($356.94 in chips)
Seat 6: Hero ($339.01 in chips)
71bf2961: posts small blind $1
Hero: posts big blind $2
*** HOLE CARDS ***
Dealt to 9c29ac68 
Dealt to c77d9208 
Dealt to f74037ef 
Dealt to 3c1183fa 
Dealt to c3b5d9a0 
Dealt to 71bf2961 
Dealt to Hero [Ts Qc]
f74037ef: raises $2 to $4
9c29ac68: folds
c77d9208: folds
3c1183fa: folds
c3b5d9a0: folds
71bf2961: folds
Hero: calls $2
*** FLOP *** [4c Ks Th]
Hero: checks
f74037ef: bets $2.97
Hero: calls $2.97
*** TURN *** [4c Ks Th] [Qs]
Hero: checks
f74037ef: bets $4.93
Hero: calls $4.93
*** RIVER *** [4c Ks Th Qs] [8s]
Hero: checks
f74037ef: bets $8.18
Hero: raises $15.82 to $24
f74037ef: folds
Uncalled bet ($15.82) returned to Hero
*** SHOWDOWN ***
Hero collected $41.16 from pot
*** SUMMARY ***
Total pot $41.16
Board [4c Ks Th Qs 8s]
Seat 1: 9c29ac68 folded before Flop (didn't bet)
Seat 2: c77d9208 folded before Flop (didn't bet)
Seat 7: f74037ef folded on the River
Seat 3: 3c1183fa folded before Flop (didn't bet)
Seat 4: c3b5d9a0 folded before Flop (didn't bet)
Seat 5: 71bf2961(small blind) folded before Flop
Seat 6: Hero(big blind)won ($41.16) with Pair of Queens and Pair of Tens



Poker Hand #ring_852938675: NLH No Limit ($1/$2) - 2025/05/01 20:50:23
Table 'MR NLH 1/2' 7-max Seat #3 is the button
Seat 1: 9c29ac68 ($204 in chips)
Seat 2: c77d9208 ($226.76 in chips)
Seat 7: f74037ef ($271.87 in chips)
Seat 3: 3c1183fa ($407.54 in chips)
Seat 4: c3b5d9a0 ($437.89 in chips)
Seat 5: 71bf2961 ($358.94 in chips)
Seat 6: Hero ($339.01 in chips)
c3b5d9a0: posts small blind $1
71bf2961: posts big blind $2
*** HOLE CARDS ***
Dealt to 9c29ac68 
Dealt to c77d9208 
Dealt to f74037ef 
Dealt to 3c1183fa 
Dealt to c3b5d9a0 
Dealt to 71bf2961 
Dealt to Hero [Qd 9s]
Hero: folds
f74037ef: calls $2
9c29ac68: raises $6 to $8
c77d9208: folds
3c1183fa: raises $21 to $29
c3b5d9a0: folds
71bf2961: folds
f74037ef: folds
9c29ac68: raises $31 to $60
3c1183fa: calls $31
*** FLOP *** [2s 3d 7s]
9c29ac68: checks
3c1183fa: checks
*** TURN *** [2s 3d 7s] [2h]
9c29ac68: checks
3c1183fa: checks
*** RIVER *** [2s 3d 7s 2h] [As]
9c29ac68: checks
3c1183fa: checks
9c29ac68: shows [Td Ad]
3c1183fa: shows [Kh 9h]
*** SHOWDOWN ***
9c29ac68 collected $125 from pot
*** SUMMARY ***
Total pot $125
Board [2s 3d 7s 2h As]
Seat 1: 9c29ac68 showed [Td Ad] and won ($125) with Pair of Aces and Pair of Twos
Seat 2: c77d9208 folded before Flop (didn't bet)
Seat 7: f74037ef folded before Flop
Seat 3: 3c1183fa showed [Kh 9h] and lost with Pair of Twos
Seat 4: c3b5d9a0(small blind) folded before Flop
Seat 5: 71bf2961(big blind) folded before Flop
Seat 6: Hero folded before Flop (didn't bet)



Poker Hand #ring_852937981: NLH No Limit ($1/$2) - 2025/05/01 20:49:56
Table 'MR NLH 1/2' 7-max Seat #2 is the button
Seat 1: 9c29ac68 ($199 in chips)
Seat 2: c77d9208 ($226.76 in chips)
Seat 7: f74037ef ($273.87 in chips)
Seat 3: 3c1183fa ($408.54 in chips)
Seat 4: c3b5d9a0 ($439.89 in chips)
Seat 5: 71bf2961 ($358.94 in chips)
Seat 6: Hero ($339.01 in chips)
3c1183fa: posts small blind $1
c3b5d9a0: posts big blind $2
*** HOLE CARDS ***
Dealt to 9c29ac68 
Dealt to c77d9208 
Dealt to f74037ef 
Dealt to 3c1183fa 
Dealt to c3b5d9a0 
Dealt to 71bf2961 
Dealt to Hero [3h Ac]
71bf2961: folds
Hero: folds
f74037ef: calls $2
9c29ac68: raises $6 to $8
c77d9208: folds
3c1183fa: folds
c3b5d9a0: folds
f74037ef: folds
Uncalled bet ($6) returned to 9c29ac68
*** SHOWDOWN ***
9c29ac68 collected $7 from pot
*** SUMMARY ***
Total pot $7
Seat 1: 9c29ac68won ($7)
Seat 2: c77d9208 folded before Flop (didn't bet)
Seat 7: f74037ef folded before Flop
Seat 3: 3c1183fa(small blind) folded before Flop
Seat 4: c3b5d9a0(big blind) folded before Flop
Seat 5: 71bf2961 folded before Flop (didn't bet)
Seat 6: Hero folded before Flop (didn't bet)



Poker Hand #ring_852935477: NLH No Limit ($1/$2) - 2025/05/01 20:48:19
Table 'MR NLH 1/2' 7-max Seat #1 is the button
Seat 1: 9c29ac68 ($199 in chips)
Seat 2: c77d9208 ($227.76 in chips)
Seat 7: f74037ef ($240.73 in chips)
Seat 3: 3c1183fa ($410.54 in chips)
Seat 4: c3b5d9a0 ($439.89 in chips)
Seat 5: 71bf2961 ($375.44 in chips)
Seat 6: Hero ($355.51 in chips)
c77d9208: posts small blind $1
3c1183fa: posts big blind $2
*** HOLE CARDS ***
Dealt to 9c29ac68 
Dealt to c77d9208 
Dealt to f74037ef 
Dealt to 3c1183fa 
Dealt to c3b5d9a0 
Dealt to 71bf2961 
Dealt to Hero [Kh Ac]
c3b5d9a0: folds
71bf2961: calls $2
Hero: raises $4 to $6
f74037ef: calls $6
9c29ac68: folds
c77d9208: folds
3c1183fa: folds
71bf2961: calls $4
*** FLOP *** [Js 9h 7d]
71bf2961: checks
Hero: bets $10.5
f74037ef: calls $10.5
71bf2961: calls $10.5
*** TURN *** [Js 9h 7d] [4s]
71bf2961: checks
Hero: checks
f74037ef: bets $17.32
71bf2961: folds
Hero: folds
Uncalled bet ($17.32) returned to f74037ef
*** SHOWDOWN ***
f74037ef collected $52.5 from pot
*** SUMMARY ***
Total pot $52.5
Board [Js 9h 7d 4s]
Seat 1: 9c29ac68 folded before Flop (didn't bet)
Seat 2: c77d9208(small blind) folded before Flop
Seat 7: f74037efwon ($52.5) with Pair of Jacks
Seat 3: 3c1183fa(big blind) folded before Flop
Seat 4: c3b5d9a0 folded before Flop (didn't bet)
Seat 5: 71bf2961 folded on the Turn
Seat 6: Hero folded on the Turn



Poker Hand #ring_852934358: NLH No Limit ($1/$2) - 2025/05/01 20:47:35
Table 'MR NLH 1/2' 7-max Seat #7 is the button
Seat 1: 9c29ac68 ($200 in chips)
Seat 2: c77d9208 ($229.76 in chips)
Seat 7: f74037ef ($240.73 in chips)
Seat 3: 3c1183fa ($410.54 in chips)
Seat 4: c3b5d9a0 ($439.89 in chips)
Seat 5: 71bf2961 ($372.44 in chips)
Seat 6: Hero ($355.51 in chips)
9c29ac68: posts small blind $1
c77d9208: posts big blind $2
*** HOLE CARDS ***
Dealt to 9c29ac68 
Dealt to c77d9208 
Dealt to f74037ef 
Dealt to 3c1183fa 
Dealt to c3b5d9a0 
Dealt to 71bf2961 
Dealt to Hero [Qc Td]
3c1183fa: folds
c3b5d9a0: folds
71bf2961: raises $4 to $6
Hero: folds
f74037ef: folds
9c29ac68: folds
c77d9208: folds
Uncalled bet ($4) returned to 71bf2961
*** SHOWDOWN ***
71bf2961 collected $5 from pot
*** SUMMARY ***
Total pot $5
Seat 1: 9c29ac68(small blind) folded before Flop
Seat 2: c77d9208(big blind) folded before Flop
Seat 7: f74037ef folded before Flop (didn't bet)
Seat 3: 3c1183fa folded before Flop (didn't bet)
Seat 4: c3b5d9a0 folded before Flop (didn't bet)
Seat 5: 71bf2961won ($5)
Seat 6: Hero folded before Flop (didn't bet)



Poker Hand #ring_852932977: NLH No Limit ($1/$2) - 2025/05/01 20:46:42
Table 'MR NLH 1/2' 7-max Seat #6 is the button
Seat 1: 9c29ac68 ($200 in chips)
Seat 2: c77d9208 ($229.76 in chips)
Seat 7: f74037ef ($229.65 in chips)
Seat 3: 3c1183fa ($410.54 in chips)
Seat 4: c3b5d9a0 ($439.89 in chips)
Seat 5: 71bf2961 ($372.44 in chips)
Seat 6: Hero ($366.13 in chips)
f74037ef: posts small blind $1
9c29ac68: posts big blind $2
*** HOLE CARDS ***
Dealt to 9c29ac68 
Dealt to c77d9208 
Dealt to f74037ef 
Dealt to 3c1183fa 
Dealt to c3b5d9a0 
Dealt to 71bf2961 
Dealt to Hero [Jc Ad]
c77d9208: folds
3c1183fa: folds
c3b5d9a0: folds
71bf2961: folds
Hero: raises $4 to $6
f74037ef: raises $4.62 to $10.62
9c29ac68: folds
Hero: calls $4.62
*** FLOP *** [Kc 4h 3d]
f74037ef: bets $11.62
Hero: folds
Uncalled bet ($11.62) returned to f74037ef
*** SHOWDOWN ***
f74037ef collected $23.24 from pot
*** SUMMARY ***
Total pot $23.24
Board [Kc 4h 3d]
Seat 1: 9c29ac68(big blind) folded before Flop
Seat 2: c77d9208 folded before Flop (didn't bet)
Seat 7: f74037ef(small blind)won ($23.24) with Pair of Kings
Seat 3: 3c1183fa folded before Flop (didn't bet)
Seat 4: c3b5d9a0 folded before Flop (didn't bet)
Seat 5: 71bf2961 folded before Flop (didn't bet)
Seat 6: Hero folded on the Flop



Poker Hand #ring_852930996: NLH No Limit ($1/$2) - 2025/05/01 20:45:26
Table 'MR NLH 1/2' 7-max Seat #5 is the button
Seat 2: c77d9208 ($229.76 in chips)
Seat 7: f74037ef ($238.28 in chips)
Seat 3: 3c1183fa ($410.54 in chips)
Seat 1: 3a644ee8 ($299.08 in chips)
Seat 4: c3b5d9a0 ($431.08 in chips)
Seat 5: 71bf2961 ($372.44 in chips)
Seat 6: Hero ($367.13 in chips)
Hero: posts small blind $1
f74037ef: posts big blind $2
*** HOLE CARDS ***
Dealt to c77d9208 
Dealt to f74037ef 
Dealt to 3c1183fa 
Dealt to 3a644ee8 
Dealt to c3b5d9a0 
Dealt to 71bf2961 
Dealt to Hero [9s 8d]
3a644ee8: folds
c77d9208: folds
3c1183fa: folds
c3b5d9a0: raises $3 to $5
71bf2961: folds
Hero: folds
f74037ef: calls $3
*** FLOP *** [Qc Td Ac]
f74037ef: checks
c3b5d9a0: bets $3.63
f74037ef: calls $3.63
*** TURN *** [Qc Td Ac] [2s]
f74037ef: checks
c3b5d9a0: bets $9.13
f74037ef: folds
Uncalled bet ($9.13) returned to c3b5d9a0
*** SHOWDOWN ***
c3b5d9a0 collected $18.26 from pot
*** SUMMARY ***
Total pot $18.26
Board [Qc Td Ac 2s]
Seat 2: c77d9208 folded before Flop (didn't bet)
Seat 7: f74037ef(big blind) folded on the Turn
Seat 3: 3c1183fa folded before Flop (didn't bet)
Seat 1: 3a644ee8 folded before Flop (didn't bet)
Seat 4: c3b5d9a0won ($18.26) with Pair of Aces
Seat 5: 71bf2961 folded before Flop (didn't bet)
Seat 6: Hero(small blind) folded before Flop



Poker Hand #ring_852929383: NLH No Limit ($1/$2) - 2025/05/01 20:44:24
Table 'MR NLH 1/2' 7-max Seat #4 is the button
Seat 2: c77d9208 ($229.76 in chips)
Seat 7: f74037ef ($248.28 in chips)
Seat 3: 3c1183fa ($410.54 in chips)
Seat 1: 3a644ee8 ($319.97 in chips)
Seat 4: c3b5d9a0 ($400.15 in chips)
Seat 5: 71bf2961 ($373.44 in chips)
Seat 6: Hero ($369.13 in chips)
71bf2961: posts small blind $1
Hero: posts big blind $2
*** HOLE CARDS ***
Dealt to c77d9208 
Dealt to f74037ef 
Dealt to 3c1183fa 
Dealt to 3a644ee8 
Dealt to c3b5d9a0 
Dealt to 71bf2961 
Dealt to Hero [5s 2s]
f74037ef: calls $2
3a644ee8: calls $2
c77d9208: folds
3c1183fa: folds
c3b5d9a0: raises $8 to $10
71bf2961: folds
Hero: folds
f74037ef: calls $8
3a644ee8: calls $8
*** FLOP *** [Kd 4s 4h]
f74037ef: checks
3a644ee8: bets $10.89
c3b5d9a0: calls $10.89
f74037ef: folds
*** TURN *** [Kd 4s 4h] [3c]
3a644ee8: checks
c3b5d9a0: bets $27.39
3a644ee8: folds
Uncalled bet ($27.39) returned to c3b5d9a0
3a644ee8: shows [Td Kh]
*** SHOWDOWN ***
c3b5d9a0 collected $54.78 from pot
*** SUMMARY ***
Total pot $54.78
Board [Kd 4s 4h 3c]
Seat 2: c77d9208 folded before Flop (didn't bet)
Seat 7: f74037ef folded on the Flop
Seat 3: 3c1183fa folded before Flop (didn't bet)
Seat 1: 3a644ee8 folded on the Turn
Seat 4: c3b5d9a0won ($54.78) with Pair of Kings and Pair of Fours
Seat 5: 71bf2961(small blind) folded before Flop
Seat 6: Hero(big blind) folded before Flop



Poker Hand #ring_852928322: NLH No Limit ($1/$2) - 2025/05/01 20:43:44
Table 'MR NLH 1/2' 7-max Seat #3 is the button
Seat 2: c77d9208 ($229.76 in chips)
Seat 7: f74037ef ($248.28 in chips)
Seat 3: 3c1183fa ($405.94 in chips)
Seat 1: 3a644ee8 ($319.97 in chips)
Seat 4: c3b5d9a0 ($401.15 in chips)
Seat 5: 71bf2961 ($377.44 in chips)
Seat 6: Hero ($369.13 in chips)
c3b5d9a0: posts small blind $1
71bf2961: posts big blind $2
*** HOLE CARDS ***
Dealt to c77d9208 
Dealt to f74037ef 
Dealt to 3c1183fa 
Dealt to 3a644ee8 
Dealt to c3b5d9a0 
Dealt to 71bf2961 
Dealt to Hero [6s 7d]
Hero: folds
f74037ef: folds
3a644ee8: folds
c77d9208: folds
3c1183fa: raises $2 to $4
c3b5d9a0: folds
71bf2961: calls $2
*** FLOP *** [3h Jd As]
71bf2961: checks
3c1183fa: bets $4.5
71bf2961: folds
Uncalled bet ($4.5) returned to 3c1183fa
3c1183fa: shows [Js]
f74037ef: shows [5h]
*** SHOWDOWN ***
3c1183fa collected $9 from pot
*** SUMMARY ***
Total pot $9
Board [3h Jd As]
Seat 2: c77d9208 folded before Flop (didn't bet)
Seat 7: f74037ef folded before Flop (didn't bet)
Seat 3: 3c1183fa showed [Js] and won ($9) with Pair of Jacks
Seat 1: 3a644ee8 folded before Flop (didn't bet)
Seat 4: c3b5d9a0(small blind) folded before Flop
Seat 5: 71bf2961(big blind) folded on the Flop
Seat 6: Hero folded before Flop (didn't bet)



Poker Hand #ring_852926298: NLH No Limit ($1/$2) - 2025/05/01 20:42:27
Table 'MR NLH 1/2' 7-max Seat #2 is the button
Seat 2: c77d9208 ($229.76 in chips)
Seat 7: f74037ef ($220.61 in chips)
Seat 3: 3c1183fa ($409.94 in chips)
Seat 1: 3a644ee8 ($319.97 in chips)
Seat 4: c3b5d9a0 ($405.15 in chips)
Seat 5: 71bf2961 ($400 in chips)
Seat 6: Hero ($369.13 in chips)
3c1183fa: posts small blind $1
c3b5d9a0: posts big blind $2
71bf2961: posts big blind $2
*** HOLE CARDS ***
Dealt to c77d9208 
Dealt to f74037ef 
Dealt to 3c1183fa 
Dealt to 3a644ee8 
Dealt to c3b5d9a0 
Dealt to 71bf2961 
Dealt to Hero [Kd 6h]
71bf2961: checks
Hero: folds
f74037ef: calls $2
3a644ee8: folds
c77d9208: folds
3c1183fa: calls $1
c3b5d9a0: checks
*** FLOP *** [Jh Kh Ah]
3c1183fa: bets $2
c3b5d9a0: calls $2
71bf2961: calls $2
f74037ef: raises $8 to $10
3c1183fa: folds
c3b5d9a0: folds
71bf2961: calls $8
*** TURN *** [Jh Kh Ah] [5s]
71bf2961: checks
f74037ef: bets $10.56
71bf2961: calls $10.56
*** RIVER *** [Jh Kh Ah 5s] [5c]
71bf2961: checks
f74037ef: bets $26.56
71bf2961: folds
Uncalled bet ($26.56) returned to f74037ef
*** SHOWDOWN ***
f74037ef collected $53.12 from pot
*** SUMMARY ***
Total pot $53.12
Board [Jh Kh Ah 5s 5c]
Seat 2: c77d9208 folded before Flop (didn't bet)
Seat 7: f74037efwon ($53.12) with Ace High Flush
Seat 3: 3c1183fa(small blind) folded on the Flop
Seat 1: 3a644ee8 folded before Flop (didn't bet)
Seat 4: c3b5d9a0(big blind) folded on the Flop
Seat 5: 71bf2961 folded on the River
Seat 6: Hero folded before Flop (didn't bet)



Poker Hand #ring_852923769: NLH No Limit ($1/$2) - 2025/05/01 20:40:50
Table 'MR NLH 1/2' 7-max Seat #1 is the button
Seat 2: c77d9208 ($223.3 in chips)
Seat 7: f74037ef ($225.61 in chips)
Seat 3: 3c1183fa ($411.94 in chips)
Seat 1: 3a644ee8 ($319.97 in chips)
Seat 4: c3b5d9a0 ($405.15 in chips)
Seat 6: Hero ($369.13 in chips)
c77d9208: posts small blind $1
3c1183fa: posts big blind $2
*** HOLE CARDS ***
Dealt to c77d9208 
Dealt to f74037ef 
Dealt to 3c1183fa 
Dealt to 3a644ee8 
Dealt to c3b5d9a0 
Dealt to Hero [Ac 4d]
c3b5d9a0: folds
Hero: folds
f74037ef: calls $2
3a644ee8: folds
c77d9208: calls $1
3c1183fa: checks
*** FLOP *** [6h Kd 4s]
c77d9208: checks
3c1183fa: checks
f74037ef: checks
*** TURN *** [6h Kd 4s] [6s]
c77d9208: checks
3c1183fa: checks
f74037ef: bets $3
c77d9208: raises $8 to $11
3c1183fa: folds
f74037ef: folds
Uncalled bet ($8) returned to c77d9208
*** SHOWDOWN ***
c77d9208 collected $12 from pot
*** SUMMARY ***
Total pot $12
Board [6h Kd 4s 6s]
Seat 2: c77d9208(small blind)won ($12) with Three Sixes
Seat 7: f74037ef folded on the Turn
Seat 3: 3c1183fa(big blind) folded on the Turn
Seat 1: 3a644ee8 folded before Flop (didn't bet)
Seat 4: c3b5d9a0 folded before Flop (didn't bet)
Seat 6: Hero folded before Flop (didn't bet)



Poker Hand #ring_852922581: NLH No Limit ($1/$2) - 2025/05/01 20:40:03
Table 'MR NLH 1/2' 7-max Seat #7 is the button
Seat 2: c77d9208 ($225.3 in chips)
Seat 7: f74037ef ($220.06 in chips)
Seat 1: 3a644ee8 ($323.97 in chips)
Seat 4: c3b5d9a0 ($405.15 in chips)
Seat 6: Hero ($369.13 in chips)
3a644ee8: posts small blind $1
c77d9208: posts big blind $2
*** HOLE CARDS ***
Dealt to c77d9208 
Dealt to f74037ef 
Dealt to 3a644ee8 
Dealt to c3b5d9a0 
Dealt to Hero [4s 9d]
c3b5d9a0: folds
Hero: folds
f74037ef: raises $2 to $4
3a644ee8: calls $3
c77d9208: folds
*** FLOP *** [5c 5h 3s]
3a644ee8: checks
f74037ef: checks
*** TURN *** [5c 5h 3s] [6s]
3a644ee8: checks
f74037ef: checks
*** RIVER *** [5c 5h 3s 6s] [7s]
3a644ee8: checks
f74037ef: bets $5
3a644ee8: folds
Uncalled bet ($5) returned to f74037ef
*** SHOWDOWN ***
f74037ef collected $10 from pot
*** SUMMARY ***
Total pot $10
Board [5c 5h 3s 6s 7s]
Seat 2: c77d9208(big blind) folded before Flop
Seat 7: f74037efwon ($10) with Pair of Sevens and Pair of Fives
Seat 1: 3a644ee8(small blind) folded on the River
Seat 4: c3b5d9a0 folded before Flop (didn't bet)
Seat 6: Hero folded before Flop (didn't bet)



Poker Hand #ring_852920354: NLH No Limit ($1/$2) - 2025/05/01 20:38:38
Table 'MR NLH 1/2' 7-max Seat #6 is the button
Seat 2: c77d9208 ($229.3 in chips)
Seat 7: f74037ef ($267.86 in chips)
Seat 1: 3a644ee8 ($277.15 in chips)
Seat 4: c3b5d9a0 ($405.15 in chips)
Seat 6: Hero ($369.13 in chips)
f74037ef: posts small blind $1
3a644ee8: posts big blind $2
*** HOLE CARDS ***
Dealt to c77d9208 
Dealt to f74037ef 
Dealt to 3a644ee8 
Dealt to c3b5d9a0 
Dealt to Hero [Jh 4h]
c77d9208: calls $2
c3b5d9a0: folds
Hero: folds
f74037ef: raises $2 to $4
3a644ee8: calls $2
c77d9208: calls $2
*** FLOP *** [Qs 3c Ad]
f74037ef: bets $3.96
3a644ee8: calls $3.96
c77d9208: folds
*** TURN *** [Qs 3c Ad] [6h]
f74037ef: bets $9.96
3a644ee8: calls $9.96
*** RIVER *** [Qs 3c Ad 6h] [Ks]
f74037ef: bets $29.88
3a644ee8: raises $99.6 to $129.48
f74037ef: folds
Uncalled bet ($99.6) returned to 3a644ee8
*** SHOWDOWN ***
3a644ee8 collected $99.6 from pot
*** SUMMARY ***
Total pot $99.6
Board [Qs 3c Ad 6h Ks]
Seat 2: c77d9208 folded on the Flop
Seat 7: f74037ef(small blind) folded on the River
Seat 1: 3a644ee8(big blind)won ($99.6) with Aces-High Straight
Seat 4: c3b5d9a0 folded before Flop (didn't bet)
Seat 6: Hero folded before Flop (didn't bet)



Poker Hand #ring_852918864: NLH No Limit ($1/$2) - 2025/05/01 20:37:42
Table 'MR NLH 1/2' 7-max Seat #4 is the button
Seat 2: c77d9208 ($229.3 in chips)
Seat 7: f74037ef ($269.86 in chips)
Seat 1: 3a644ee8 ($290.15 in chips)
Seat 4: c3b5d9a0 ($405.15 in chips)
Seat 6: Hero ($355.89 in chips)
Hero: posts small blind $1
f74037ef: posts big blind $2
*** HOLE CARDS ***
Dealt to c77d9208 
Dealt to f74037ef 
Dealt to 3a644ee8 
Dealt to c3b5d9a0 
Dealt to Hero [Ah 9s]
3a644ee8: raises $4 to $6
c77d9208: folds
c3b5d9a0: folds
Hero: calls $5
f74037ef: folds
*** FLOP *** [Ks 3d Qc]
Hero: bets $7
3a644ee8: calls $7
*** TURN *** [Ks 3d Qc] [2c]
Hero: checks
3a644ee8: checks
*** RIVER *** [Ks 3d Qc 2c] [2s]
Hero: bets $36
3a644ee8: folds
Uncalled bet ($36) returned to Hero
*** SHOWDOWN ***
Hero collected $28 from pot
*** SUMMARY ***
Total pot $28
Board [Ks 3d Qc 2c 2s]
Seat 2: c77d9208 folded before Flop (didn't bet)
Seat 7: f74037ef(big blind) folded before Flop
Seat 1: 3a644ee8 folded on the River
Seat 4: c3b5d9a0 folded before Flop (didn't bet)
Seat 6: Hero(small blind)won ($28) with Pair of Twos



Poker Hand #ring_852917115: NLH No Limit ($1/$2) - 2025/05/01 20:36:35
Table 'MR NLH 1/2' 7-max Seat #2 is the button
Seat 2: c77d9208 ($229.3 in chips)
Seat 7: f74037ef ($258.48 in chips)
Seat 1: 3a644ee8 ($290.15 in chips)
Seat 4: c3b5d9a0 ($406.15 in chips)
Seat 6: Hero ($367.89 in chips)
c3b5d9a0: posts small blind $1
Hero: posts big blind $2
*** HOLE CARDS ***
Dealt to c77d9208 
Dealt to f74037ef 
Dealt to 3a644ee8 
Dealt to c3b5d9a0 
Dealt to Hero [4s Th]
f74037ef: calls $2
3a644ee8: folds
c77d9208: folds
c3b5d9a0: folds
Hero: checks
*** FLOP *** [Qs Ts Jh]
Hero: checks
f74037ef: bets $2.5
Hero: calls $2.5
*** TURN *** [Qs Ts Jh] [6h]
Hero: checks
f74037ef: bets $7.5
Hero: calls $7.5
*** RIVER *** [Qs Ts Jh 6h] [5d]
Hero: checks
f74037ef: bets $18.75
Hero: folds
Uncalled bet ($18.75) returned to f74037ef
*** SHOWDOWN ***
f74037ef collected $25 from pot
*** SUMMARY ***
Total pot $25
Board [Qs Ts Jh 6h 5d]
Seat 2: c77d9208 folded before Flop (didn't bet)
Seat 7: f74037efwon ($25) with Kings-High Straight
Seat 1: 3a644ee8 folded before Flop (didn't bet)
Seat 4: c3b5d9a0(small blind) folded before Flop
Seat 6: Hero(big blind) folded on the River



Poker Hand #ring_852915134: NLH No Limit ($1/$2) - 2025/05/01 20:35:17
Table 'MR NLH 1/2' 7-max Seat #1 is the button
Seat 2: c77d9208 ($227.57 in chips)
Seat 7: f74037ef ($260.48 in chips)
Seat 1: 3a644ee8 ($292.15 in chips)
Seat 4: c3b5d9a0 ($404.42 in chips)
Seat 6: Hero ($367.89 in chips)
c77d9208: posts small blind $1
c3b5d9a0: posts big blind $2
*** HOLE CARDS ***
Dealt to c77d9208 
Dealt to f74037ef 
Dealt to 3a644ee8 
Dealt to c3b5d9a0 
Dealt to Hero [2h 8d]
Hero: folds
f74037ef: calls $2
3a644ee8: calls $2
c77d9208: calls $1
c3b5d9a0: checks
*** FLOP *** [Qh 2s Kc]
c77d9208: checks
c3b5d9a0: checks
f74037ef: checks
3a644ee8: checks
*** TURN *** [Qh 2s Kc] [Ks]
c77d9208: checks
c3b5d9a0: checks
f74037ef: checks
3a644ee8: checks
*** RIVER *** [Qh 2s Kc Ks] [As]
c77d9208: checks
c3b5d9a0: bets $2
f74037ef: folds
3a644ee8: folds
c77d9208: calls $2
c77d9208: shows [Ad 9d]
c3b5d9a0: shows [Ah 3d]
*** SHOWDOWN ***
c77d9208 collected $6 from pot
c3b5d9a0 collected $6 from pot
*** SUMMARY ***
Total pot $12
Board [Qh 2s Kc Ks As]
Seat 2: c77d9208(small blind) showed [Ad 9d] and won ($6) with Pair of Aces and Pair of Kings
Seat 7: f74037ef folded on the River
Seat 1: 3a644ee8 folded on the River
Seat 4: c3b5d9a0(big blind) showed [Ah 3d] and won ($6) with Pair of Aces and Pair of Kings
Seat 6: Hero folded before Flop (didn't bet)



Poker Hand #ring_852913284: NLH No Limit ($1/$2) - 2025/05/01 20:34:08
Table 'MR NLH 1/2' 7-max Seat #7 is the button
Seat 2: c77d9208 ($229.57 in chips)
Seat 7: f74037ef ($295.48 in chips)
Seat 1: 3a644ee8 ($258.89 in chips)
Seat 4: c3b5d9a0 ($404.42 in chips)
Seat 6: Hero ($367.89 in chips)
3a644ee8: posts small blind $1
c77d9208: posts big blind $2
*** HOLE CARDS ***
Dealt to c77d9208 
Dealt to f74037ef 
Dealt to 3a644ee8 
Dealt to c3b5d9a0 
Dealt to Hero [5s Qd]
c3b5d9a0: folds
Hero: folds
f74037ef: calls $2
3a644ee8: calls $1
c77d9208: checks
*** FLOP *** [5d 7h 6d]
3a644ee8: checks
c77d9208: checks
f74037ef: bets $6
3a644ee8: raises $9 to $15
c77d9208: folds
f74037ef: calls $9
*** TURN *** [5d 7h 6d] [Ac]
3a644ee8: bets $18
f74037ef: calls $18
*** RIVER *** [5d 7h 6d Ac] [4c]
3a644ee8: bets $72
f74037ef: folds
Uncalled bet ($72) returned to 3a644ee8
*** SHOWDOWN ***
3a644ee8 collected $72 from pot
*** SUMMARY ***
Total pot $72
Board [5d 7h 6d Ac 4c]
Seat 2: c77d9208(big blind) folded on the Flop
Seat 7: f74037ef folded on the River
Seat 1: 3a644ee8(small blind)won ($72) with Nines-High Straight
Seat 4: c3b5d9a0 folded before Flop (didn't bet)
Seat 6: Hero folded before Flop (didn't bet)



Poker Hand #ring_852911941: NLH No Limit ($1/$2) - 2025/05/01 20:33:18
Table 'MR NLH 1/2' 7-max Seat #6 is the button
Seat 2: c77d9208 ($229.57 in chips)
Seat 7: f74037ef ($296.48 in chips)
Seat 3: 3c1183fa ($411.94 in chips)
Seat 1: 3a644ee8 ($260.89 in chips)
Seat 4: c3b5d9a0 ($397 in chips)
Seat 6: Hero ($372.89 in chips)
f74037ef: posts small blind $1
3a644ee8: posts big blind $2
*** HOLE CARDS ***
Dealt to c77d9208 
Dealt to f74037ef 
Dealt to 3c1183fa 
Dealt to 3a644ee8 
Dealt to c3b5d9a0 
Dealt to Hero [8d 7s]
c77d9208: folds
3c1183fa: folds
c3b5d9a0: raises $3 to $5
Hero: calls $5
f74037ef: folds
3a644ee8: folds
*** FLOP *** [Jd Qs Qd]
c3b5d9a0: bets $4.29
Hero: folds
Uncalled bet ($4.29) returned to c3b5d9a0
*** SHOWDOWN ***
c3b5d9a0 collected $13 from pot
*** SUMMARY ***
Total pot $13
Board [Jd Qs Qd]
Seat 2: c77d9208 folded before Flop (didn't bet)
Seat 7: f74037ef(small blind) folded before Flop
Seat 3: 3c1183fa folded before Flop (didn't bet)
Seat 1: 3a644ee8(big blind) folded before Flop
Seat 4: c3b5d9a0won ($13) with Three Queens
Seat 6: Hero folded on the Flop



Poker Hand #ring_852910007: NLH No Limit ($1/$2) - 2025/05/01 20:32:05
Table 'MR NLH 1/2' 7-max Seat #4 is the button
Seat 2: c77d9208 ($229.57 in chips)
Seat 7: f74037ef ($304.48 in chips)
Seat 3: 3c1183fa ($411.94 in chips)
Seat 1: 3a644ee8 ($246.47 in chips)
Seat 4: c3b5d9a0 ($397 in chips)
Seat 6: Hero ($380.89 in chips)
Hero: posts small blind $1
f74037ef: posts big blind $2
*** HOLE CARDS ***
Dealt to c77d9208 
Dealt to f74037ef 
Dealt to 3c1183fa 
Dealt to 3a644ee8 
Dealt to c3b5d9a0 
Dealt to Hero [2d 2h]
3a644ee8: calls $2
c77d9208: folds
3c1183fa: folds
c3b5d9a0: folds
Hero: raises $6 to $8
f74037ef: calls $6
3a644ee8: calls $6
*** FLOP *** [Kd 7d 9d]
Hero: checks
f74037ef: checks
3a644ee8: bets $24
Hero: folds
f74037ef: folds
Uncalled bet ($24) returned to 3a644ee8
*** SHOWDOWN ***
3a644ee8 collected $24 from pot
*** SUMMARY ***
Total pot $24
Board [Kd 7d 9d]
Seat 2: c77d9208 folded before Flop (didn't bet)
Seat 7: f74037ef(big blind) folded on the Flop
Seat 3: 3c1183fa folded before Flop (didn't bet)
Seat 1: 3a644ee8won ($24) with Pair of Kings and Pair of Sevens
Seat 4: c3b5d9a0 folded before Flop (didn't bet)
Seat 6: Hero(small blind) folded on the Flop



Poker Hand #ring_852908207: NLH No Limit ($1/$2) - 2025/05/01 20:30:57
Table 'MR NLH 1/2' 7-max Seat #3 is the button
Seat 2: c77d9208 ($229.57 in chips)
Seat 7: f74037ef ($299.79 in chips)
Seat 3: 3c1183fa ($413.94 in chips)
Seat 1: 3a644ee8 ($246.47 in chips)
Seat 4: c3b5d9a0 ($398 in chips)
Seat 6: Hero ($382.89 in chips)
c3b5d9a0: posts small blind $1
Hero: posts big blind $2
*** HOLE CARDS ***
Dealt to c77d9208 
Dealt to f74037ef 
Dealt to 3c1183fa 
Dealt to 3a644ee8 
Dealt to c3b5d9a0 
Dealt to Hero [8s 9d]
f74037ef: calls $2
3a644ee8: folds
c77d9208: folds
3c1183fa: calls $2
c3b5d9a0: folds
Hero: checks
*** FLOP *** [6d 6h 3d]
Hero: checks
f74037ef: checks
3c1183fa: checks
*** TURN *** [6d 6h 3d] [Qd]
Hero: checks
f74037ef: bets $3.5
3c1183fa: folds
Hero: folds
Uncalled bet ($3.5) returned to f74037ef
*** SHOWDOWN ***
f74037ef collected $7 from pot
*** SUMMARY ***
Total pot $7
Board [6d 6h 3d Qd]
Seat 2: c77d9208 folded before Flop (didn't bet)
Seat 7: f74037efwon ($7) with Pair of Queens and Pair of Sixes
Seat 3: 3c1183fa folded on the Turn
Seat 1: 3a644ee8 folded before Flop (didn't bet)
Seat 4: c3b5d9a0(small blind) folded before Flop
Seat 6: Hero(big blind) folded on the Turn



Poker Hand #ring_852906036: NLH No Limit ($1/$2) - 2025/05/01 20:29:34
Table 'MR NLH 1/2' 7-max Seat #2 is the button
Seat 2: c77d9208 ($229.57 in chips)
Seat 7: f74037ef ($299.79 in chips)
Seat 3: 3c1183fa ($404.75 in chips)
Seat 1: 3a644ee8 ($254.47 in chips)
Seat 4: c3b5d9a0 ($400 in chips)
Seat 6: Hero ($382.89 in chips)
3c1183fa: posts small blind $1
c3b5d9a0: posts big blind $2
*** HOLE CARDS ***
Dealt to c77d9208 
Dealt to f74037ef 
Dealt to 3c1183fa 
Dealt to 3a644ee8 
Dealt to c3b5d9a0 
Dealt to Hero [8d 6h]
Hero: folds
f74037ef: folds
3a644ee8: calls $2
c77d9208: folds
3c1183fa: raises $6 to $8
c3b5d9a0: folds
3a644ee8: calls $6
*** FLOP *** [9h 2d 2c]
3c1183fa: bets $13.5
3a644ee8: folds
Uncalled bet ($13.5) returned to 3c1183fa
*** SHOWDOWN ***
3c1183fa collected $18 from pot
*** SUMMARY ***
Total pot $18
Board [9h 2d 2c]
Seat 2: c77d9208 folded before Flop (didn't bet)
Seat 7: f74037ef folded before Flop (didn't bet)
Seat 3: 3c1183fa(small blind)won ($18) with Pair of Twos
Seat 1: 3a644ee8 folded on the Flop
Seat 4: c3b5d9a0(big blind) folded before Flop
Seat 6: Hero folded before Flop (didn't bet)



Poker Hand #ring_852904385: NLH No Limit ($1/$2) - 2025/05/01 20:28:32
Table 'MR NLH 1/2' 7-max Seat #1 is the button
Seat 2: c77d9208 ($225.93 in chips)
Seat 7: f74037ef ($299.79 in chips)
Seat 3: 3c1183fa ($408.75 in chips)
Seat 1: 3a644ee8 ($254.47 in chips)
Seat 4: c3b5d9a0 ($400 in chips)
Seat 6: Hero ($382.89 in chips)
c77d9208: posts small blind $1
3c1183fa: posts big blind $2
*** HOLE CARDS ***
Dealt to c77d9208 
Dealt to f74037ef 
Dealt to 3c1183fa 
Dealt to 3a644ee8 
Dealt to c3b5d9a0 
Dealt to Hero [Qc 3s]
c3b5d9a0: folds
Hero: folds
f74037ef: folds
3a644ee8: folds
c77d9208: calls $1
3c1183fa: checks
*** FLOP *** [Ks 3c As]
c77d9208: checks
3c1183fa: checks
*** TURN *** [Ks 3c As] [Js]
c77d9208: bets $2
3c1183fa: calls $2
*** RIVER *** [Ks 3c As Js] [4h]
c77d9208: bets $6
3c1183fa: folds
Uncalled bet ($6) returned to c77d9208
*** SHOWDOWN ***
c77d9208 collected $8 from pot
*** SUMMARY ***
Total pot $8
Board [Ks 3c As Js 4h]
Seat 2: c77d9208(small blind)won ($8) with Ace-High
Seat 7: f74037ef folded before Flop (didn't bet)
Seat 3: 3c1183fa(big blind) folded on the River
Seat 1: 3a644ee8 folded before Flop (didn't bet)
Seat 4: c3b5d9a0 folded before Flop (didn't bet)
Seat 6: Hero folded before Flop (didn't bet)



Poker Hand #ring_852903770: NLH No Limit ($1/$2) - 2025/05/01 20:28:08
Table 'MR NLH 1/2' 7-max Seat #7 is the button
Seat 2: c77d9208 ($227.93 in chips)
Seat 7: f74037ef ($299.79 in chips)
Seat 3: 3c1183fa ($408.75 in chips)
Seat 1: 3a644ee8 ($255.47 in chips)
Seat 4: c3b5d9a0 ($400 in chips)
Seat 5: 931e0c50 ($248.6 in chips)
Seat 6: Hero ($379.89 in chips)
3a644ee8: posts small blind $1
c77d9208: posts big blind $2
*** HOLE CARDS ***
Dealt to c77d9208 
Dealt to f74037ef 
Dealt to 3c1183fa 
Dealt to 3a644ee8 
Dealt to c3b5d9a0 
Dealt to 931e0c50 
Dealt to Hero [7h Jh]
3c1183fa: folds
c3b5d9a0: folds
931e0c50: folds
Hero: raises $4 to $6
f74037ef: folds
3a644ee8: folds
c77d9208: folds
Uncalled bet ($4) returned to Hero
*** SHOWDOWN ***
Hero collected $5 from pot
*** SUMMARY ***
Total pot $5
Seat 2: c77d9208(big blind) folded before Flop
Seat 7: f74037ef folded before Flop (didn't bet)
Seat 3: 3c1183fa folded before Flop (didn't bet)
Seat 1: 3a644ee8(small blind) folded before Flop
Seat 4: c3b5d9a0 folded before Flop (didn't bet)
Seat 5: 931e0c50 folded before Flop (didn't bet)
Seat 6: Herowon ($5)



Poker Hand #ring_852901763: NLH No Limit ($1/$2) - 2025/05/01 20:26:51
Table 'MR NLH 1/2' 7-max Seat #6 is the button
Seat 2: c77d9208 ($227.93 in chips)
Seat 7: f74037ef ($306.79 in chips)
Seat 3: 3c1183fa ($415.75 in chips)
Seat 1: 3a644ee8 ($262.47 in chips)
Seat 4: c3b5d9a0 ($400 in chips)
Seat 5: 931e0c50 ($206.75 in chips)
Seat 6: Hero ($404.39 in chips)
f74037ef: posts small blind $1
3a644ee8: posts big blind $2
*** HOLE CARDS ***
Dealt to c77d9208 
Dealt to f74037ef 
Dealt to 3c1183fa 
Dealt to 3a644ee8 
Dealt to c3b5d9a0 
Dealt to 931e0c50 
Dealt to Hero [Js Qh]
c77d9208: folds
3c1183fa: raises $5 to $7
c3b5d9a0: folds
931e0c50: calls $7
Hero: calls $7
f74037ef: calls $6
3a644ee8: calls $5
*** FLOP *** [9h 3d Kc]
f74037ef: checks
3a644ee8: checks
3c1183fa: checks
931e0c50: bets $17.5
Hero: calls $17.5
f74037ef: folds
3a644ee8: folds
3c1183fa: folds
*** TURN *** [9h 3d Kc] [Ks]
931e0c50: checks
Hero: checks
*** RIVER *** [9h 3d Kc Ks] [7c]
931e0c50: bets $46.2
Hero: folds
Uncalled bet ($46.2) returned to 931e0c50
*** SHOWDOWN ***
931e0c50 collected $70 from pot
*** SUMMARY ***
Total pot $70
Board [9h 3d Kc Ks 7c]
Seat 2: c77d9208 folded before Flop (didn't bet)
Seat 7: f74037ef(small blind) folded on the Flop
Seat 3: 3c1183fa folded on the Flop
Seat 1: 3a644ee8(big blind) folded on the Flop
Seat 4: c3b5d9a0 folded before Flop (didn't bet)
Seat 5: 931e0c50won ($70) with Three Kings
Seat 6: Hero folded on the River



Poker Hand #ring_852900309: NLH No Limit ($1/$2) - 2025/05/01 20:25:54
Table 'MR NLH 1/2' 7-max Seat #5 is the button
Seat 2: c77d9208 ($227.93 in chips)
Seat 7: f74037ef ($273.86 in chips)
Seat 3: 3c1183fa ($415.75 in chips)
Seat 1: 3a644ee8 ($270.47 in chips)
Seat 4: c3b5d9a0 ($399.55 in chips)
Seat 5: 931e0c50 ($214.75 in chips)
Seat 6: Hero ($405.39 in chips)
Hero: posts small blind $1
f74037ef: posts big blind $2
*** HOLE CARDS ***
Dealt to c77d9208 
Dealt to f74037ef 
Dealt to 3c1183fa 
Dealt to 3a644ee8 
Dealt to c3b5d9a0 
Dealt to 931e0c50 
Dealt to Hero [Qc 3s]
3a644ee8: calls $2
c77d9208: folds
3c1183fa: folds
c3b5d9a0: raises $6 to $8
931e0c50: calls $8
Hero: folds
f74037ef: calls $6
3a644ee8: calls $6
*** FLOP *** [Ad Qs 9d]
f74037ef: bets $10.89
3a644ee8: folds
c3b5d9a0: calls $10.89
931e0c50: folds
*** TURN *** [Ad Qs 9d] [4h]
f74037ef: bets $27.39
c3b5d9a0: folds
Uncalled bet ($27.39) returned to f74037ef
*** SHOWDOWN ***
f74037ef collected $54.78 from pot
*** SUMMARY ***
Total pot $54.78
Board [Ad Qs 9d 4h]
Seat 2: c77d9208 folded before Flop (didn't bet)
Seat 7: f74037ef(big blind)won ($54.78) with Pair of Aces
Seat 3: 3c1183fa folded before Flop (didn't bet)
Seat 1: 3a644ee8 folded on the Flop
Seat 4: c3b5d9a0 folded on the Turn
Seat 5: 931e0c50 folded on the Flop
Seat 6: Hero(small blind) folded before Flop



Poker Hand #ring_852899226: NLH No Limit ($1/$2) - 2025/05/01 20:25:12
Table 'MR NLH 1/2' 7-max Seat #4 is the button
Seat 2: c77d9208 ($203.93 in chips)
Seat 7: f74037ef ($273.86 in chips)
Seat 3: 3c1183fa ($415.75 in chips)
Seat 1: 3a644ee8 ($270.47 in chips)
Seat 4: c3b5d9a0 ($407.55 in chips)
Seat 5: 931e0c50 ($222.75 in chips)
Seat 6: Hero ($413.39 in chips)
931e0c50: posts small blind $1
Hero: posts big blind $2
*** HOLE CARDS ***
Dealt to c77d9208 
Dealt to f74037ef 
Dealt to 3c1183fa 
Dealt to 3a644ee8 
Dealt to c3b5d9a0 
Dealt to 931e0c50 
Dealt to Hero [Kd 9d]
f74037ef: folds
3a644ee8: folds
c77d9208: calls $2
3c1183fa: folds
c3b5d9a0: raises $6 to $8
931e0c50: calls $7
Hero: calls $6
c77d9208: raises $36 to $44
c3b5d9a0: folds
931e0c50: folds
Hero: folds
Uncalled bet ($36) returned to c77d9208
*** SHOWDOWN ***
c77d9208 collected $32 from pot
*** SUMMARY ***
Total pot $32
Seat 2: c77d9208won ($32)
Seat 7: f74037ef folded before Flop (didn't bet)
Seat 3: 3c1183fa folded before Flop (didn't bet)
Seat 1: 3a644ee8 folded before Flop (didn't bet)
Seat 4: c3b5d9a0 folded before Flop
Seat 5: 931e0c50(small blind) folded before Flop
Seat 6: Hero(big blind) folded before Flop



Poker Hand #ring_852896356: NLH No Limit ($1/$2) - 2025/05/01 20:23:21
Table 'MR NLH 1/2' 7-max Seat #3 is the button
Seat 2: c77d9208 ($203.93 in chips)
Seat 7: f74037ef ($273.86 in chips)
Seat 3: 3c1183fa ($329 in chips)
Seat 1: 3a644ee8 ($288.97 in chips)
Seat 4: c3b5d9a0 ($408.55 in chips)
Seat 5: 931e0c50 ($241.25 in chips)
Seat 6: Hero ($469.39 in chips)
c3b5d9a0: posts small blind $1
931e0c50: posts big blind $2
*** HOLE CARDS ***
Dealt to c77d9208 
Dealt to f74037ef 
Dealt to 3c1183fa 
Dealt to 3a644ee8 
Dealt to c3b5d9a0 
Dealt to 931e0c50 
Dealt to Hero [6s 6h]
Hero: raises $4 to $6
f74037ef: folds
3a644ee8: calls $6
c77d9208: folds
3c1183fa: calls $6
c3b5d9a0: folds
931e0c50: raises $12.5 to $18.5
Hero: calls $12.5
3a644ee8: calls $12.5
3c1183fa: calls $12.5
*** FLOP *** [Th 9h 2c]
931e0c50: checks
Hero: checks
3a644ee8: checks
3c1183fa: bets $37.5
931e0c50: folds
Hero: calls $37.5
3a644ee8: folds
*** TURN *** [Th 9h 2c] [3s]
Hero: checks
3c1183fa: bets $75
Hero: folds
Uncalled bet ($75) returned to 3c1183fa
*** SHOWDOWN ***
3c1183fa collected $150 from pot
*** SUMMARY ***
Total pot $150
Board [Th 9h 2c 3s]
Seat 2: c77d9208 folded before Flop (didn't bet)
Seat 7: f74037ef folded before Flop (didn't bet)
Seat 3: 3c1183fawon ($150) with Pair of Tens
Seat 1: 3a644ee8 folded on the Flop
Seat 4: c3b5d9a0(small blind) folded before Flop
Seat 5: 931e0c50(big blind) folded on the Flop
Seat 6: Hero folded on the Turn



Poker Hand #ring_852895778: NLH No Limit ($1/$2) - 2025/05/01 20:22:59
Table 'MR NLH 1/2' 7-max Seat #2 is the button
Seat 2: c77d9208 ($203.93 in chips)
Seat 7: f74037ef ($270.86 in chips)
Seat 3: 3c1183fa ($330 in chips)
Seat 1: 3a644ee8 ($288.97 in chips)
Seat 4: c3b5d9a0 ($410.55 in chips)
Seat 5: 931e0c50 ($241.25 in chips)
Seat 6: Hero ($469.39 in chips)
3c1183fa: posts small blind $1
c3b5d9a0: posts big blind $2
*** HOLE CARDS ***
Dealt to c77d9208 
Dealt to f74037ef 
Dealt to 3c1183fa 
Dealt to 3a644ee8 
Dealt to c3b5d9a0 
Dealt to 931e0c50 
Dealt to Hero [4h 2c]
931e0c50: folds
Hero: folds
f74037ef: raises $2 to $4
3a644ee8: folds
c77d9208: folds
3c1183fa: folds
c3b5d9a0: folds
Uncalled bet ($2) returned to f74037ef
*** SHOWDOWN ***
f74037ef collected $5 from pot
*** SUMMARY ***
Total pot $5
Seat 2: c77d9208 folded before Flop (didn't bet)
Seat 7: f74037efwon ($5)
Seat 3: 3c1183fa(small blind) folded before Flop
Seat 1: 3a644ee8 folded before Flop (didn't bet)
Seat 4: c3b5d9a0(big blind) folded before Flop
Seat 5: 931e0c50 folded before Flop (didn't bet)
Seat 6: Hero folded before Flop (didn't bet)



Poker Hand #ring_852894205: NLH No Limit ($1/$2) - 2025/05/01 20:21:57
Table 'MR NLH 1/2' 7-max Seat #1 is the button
Seat 2: c77d9208 ($204.93 in chips)
Seat 7: f74037ef ($270.86 in chips)
Seat 3: 3c1183fa ($332 in chips)
Seat 1: 3a644ee8 ($288.97 in chips)
Seat 4: c3b5d9a0 ($410.55 in chips)
Seat 5: 931e0c50 ($172 in chips)
Seat 6: Hero ($542.89 in chips)
c77d9208: posts small blind $1
3c1183fa: posts big blind $2
*** HOLE CARDS ***
Dealt to c77d9208 
Dealt to f74037ef 
Dealt to 3c1183fa 
Dealt to 3a644ee8 
Dealt to c3b5d9a0 
Dealt to 931e0c50 
Dealt to Hero [Jd Tc]
c3b5d9a0: folds
931e0c50: raises $6 to $8
Hero: calls $8
f74037ef: folds
3a644ee8: folds
c77d9208: folds
3c1183fa: folds
*** FLOP *** [Js Kc Ac]
931e0c50: bets $9.5
Hero: calls $9.5
*** TURN *** [Js Kc Ac] [8c]
931e0c50: checks
Hero: checks
*** RIVER *** [Js Kc Ac 8c] [3d]
931e0c50: bets $19
Hero: raises $37 to $56
931e0c50: calls $37
931e0c50: shows [Ks Kh]
Hero: shows [Jd Tc]
*** SHOWDOWN ***
931e0c50 collected $150 from pot
*** SUMMARY ***
Total pot $150
Board [Js Kc Ac 8c 3d]
Seat 2: c77d9208(small blind) folded before Flop
Seat 7: f74037ef folded before Flop (didn't bet)
Seat 3: 3c1183fa(big blind) folded before Flop
Seat 1: 3a644ee8 folded before Flop (didn't bet)
Seat 4: c3b5d9a0 folded before Flop (didn't bet)
Seat 5: 931e0c50 showed [Ks Kh] and won ($150) with Three Kings
Seat 6: Hero showed [Jd Tc] and lost with Pair of Jacks



Poker Hand #ring_852892840: NLH No Limit ($1/$2) - 2025/05/01 20:21:06
Table 'MR NLH 1/2' 7-max Seat #7 is the button
Seat 2: c77d9208 ($206.93 in chips)
Seat 7: f74037ef ($278.86 in chips)
Seat 3: 3c1183fa ($332 in chips)
Seat 1: 3a644ee8 ($260.81 in chips)
Seat 4: c3b5d9a0 ($410.55 in chips)
Seat 5: 931e0c50 ($193 in chips)
Seat 6: Hero ($542.89 in chips)
3a644ee8: posts small blind $1
c77d9208: posts big blind $2
*** HOLE CARDS ***
Dealt to c77d9208 
Dealt to f74037ef 
Dealt to 3c1183fa 
Dealt to 3a644ee8 
Dealt to c3b5d9a0 
Dealt to 931e0c50 
Dealt to Hero [7s 8d]
3c1183fa: folds
c3b5d9a0: folds
931e0c50: raises $6 to $8
Hero: folds
f74037ef: calls $8
3a644ee8: calls $7
c77d9208: folds
*** FLOP *** [Js 5c 3d]
3a644ee8: checks
931e0c50: bets $13
f74037ef: folds
3a644ee8: calls $13
*** TURN *** [Js 5c 3d] [Jc]
3a644ee8: checks
931e0c50: checks
*** RIVER *** [Js 5c 3d Jc] [Ts]
3a644ee8: bets $17.16
931e0c50: folds
Uncalled bet ($17.16) returned to 3a644ee8
*** SHOWDOWN ***
3a644ee8 collected $52 from pot
*** SUMMARY ***
Total pot $52
Board [Js 5c 3d Jc Ts]
Seat 2: c77d9208(big blind) folded before Flop
Seat 7: f74037ef folded on the Flop
Seat 3: 3c1183fa folded before Flop (didn't bet)
Seat 1: 3a644ee8(small blind)won ($52) with Three Jacks
Seat 4: c3b5d9a0 folded before Flop (didn't bet)
Seat 5: 931e0c50 folded on the River
Seat 6: Hero folded before Flop (didn't bet)



Poker Hand #ring_852890079: NLH No Limit ($1/$2) - 2025/05/01 20:19:17
Table 'MR NLH 1/2' 7-max Seat #6 is the button
Seat 2: c77d9208 ($214.93 in chips)
Seat 7: f74037ef ($286.86 in chips)
Seat 3: 3c1183fa ($400 in chips)
Seat 1: 3a644ee8 ($268.81 in chips)
Seat 4: c3b5d9a0 ($410.55 in chips)
Seat 5: 931e0c50 ($193 in chips)
Seat 6: Hero ($458.59 in chips)
f74037ef: posts small blind $1
3a644ee8: posts big blind $2
*** HOLE CARDS ***
Dealt to c77d9208 
Dealt to f74037ef 
Dealt to 3c1183fa 
Dealt to 3a644ee8 
Dealt to c3b5d9a0 
Dealt to 931e0c50 
Dealt to Hero [As Tc]
c77d9208: calls $2
3c1183fa: calls $2
c3b5d9a0: folds
931e0c50: folds
Hero: raises $6 to $8
f74037ef: calls $7
3a644ee8: calls $6
c77d9208: calls $6
3c1183fa: calls $6
*** FLOP *** [6s Ad 9h]
f74037ef: checks
3a644ee8: checks
c77d9208: checks
3c1183fa: checks
Hero: bets $24
f74037ef: folds
3a644ee8: folds
c77d9208: folds
3c1183fa: calls $24
*** TURN *** [6s Ad 9h] [2s]
3c1183fa: checks
Hero: bets $36
3c1183fa: calls $36
*** RIVER *** [6s Ad 9h 2s] [Jd]
3c1183fa: checks
Hero: checks
3c1183fa: shows [Kh 6h]
Hero: shows [As Tc]
*** SHOWDOWN ***
Hero collected $160 from pot
*** SUMMARY ***
Total pot $160
Board [6s Ad 9h 2s Jd]
Seat 2: c77d9208 folded on the Flop
Seat 7: f74037ef(small blind) folded on the Flop
Seat 3: 3c1183fa showed [Kh 6h] and lost with Pair of Sixes
Seat 1: 3a644ee8(big blind) folded on the Flop
Seat 4: c3b5d9a0 folded before Flop (didn't bet)
Seat 5: 931e0c50 folded before Flop (didn't bet)
Seat 6: Hero showed [As Tc] and won ($160) with Pair of Aces



Poker Hand #ring_852889529: NLH No Limit ($1/$2) - 2025/05/01 20:18:55
Table 'MR NLH 1/2' 7-max Seat #5 is the button
Seat 2: c77d9208 ($214.93 in chips)
Seat 7: f74037ef ($285.86 in chips)
Seat 3: 3c1183fa ($400 in chips)
Seat 1: 3a644ee8 ($268.81 in chips)
Seat 4: c3b5d9a0 ($410.55 in chips)
Seat 5: 931e0c50 ($193 in chips)
Seat 6: Hero ($459.59 in chips)
Hero: posts small blind $1
f74037ef: posts big blind $2
*** HOLE CARDS ***
Dealt to c77d9208 
Dealt to f74037ef 
Dealt to 3c1183fa 
Dealt to 3a644ee8 
Dealt to c3b5d9a0 
Dealt to 931e0c50 
Dealt to Hero [2d 5h]
3a644ee8: folds
c77d9208: folds
3c1183fa: folds
c3b5d9a0: folds
931e0c50: folds
Hero: folds
*** SHOWDOWN ***
f74037ef collected $3 from pot
*** SUMMARY ***
Total pot $3
Seat 2: c77d9208 folded before Flop (didn't bet)
Seat 7: f74037ef(big blind)won ($3)
Seat 3: 3c1183fa folded before Flop (didn't bet)
Seat 1: 3a644ee8 folded before Flop (didn't bet)
Seat 4: c3b5d9a0 folded before Flop (didn't bet)
Seat 5: 931e0c50 folded before Flop (didn't bet)
Seat 6: Hero(small blind) folded before Flop



Poker Hand #ring_852887277: NLH No Limit ($1/$2) - 2025/05/01 20:17:29
Table 'MR NLH 1/2' 7-max Seat #4 is the button
Seat 2: c77d9208 ($214.93 in chips)
Seat 7: f74037ef ($304.86 in chips)
Seat 3: 3c1183fa ($232.58 in chips)
Seat 1: 3a644ee8 ($130 in chips)
Seat 4: c3b5d9a0 ($410.55 in chips)
Seat 5: 931e0c50 ($194 in chips)
Seat 6: Hero ($461.59 in chips)
931e0c50: posts small blind $1
Hero: posts big blind $2
*** HOLE CARDS ***
Dealt to c77d9208 
Dealt to f74037ef 
Dealt to 3c1183fa 
Dealt to 3a644ee8 
Dealt to c3b5d9a0 
Dealt to 931e0c50 
Dealt to Hero [2s 5h]
f74037ef: raises $2 to $4
3a644ee8: calls $4
c77d9208: folds
3c1183fa: raises $15 to $19
c3b5d9a0: folds
931e0c50: folds
Hero: folds
f74037ef: calls $15
3a644ee8: calls $15
*** FLOP *** [3d 8c Js]
f74037ef: checks
3a644ee8: checks
3c1183fa: checks
*** TURN *** [3d 8c Js] [2h]
f74037ef: checks
3a644ee8: bets $30
3c1183fa: calls $30
f74037ef: folds
*** RIVER *** [3d 8c Js 2h] [3c]
3a644ee8: bets $81 and is all-in
3c1183fa: calls $81
3a644ee8: shows [3s 6s]
3c1183fa: shows [6h 8h]
*** SHOWDOWN ***
3a644ee8 collected $282 from pot
*** SUMMARY ***
Total pot $282
Board [3d 8c Js 2h 3c]
Seat 2: c77d9208 folded before Flop (didn't bet)
Seat 7: f74037ef folded on the Turn
Seat 3: 3c1183fa showed [6h 8h] and lost with Pair of Eights and Pair of Treys
Seat 1: 3a644ee8 showed [3s 6s] and won ($282) with Three Treys
Seat 4: c3b5d9a0 folded before Flop (didn't bet)
Seat 5: 931e0c50(small blind) folded before Flop
Seat 6: Hero(big blind) folded before Flop



Poker Hand #ring_852886097: NLH No Limit ($1/$2) - 2025/05/01 20:16:41
Table 'MR NLH 1/2' 7-max Seat #3 is the button
Seat 2: c77d9208 ($214.93 in chips)
Seat 7: f74037ef ($330.86 in chips)
Seat 3: 3c1183fa ($232.58 in chips)
Seat 1: 3a644ee8 ($130 in chips)
Seat 4: c3b5d9a0 ($385.48 in chips)
Seat 5: 931e0c50 ($196 in chips)
Seat 6: Hero ($461.59 in chips)
c3b5d9a0: posts small blind $1
931e0c50: posts big blind $2
*** HOLE CARDS ***
Dealt to c77d9208 
Dealt to f74037ef 
Dealt to 3c1183fa 
Dealt to 3a644ee8 
Dealt to c3b5d9a0 
Dealt to 931e0c50 
Dealt to Hero [Js 9h]
Hero: folds
f74037ef: raises $4 to $6
3a644ee8: folds
c77d9208: folds
3c1183fa: folds
c3b5d9a0: raises $20 to $26
931e0c50: folds
f74037ef: calls $20
*** FLOP *** [4c 3c 6s]
c3b5d9a0: bets $16
f74037ef: folds
Uncalled bet ($16) returned to c3b5d9a0
*** SHOWDOWN ***
c3b5d9a0 collected $54 from pot
*** SUMMARY ***
Total pot $54
Board [4c 3c 6s]
Seat 2: c77d9208 folded before Flop (didn't bet)
Seat 7: f74037ef folded on the Flop
Seat 3: 3c1183fa folded before Flop (didn't bet)
Seat 1: 3a644ee8 folded before Flop (didn't bet)
Seat 4: c3b5d9a0(small blind)won ($54) with Ace-High
Seat 5: 931e0c50(big blind) folded before Flop
Seat 6: Hero folded before Flop (didn't bet)



Poker Hand #ring_852881888: NLH No Limit ($1/$2) - 2025/05/01 20:13:53
Table 'MR NLH 1/2' 7-max Seat #2 is the button
Seat 2: c77d9208 ($214.93 in chips)
Seat 7: f74037ef ($330.86 in chips)
Seat 3: 3c1183fa ($268.93 in chips)
Seat 1: 3a644ee8 ($132 in chips)
Seat 4: c3b5d9a0 ($350.99 in chips)
Seat 6: Hero ($461.59 in chips)
3c1183fa: posts small blind $1
c3b5d9a0: posts big blind $2
3a644ee8: posts big blind $2
*** HOLE CARDS ***
Dealt to c77d9208 
Dealt to f74037ef 
Dealt to 3c1183fa 
Dealt to 3a644ee8 
Dealt to c3b5d9a0 
Dealt to Hero [As 2c]
Hero: folds
f74037ef: folds
3a644ee8: checks
c77d9208: folds
3c1183fa: raises $6 to $8
c3b5d9a0: calls $6
3a644ee8: folds
*** FLOP *** [9s 5c 5s]
3c1183fa: bets $13.5
c3b5d9a0: calls $13.5
*** TURN *** [9s 5c 5s] [3s]
3c1183fa: bets $14.85
c3b5d9a0: calls $14.85
*** RIVER *** [9s 5c 5s 3s] [Jc]
3c1183fa: checks
c3b5d9a0: bets $314.64 and is all-in
3c1183fa: folds
Uncalled bet ($314.64) returned to c3b5d9a0
*** SHOWDOWN ***
c3b5d9a0 collected $74.7 from pot
*** SUMMARY ***
Total pot $74.7
Board [9s 5c 5s 3s Jc]
Seat 2: c77d9208 folded before Flop (didn't bet)
Seat 7: f74037ef folded before Flop (didn't bet)
Seat 3: 3c1183fa(small blind) folded on the River
Seat 1: 3a644ee8 folded before Flop
Seat 4: c3b5d9a0(big blind)won ($74.7) with Four Fives
Seat 6: Hero folded before Flop (didn't bet)



Poker Hand #ring_852880331: NLH No Limit ($1/$2) - 2025/05/01 20:12:52
Table 'MR NLH 1/2' 7-max Seat #7 is the button
Seat 2: c77d9208 ($208.47 in chips)
Seat 7: f74037ef ($335.86 in chips)
Seat 3: 3c1183fa ($270.93 in chips)
Seat 4: c3b5d9a0 ($350.99 in chips)
Seat 6: Hero ($461.59 in chips)
c77d9208: posts small blind $1
3c1183fa: posts big blind $2
*** HOLE CARDS ***
Dealt to c77d9208 
Dealt to f74037ef 
Dealt to 3c1183fa 
Dealt to c3b5d9a0 
Dealt to Hero [4d Kh]
c3b5d9a0: folds
Hero: folds
f74037ef: calls $2
c77d9208: calls $1
3c1183fa: checks
*** FLOP *** [Ts 5h 6c]
c77d9208: checks
3c1183fa: checks
f74037ef: checks
*** TURN *** [Ts 5h 6c] [8s]
c77d9208: checks
3c1183fa: checks
f74037ef: checks
*** RIVER *** [Ts 5h 6c 8s] [3h]
c77d9208: bets $3
3c1183fa: folds
f74037ef: calls $3
c77d9208: shows [8h Ad]
f74037ef: shows [8d 7c]
*** SHOWDOWN ***
c77d9208 collected $12 from pot
*** SUMMARY ***
Total pot $12
Board [Ts 5h 6c 8s 3h]
Seat 2: c77d9208(small blind) showed [8h Ad] and won ($12) with Pair of Eights
Seat 7: f74037ef showed [8d 7c] and lost with Pair of Eights
Seat 3: 3c1183fa(big blind) folded on the River
Seat 4: c3b5d9a0 folded before Flop (didn't bet)
Seat 6: Hero folded before Flop (didn't bet)



Poker Hand #ring_852878485: NLH No Limit ($1/$2) - 2025/05/01 20:11:39
Table 'MR NLH 1/2' 7-max Seat #6 is the button
Seat 2: c77d9208 ($212.47 in chips)
Seat 7: f74037ef ($339.86 in chips)
Seat 3: 3c1183fa ($263.47 in chips)
Seat 4: c3b5d9a0 ($246.99 in chips)
Seat 6: Hero ($461.59 in chips)
f74037ef: posts small blind $1
c77d9208: posts big blind $2
*** HOLE CARDS ***
Dealt to c77d9208 
Dealt to f74037ef 
Dealt to 3c1183fa 
Dealt to c3b5d9a0 
Dealt to Hero [9h 4c]
3c1183fa: raises $2 to $4
c3b5d9a0: folds
Hero: folds
f74037ef: calls $3
c77d9208: calls $2
*** FLOP *** [As Js Jc]
f74037ef: checks
c77d9208: checks
3c1183fa: checks
*** TURN *** [As Js Jc] [Ah]
f74037ef: checks
c77d9208: checks
3c1183fa: checks
*** RIVER *** [As Js Jc Ah] [Th]
f74037ef: checks
c77d9208: checks
3c1183fa: bets $12
f74037ef: folds
c77d9208: folds
Uncalled bet ($12) returned to 3c1183fa
*** SHOWDOWN ***
3c1183fa collected $12 from pot
*** SUMMARY ***
Total pot $12
Board [As Js Jc Ah Th]
Seat 2: c77d9208(big blind) folded on the River
Seat 7: f74037ef(small blind) folded on the River
Seat 3: 3c1183fawon ($12) with Aces Full over Jacks
Seat 4: c3b5d9a0 folded before Flop (didn't bet)
Seat 6: Hero folded before Flop (didn't bet)



Poker Hand #ring_852877439: NLH No Limit ($1/$2) - 2025/05/01 20:10:58
Table 'MR NLH 1/2' 7-max Seat #4 is the button
Seat 2: c77d9208 ($212.47 in chips)
Seat 7: f74037ef ($336.22 in chips)
Seat 3: 3c1183fa ($263.47 in chips)
Seat 4: c3b5d9a0 ($246.99 in chips)
Seat 6: Hero ($465.59 in chips)
Hero: posts small blind $1
f74037ef: posts big blind $2
*** HOLE CARDS ***
Dealt to c77d9208 
Dealt to f74037ef 
Dealt to 3c1183fa 
Dealt to c3b5d9a0 
Dealt to Hero [Kh 2h]
c77d9208: folds
3c1183fa: folds
c3b5d9a0: folds
Hero: calls $1
f74037ef: raises $2 to $4
Hero: calls $2
*** FLOP *** [9c Qs 4d]
Hero: checks
f74037ef: bets $2.64
Hero: folds
Uncalled bet ($2.64) returned to f74037ef
*** SHOWDOWN ***
f74037ef collected $8 from pot
*** SUMMARY ***
Total pot $8
Board [9c Qs 4d]
Seat 2: c77d9208 folded before Flop (didn't bet)
Seat 7: f74037ef(big blind)won ($8) with Queen-High
Seat 3: 3c1183fa folded before Flop (didn't bet)
Seat 4: c3b5d9a0 folded before Flop (didn't bet)
Seat 6: Hero(small blind) folded on the Flop



Poker Hand #ring_852876081: NLH No Limit ($1/$2) - 2025/05/01 20:10:05
Table 'MR NLH 1/2' 7-max Seat #3 is the button
Seat 2: c77d9208 ($212.47 in chips)
Seat 7: f74037ef ($322.62 in chips)
Seat 3: 3c1183fa ($263.47 in chips)
Seat 4: c3b5d9a0 ($247.99 in chips)
Seat 6: Hero ($480.03 in chips)
c3b5d9a0: posts small blind $1
Hero: posts big blind $2
*** HOLE CARDS ***
Dealt to c77d9208 
Dealt to f74037ef 
Dealt to 3c1183fa 
Dealt to c3b5d9a0 
Dealt to Hero [Kd 7h]
f74037ef: raises $2 to $4
c77d9208: folds
3c1183fa: folds
c3b5d9a0: folds
Hero: calls $2
*** FLOP *** [4d 3d 8h]
Hero: bets $4.5
f74037ef: raises $5.94 to $10.44
Hero: calls $5.94
*** TURN *** [4d 3d 8h] [3h]
Hero: checks
f74037ef: bets $9.86
Hero: folds
Uncalled bet ($9.86) returned to f74037ef
c77d9208: shows [8s 3c]
*** SHOWDOWN ***
f74037ef collected $29.88 from pot
*** SUMMARY ***
Total pot $29.88
Board [4d 3d 8h 3h]
Seat 2: c77d9208 folded before Flop (didn't bet)
Seat 7: f74037efwon ($29.88) with Pair of Treys
Seat 3: 3c1183fa folded before Flop (didn't bet)
Seat 4: c3b5d9a0(small blind) folded before Flop
Seat 6: Hero(big blind) folded on the Turn



Poker Hand #ring_852875502: NLH No Limit ($1/$2) - 2025/05/01 20:09:43
Table 'MR NLH 1/2' 7-max Seat #2 is the button
Seat 2: c77d9208 ($212.47 in chips)
Seat 7: f74037ef ($319.62 in chips)
Seat 3: 3c1183fa ($264.47 in chips)
Seat 4: c3b5d9a0 ($249.99 in chips)
Seat 6: Hero ($480.03 in chips)
3c1183fa: posts small blind $1
c3b5d9a0: posts big blind $2
*** HOLE CARDS ***
Dealt to c77d9208 
Dealt to f74037ef 
Dealt to 3c1183fa 
Dealt to c3b5d9a0 
Dealt to Hero [Qd 4h]
Hero: folds
f74037ef: raises $4 to $6
c77d9208: folds
3c1183fa: folds
c3b5d9a0: folds
Uncalled bet ($4) returned to f74037ef
*** SHOWDOWN ***
f74037ef collected $5 from pot
*** SUMMARY ***
Total pot $5
Seat 2: c77d9208 folded before Flop (didn't bet)
Seat 7: f74037efwon ($5)
Seat 3: 3c1183fa(small blind) folded before Flop
Seat 4: c3b5d9a0(big blind) folded before Flop
Seat 6: Hero folded before Flop (didn't bet)



Poker Hand #ring_852873726: NLH No Limit ($1/$2) - 2025/05/01 20:08:32
Table 'MR NLH 1/2' 7-max Seat #7 is the button
Seat 2: c77d9208 ($213.47 in chips)
Seat 7: f74037ef ($281.61 in chips)
Seat 3: 3c1183fa ($266.47 in chips)
Seat 4: c3b5d9a0 ($289.16 in chips)
Seat 6: Hero ($480.03 in chips)
c77d9208: posts small blind $1
3c1183fa: posts big blind $2
*** HOLE CARDS ***
Dealt to c77d9208 
Dealt to f74037ef 
Dealt to 3c1183fa 
Dealt to c3b5d9a0 
Dealt to Hero [Qs Jh]
c3b5d9a0: raises $2.4 to $4.4
Hero: folds
f74037ef: calls $4.4
c77d9208: folds
3c1183fa: folds
*** FLOP *** [8h Tc 8d]
c3b5d9a0: bets $3.9
f74037ef: calls $3.9
*** TURN *** [8h Tc 8d] [9c]
c3b5d9a0: bets $14.7
f74037ef: calls $14.7
*** RIVER *** [8h Tc 8d 9c] [3c]
c3b5d9a0: checks
f74037ef: bets $16.17
c3b5d9a0: calls $16.17
c3b5d9a0: shows [Ts As]
f74037ef: shows [Kh 8s]
*** SHOWDOWN ***
f74037ef collected $81.34 from pot
*** SUMMARY ***
Total pot $81.34
Board [8h Tc 8d 9c 3c]
Seat 2: c77d9208(small blind) folded before Flop
Seat 7: f74037ef showed [Kh 8s] and won ($81.34) with Three Eights
Seat 3: 3c1183fa(big blind) folded before Flop
Seat 4: c3b5d9a0 showed [Ts As] and lost with Pair of Tens and Pair of Eights
Seat 6: Hero folded before Flop (didn't bet)



Poker Hand #ring_852872398: NLH No Limit ($1/$2) - 2025/05/01 20:07:39
Table 'MR NLH 1/2' 7-max Seat #6 is the button
Seat 2: c77d9208 ($215.47 in chips)
Seat 7: f74037ef ($271.54 in chips)
Seat 3: 3c1183fa ($266.47 in chips)
Seat 4: c3b5d9a0 ($298.12 in chips)
Seat 6: Hero ($480.03 in chips)
f74037ef: posts small blind $1
c77d9208: posts big blind $2
*** HOLE CARDS ***
Dealt to c77d9208 
Dealt to f74037ef 
Dealt to 3c1183fa 
Dealt to c3b5d9a0 
Dealt to Hero [Jd 3s]
3c1183fa: folds
c3b5d9a0: raises $3 to $5
Hero: folds
f74037ef: raises $3.96 to $8.96
c77d9208: folds
c3b5d9a0: calls $3.96
*** FLOP *** [Qh Qc Qs]
f74037ef: checks
c3b5d9a0: checks
*** TURN *** [Qh Qc Qs] [9h]
f74037ef: bets $6.57
c3b5d9a0: folds
Uncalled bet ($6.57) returned to f74037ef
*** SHOWDOWN ***
f74037ef collected $19.92 from pot
*** SUMMARY ***
Total pot $19.92
Board [Qh Qc Qs 9h]
Seat 2: c77d9208(big blind) folded before Flop
Seat 7: f74037ef(small blind)won ($19.92) with Three Queens
Seat 3: 3c1183fa folded before Flop (didn't bet)
Seat 4: c3b5d9a0 folded on the Turn
Seat 6: Hero folded before Flop (didn't bet)



Poker Hand #ring_852871563: NLH No Limit ($1/$2) - 2025/05/01 20:07:06
Table 'MR NLH 1/2' 7-max Seat #4 is the button
Seat 2: c77d9208 ($215.47 in chips)
Seat 7: f74037ef ($275.54 in chips)
Seat 3: 3c1183fa ($261.87 in chips)
Seat 4: c3b5d9a0 ($298.12 in chips)
Seat 6: Hero ($481.03 in chips)
Hero: posts small blind $1
f74037ef: posts big blind $2
*** HOLE CARDS ***
Dealt to c77d9208 
Dealt to f74037ef 
Dealt to 3c1183fa 
Dealt to c3b5d9a0 
Dealt to Hero [8d Tc]
c77d9208: folds
3c1183fa: raises $2 to $4
c3b5d9a0: folds
Hero: folds
f74037ef: calls $2
*** FLOP *** [2c 8s Kc]
f74037ef: checks
3c1183fa: bets $6.75
f74037ef: folds
Uncalled bet ($6.75) returned to 3c1183fa
*** SHOWDOWN ***
3c1183fa collected $9 from pot
*** SUMMARY ***
Total pot $9
Board [2c 8s Kc]
Seat 2: c77d9208 folded before Flop (didn't bet)
Seat 7: f74037ef(big blind) folded on the Flop
Seat 3: 3c1183fawon ($9) with Pair of Kings
Seat 4: c3b5d9a0 folded before Flop (didn't bet)
Seat 6: Hero(small blind) folded before Flop



Poker Hand #ring_852870407: NLH No Limit ($1/$2) - 2025/05/01 20:06:19
Table 'MR NLH 1/2' 7-max Seat #3 is the button
Seat 2: c77d9208 ($220.47 in chips)
Seat 7: f74037ef ($275.54 in chips)
Seat 3: 3c1183fa ($261.87 in chips)
Seat 4: c3b5d9a0 ($291.12 in chips)
Seat 6: Hero ($483.03 in chips)
c3b5d9a0: posts small blind $1
Hero: posts big blind $2
*** HOLE CARDS ***
Dealt to c77d9208 
Dealt to f74037ef 
Dealt to 3c1183fa 
Dealt to c3b5d9a0 
Dealt to Hero [6c 2s]
f74037ef: folds
c77d9208: raises $3 to $5
3c1183fa: folds
c3b5d9a0: raises $21 to $26
Hero: folds
c77d9208: folds
Uncalled bet ($21) returned to c3b5d9a0
*** SHOWDOWN ***
c3b5d9a0 collected $12 from pot
*** SUMMARY ***
Total pot $12
Seat 2: c77d9208 folded before Flop
Seat 7: f74037ef folded before Flop (didn't bet)
Seat 3: 3c1183fa folded before Flop (didn't bet)
Seat 4: c3b5d9a0(small blind)won ($12)
Seat 6: Hero(big blind) folded before Flop



Poker Hand #ring_852869704: NLH No Limit ($1/$2) - 2025/05/01 20:05:51
Table 'MR NLH 1/2' 7-max Seat #2 is the button
Seat 1: 8d362550 ($152.03 in chips)
Seat 2: c77d9208 ($220.47 in chips)
Seat 7: f74037ef ($281.54 in chips)
Seat 3: 3c1183fa ($262.87 in chips)
Seat 4: c3b5d9a0 ($293.12 in chips)
Seat 6: Hero ($489.03 in chips)
3c1183fa: posts small blind $1
c3b5d9a0: posts big blind $2
*** HOLE CARDS ***
Dealt to 8d362550 
Dealt to c77d9208 
Dealt to f74037ef 
Dealt to 3c1183fa 
Dealt to c3b5d9a0 
Dealt to Hero [7d 4d]
Hero: raises $4 to $6
f74037ef: calls $6
8d362550: raises $21 to $27
c77d9208: folds
3c1183fa: folds
c3b5d9a0: folds
Hero: folds
f74037ef: folds
Uncalled bet ($21) returned to 8d362550
*** SHOWDOWN ***
8d362550 collected $21 from pot
*** SUMMARY ***
Total pot $21
Seat 1: 8d362550won ($21)
Seat 2: c77d9208 folded before Flop (didn't bet)
Seat 7: f74037ef folded before Flop
Seat 3: 3c1183fa(small blind) folded before Flop
Seat 4: c3b5d9a0(big blind) folded before Flop
Seat 6: Hero folded before Flop



Poker Hand #ring_852868295: NLH No Limit ($1/$2) - 2025/05/01 20:04:55
Table 'MR NLH 1/2' 7-max Seat #1 is the button
Seat 1: 8d362550 ($152.03 in chips)
Seat 2: c77d9208 ($221.47 in chips)
Seat 7: f74037ef ($275.12 in chips)
Seat 3: 3c1183fa ($268.87 in chips)
Seat 4: c3b5d9a0 ($293.12 in chips)
Seat 6: Hero ($489.03 in chips)
c77d9208: posts small blind $1
3c1183fa: posts big blind $2
*** HOLE CARDS ***
Dealt to 8d362550 
Dealt to c77d9208 
Dealt to f74037ef 
Dealt to 3c1183fa 
Dealt to c3b5d9a0 
Dealt to Hero [Td 4c]
c3b5d9a0: folds
Hero: folds
f74037ef: calls $2
8d362550: folds
c77d9208: folds
3c1183fa: checks
*** FLOP *** [5d 3h 4h]
3c1183fa: checks
f74037ef: checks
*** TURN *** [5d 3h 4h] [9s]
3c1183fa: bets $2
f74037ef: calls $2
*** RIVER *** [5d 3h 4h 9s] [6d]
3c1183fa: bets $2
f74037ef: raises $4.29 to $6.29
3c1183fa: folds
Uncalled bet ($4.29) returned to f74037ef
*** SHOWDOWN ***
f74037ef collected $13 from pot
*** SUMMARY ***
Total pot $13
Board [5d 3h 4h 9s 6d]
Seat 1: 8d362550 folded before Flop (didn't bet)
Seat 2: c77d9208(small blind) folded before Flop
Seat 7: f74037efwon ($13) with Pair of Nines
Seat 3: 3c1183fa(big blind) folded on the River
Seat 4: c3b5d9a0 folded before Flop (didn't bet)
Seat 6: Hero folded before Flop (didn't bet)



Poker Hand #ring_852866475: NLH No Limit ($1/$2) - 2025/05/01 20:03:43
Table 'MR NLH 1/2' 7-max Seat #7 is the button
Seat 1: 8d362550 ($153.03 in chips)
Seat 2: c77d9208 ($225.47 in chips)
Seat 7: f74037ef ($279.12 in chips)
Seat 3: 3c1183fa ($272.87 in chips)
Seat 4: c3b5d9a0 ($257.12 in chips)
Seat 6: Hero ($476.79 in chips)
8d362550: posts small blind $1
c77d9208: posts big blind $2
*** HOLE CARDS ***
Dealt to 8d362550 
Dealt to c77d9208 
Dealt to f74037ef 
Dealt to 3c1183fa 
Dealt to c3b5d9a0 
Dealt to Hero [Th Qh]
3c1183fa: raises $2 to $4
c3b5d9a0: folds
Hero: calls $4
f74037ef: calls $4
8d362550: folds
c77d9208: calls $2
*** FLOP *** [Js 3s 2s]
c77d9208: checks
3c1183fa: checks
Hero: checks
f74037ef: checks
*** TURN *** [Js 3s 2s] [Td]
c77d9208: checks
3c1183fa: checks
Hero: checks
f74037ef: checks
*** RIVER *** [Js 3s 2s Td] [9d]
c77d9208: checks
3c1183fa: checks
Hero: checks
f74037ef: checks
c77d9208: shows [5d 4s]
3c1183fa: shows [7h Ad]
Hero: shows [Th Qh]
f74037ef: shows [8s Ac]
*** SHOWDOWN ***
Hero collected $17 from pot
*** SUMMARY ***
Total pot $17
Board [Js 3s 2s Td 9d]
Seat 1: 8d362550(small blind) folded before Flop
Seat 2: c77d9208(big blind) showed [5d 4s] and lost with Jack-High
Seat 7: f74037ef showed [8s Ac] and lost with Ace-High
Seat 3: 3c1183fa showed [7h Ad] and lost with Ace-High
Seat 4: c3b5d9a0 folded before Flop (didn't bet)
Seat 6: Hero showed [Th Qh] and won ($17) with Pair of Tens



Poker Hand #ring_852863113: NLH No Limit ($1/$2) - 2025/05/01 20:01:28
Table 'MR NLH 1/2' 7-max Seat #6 is the button
Seat 1: 8d362550 ($155.03 in chips)
Seat 2: c77d9208 ($225.47 in chips)
Seat 7: f74037ef ($285.12 in chips)
Seat 5: 278c1783 ($100 in chips)
Seat 3: 3c1183fa ($336.87 in chips)
Seat 4: c3b5d9a0 ($191.12 in chips)
Seat 6: Hero ($409.5 in chips)
f74037ef: posts small blind $1
8d362550: posts big blind $2
278c1783: posts big blind $2
*** HOLE CARDS ***
Dealt to 8d362550 
Dealt to c77d9208 
Dealt to f74037ef 
Dealt to 278c1783 
Dealt to 3c1183fa 
Dealt to c3b5d9a0 
Dealt to Hero [Jd Js]
c77d9208: folds
3c1183fa: calls $2
c3b5d9a0: folds
278c1783: checks
Hero: raises $4 to $6
f74037ef: calls $5
8d362550: folds
3c1183fa: calls $4
278c1783: folds
*** FLOP *** [5s Qs Td]
f74037ef: checks
3c1183fa: checks
Hero: bets $12
f74037ef: folds
3c1183fa: calls $12
*** TURN *** [5s Qs Td] [5c]
3c1183fa: checks
Hero: bets $46
3c1183fa: calls $46
*** RIVER *** [5s Qs Td 5c] [7d]
3c1183fa: checks
Hero: checks
3c1183fa: shows [7h Th]
Hero: shows [Jd Js]
*** SHOWDOWN ***
Hero collected $138 from pot
*** SUMMARY ***
Total pot $138
Board [5s Qs Td 5c 7d]
Seat 1: 8d362550(big blind) folded before Flop
Seat 2: c77d9208 folded before Flop (didn't bet)
Seat 7: f74037ef(small blind) folded on the Flop
Seat 5: 278c1783 folded before Flop
Seat 3: 3c1183fa showed [7h Th] and lost with Pair of Tens and Pair of Sevens
Seat 4: c3b5d9a0 folded before Flop (didn't bet)
Seat 6: Hero showed [Jd Js] and won ($138) with Pair of Jacks and Pair of Fives



Poker Hand #ring_852861237: NLH No Limit ($1/$2) - 2025/05/01 20:00:11
Table 'MR NLH 1/2' 7-max Seat #4 is the button
Seat 1: 8d362550 ($155.03 in chips)
Seat 2: c77d9208 ($225.47 in chips)
Seat 7: f74037ef ($256.8 in chips)
Seat 3: 3c1183fa ($336.87 in chips)
Seat 4: c3b5d9a0 ($221.74 in chips)
Seat 6: Hero ($410.5 in chips)
Hero: posts small blind $1
f74037ef: posts big blind $2
*** HOLE CARDS ***
Dealt to 8d362550 
Dealt to c77d9208 
Dealt to f74037ef 
Dealt to 3c1183fa 
Dealt to c3b5d9a0 
Dealt to Hero [Ad 2s]
8d362550: folds
c77d9208: folds
3c1183fa: folds
c3b5d9a0: raises $3 to $5
Hero: folds
f74037ef: calls $3
*** FLOP *** [3c Js 7s]
f74037ef: checks
c3b5d9a0: checks
*** TURN *** [3c Js 7s] [7c]
f74037ef: checks
c3b5d9a0: bets $8.25
f74037ef: calls $8.25
*** RIVER *** [3c Js 7s 7c] [Jd]
f74037ef: checks
c3b5d9a0: bets $5
f74037ef: raises $12.37 to $17.37
c3b5d9a0: calls $12.37
c3b5d9a0: shows [8c 8h]
f74037ef: shows [7h 6c]
*** SHOWDOWN ***
f74037ef collected $62.24 from pot
*** SUMMARY ***
Total pot $62.24
Board [3c Js 7s 7c Jd]
Seat 1: 8d362550 folded before Flop (didn't bet)
Seat 2: c77d9208 folded before Flop (didn't bet)
Seat 7: f74037ef(big blind) showed [7h 6c] and won ($62.24) with Sevens Full over Jacks
Seat 3: 3c1183fa folded before Flop (didn't bet)
Seat 4: c3b5d9a0 showed [8c 8h] and lost with Pair of Jacks and Pair of Eights
Seat 6: Hero(small blind) folded before Flop



Poker Hand #ring_852859453: NLH No Limit ($1/$2) - 2025/05/01 19:58:59
Table 'MR NLH 1/2' 7-max Seat #3 is the button
Seat 1: 8d362550 ($155.03 in chips)
Seat 2: c77d9208 ($225.47 in chips)
Seat 7: f74037ef ($207.89 in chips)
Seat 3: 3c1183fa ($340.87 in chips)
Seat 4: c3b5d9a0 ($207.74 in chips)
Seat 6: Hero ($412.5 in chips)
c3b5d9a0: posts small blind $1
Hero: posts big blind $2
*** HOLE CARDS ***
Dealt to 8d362550 
Dealt to c77d9208 
Dealt to f74037ef 
Dealt to 3c1183fa 
Dealt to c3b5d9a0 
Dealt to Hero [Jc 9c]
f74037ef: raises $2 to $4
8d362550: folds
c77d9208: folds
3c1183fa: calls $4
c3b5d9a0: raises $20 to $24
Hero: folds
f74037ef: calls $20
3c1183fa: folds
*** FLOP *** [5s As 6s]
c3b5d9a0: bets $18
f74037ef: calls $18
*** TURN *** [5s As 6s] [4s]
c3b5d9a0: checks
f74037ef: checks
*** RIVER *** [5s As 6s 4s] [4h]
c3b5d9a0: bets $6
f74037ef: raises $33.66 to $39.66
c3b5d9a0: folds
Uncalled bet ($33.66) returned to f74037ef
c77d9208: shows [4d]
*** SHOWDOWN ***
f74037ef collected $102 from pot
*** SUMMARY ***
Total pot $102
Board [5s As 6s 4s 4h]
Seat 1: 8d362550 folded before Flop (didn't bet)
Seat 2: c77d9208 folded before Flop (didn't bet)
Seat 7: f74037efwon ($102) with Ace High Flush
Seat 3: 3c1183fa folded before Flop
Seat 4: c3b5d9a0(small blind) folded on the River
Seat 6: Hero(big blind) folded before Flop



Poker Hand #ring_852858872: NLH No Limit ($1/$2) - 2025/05/01 19:58:36
Table 'MR NLH 1/2' 7-max Seat #2 is the button
Seat 1: 8d362550 ($155.03 in chips)
Seat 2: c77d9208 ($225.47 in chips)
Seat 7: f74037ef ($204.89 in chips)
Seat 3: 3c1183fa ($341.87 in chips)
Seat 4: c3b5d9a0 ($209.74 in chips)
Seat 6: Hero ($412.5 in chips)
3c1183fa: posts small blind $1
c3b5d9a0: posts big blind $2
*** HOLE CARDS ***
Dealt to 8d362550 
Dealt to c77d9208 
Dealt to f74037ef 
Dealt to 3c1183fa 
Dealt to c3b5d9a0 
Dealt to Hero [Qc 5h]
Hero: folds
f74037ef: raises $2 to $4
8d362550: folds
c77d9208: folds
3c1183fa: folds
c3b5d9a0: folds
Uncalled bet ($2) returned to f74037ef
*** SHOWDOWN ***
f74037ef collected $5 from pot
*** SUMMARY ***
Total pot $5
Seat 1: 8d362550 folded before Flop (didn't bet)
Seat 2: c77d9208 folded before Flop (didn't bet)
Seat 7: f74037efwon ($5)
Seat 3: 3c1183fa(small blind) folded before Flop
Seat 4: c3b5d9a0(big blind) folded before Flop
Seat 6: Hero folded before Flop (didn't bet)



Poker Hand #ring_852857256: NLH No Limit ($1/$2) - 2025/05/01 19:57:32
Table 'MR NLH 1/2' 7-max Seat #1 is the button
Seat 1: 8d362550 ($155.03 in chips)
Seat 2: c77d9208 ($186.75 in chips)
Seat 7: f74037ef ($245.89 in chips)
Seat 3: 3c1183fa ($343.87 in chips)
Seat 4: c3b5d9a0 ($209.74 in chips)
Seat 6: Hero ($412.5 in chips)
c77d9208: posts small blind $1
3c1183fa: posts big blind $2
*** HOLE CARDS ***
Dealt to 8d362550 
Dealt to c77d9208 
Dealt to f74037ef 
Dealt to 3c1183fa 
Dealt to c3b5d9a0 
Dealt to Hero [8h 4c]
c3b5d9a0: folds
Hero: folds
f74037ef: raises $4 to $6
8d362550: folds
c77d9208: raises $14 to $20
3c1183fa: folds
f74037ef: calls $14
*** FLOP *** [6h 4d 2h]
c77d9208: checks
f74037ef: bets $21
c77d9208: raises $63 to $84
f74037ef: folds
Uncalled bet ($63) returned to c77d9208
*** SHOWDOWN ***
c77d9208 collected $84 from pot
*** SUMMARY ***
Total pot $84
Board [6h 4d 2h]
Seat 1: 8d362550 folded before Flop (didn't bet)
Seat 2: c77d9208(small blind)won ($84) with Pair of Queens
Seat 7: f74037ef folded on the Flop
Seat 3: 3c1183fa(big blind) folded before Flop
Seat 4: c3b5d9a0 folded before Flop (didn't bet)
Seat 6: Hero folded before Flop (didn't bet)



Poker Hand #ring_852856217: NLH No Limit ($1/$2) - 2025/05/01 19:56:51
Table 'MR NLH 1/2' 7-max Seat #7 is the button
Seat 1: 8d362550 ($147.66 in chips)
Seat 2: c77d9208 ($188.75 in chips)
Seat 7: f74037ef ($251.89 in chips)
Seat 3: 3c1183fa ($343.87 in chips)
Seat 5: 677e9e18 ($310.98 in chips)
Seat 4: c3b5d9a0 ($209.74 in chips)
Seat 6: Hero ($412.5 in chips)
8d362550: posts small blind $1
c77d9208: posts big blind $2
*** HOLE CARDS ***
Dealt to 8d362550 
Dealt to c77d9208 
Dealt to f74037ef 
Dealt to 3c1183fa 
Dealt to 677e9e18 
Dealt to c3b5d9a0 
Dealt to Hero [Qh 9c]
3c1183fa: folds
c3b5d9a0: folds
677e9e18: folds
Hero: folds
f74037ef: calls $2
8d362550: raises $4 to $6
c77d9208: folds
f74037ef: calls $4
*** FLOP *** [2s 6d 3h]
8d362550: bets $10.5
f74037ef: folds
Uncalled bet ($10.5) returned to 8d362550
*** SHOWDOWN ***
8d362550 collected $14 from pot
*** SUMMARY ***
Total pot $14
Board [2s 6d 3h]
Seat 1: 8d362550(small blind)won ($14) with Queen-High
Seat 2: c77d9208(big blind) folded before Flop
Seat 7: f74037ef folded on the Flop
Seat 3: 3c1183fa folded before Flop (didn't bet)
Seat 5: 677e9e18 folded before Flop (didn't bet)
Seat 4: c3b5d9a0 folded before Flop (didn't bet)
Seat 6: Hero folded before Flop (didn't bet)



Poker Hand #ring_852854889: NLH No Limit ($1/$2) - 2025/05/01 19:55:58
Table 'MR NLH 1/2' 7-max Seat #6 is the button
Seat 1: 8d362550 ($149.66 in chips)
Seat 2: c77d9208 ($188.75 in chips)
Seat 7: f74037ef ($277.44 in chips)
Seat 3: 3c1183fa ($343.87 in chips)
Seat 5: 677e9e18 ($312.98 in chips)
Seat 4: c3b5d9a0 ($209.74 in chips)
Seat 6: Hero ($385.92 in chips)
f74037ef: posts small blind $1
8d362550: posts big blind $2
677e9e18: posts big blind $2
*** HOLE CARDS ***
Dealt to 8d362550 
Dealt to c77d9208 
Dealt to f74037ef 
Dealt to 3c1183fa 
Dealt to 677e9e18 
Dealt to c3b5d9a0 
Dealt to Hero [Jd Ad]
c77d9208: folds
3c1183fa: folds
c3b5d9a0: folds
677e9e18: checks
Hero: raises $6 to $8
f74037ef: calls $7
8d362550: folds
677e9e18: folds
*** FLOP *** [9s 9d 8h]
f74037ef: bets $6.6
Hero: calls $6.6
*** TURN *** [9s 9d 8h] [6s]
f74037ef: bets $10.95
Hero: raises $21.05 to $32
f74037ef: folds
Uncalled bet ($21.05) returned to Hero
*** SHOWDOWN ***
Hero collected $55.1 from pot
*** SUMMARY ***
Total pot $55.1
Board [9s 9d 8h 6s]
Seat 1: 8d362550(big blind) folded before Flop
Seat 2: c77d9208 folded before Flop (didn't bet)
Seat 7: f74037ef(small blind) folded on the Turn
Seat 3: 3c1183fa folded before Flop (didn't bet)
Seat 5: 677e9e18 folded before Flop
Seat 4: c3b5d9a0 folded before Flop (didn't bet)
Seat 6: Herowon ($55.1) with Pair of Nines



Poker Hand #ring_852852163: NLH No Limit ($1/$2) - 2025/05/01 19:54:08
Table 'MR NLH 1/2' 7-max Seat #4 is the button
Seat 1: 8d362550 ($149.66 in chips)
Seat 2: c77d9208 ($206.35 in chips)
Seat 7: f74037ef ($257.72 in chips)
Seat 3: 3c1183fa ($343.87 in chips)
Seat 4: c3b5d9a0 ($209.74 in chips)
Seat 6: Hero ($390.32 in chips)
Hero: posts small blind $1
f74037ef: posts big blind $2
*** HOLE CARDS ***
Dealt to 8d362550 
Dealt to c77d9208 
Dealt to f74037ef 
Dealt to 3c1183fa 
Dealt to c3b5d9a0 
Dealt to Hero [8s 7h]
8d362550: folds
c77d9208: raises $2.4 to $4.4
3c1183fa: folds
c3b5d9a0: folds
Hero: calls $3.4
f74037ef: calls $2.4
*** FLOP *** [5h Jh 8d]
Hero: checks
f74037ef: checks
c77d9208: checks
*** TURN *** [5h Jh 8d] [9h]
Hero: checks
f74037ef: checks
c77d9208: checks
*** RIVER *** [5h Jh 8d 9h] [7c]
Hero: checks
f74037ef: bets $13.2
c77d9208: calls $13.2
Hero: folds
c77d9208: shows [6s 6c]
f74037ef: shows [Ts 2s]
*** SHOWDOWN ***
f74037ef collected $39.6 from pot
*** SUMMARY ***
Total pot $39.6
Board [5h Jh 8d 9h 7c]
Seat 1: 8d362550 folded before Flop (didn't bet)
Seat 2: c77d9208 showed [6s 6c] and lost with Nines-High Straight
Seat 7: f74037ef(big blind) showed [Ts 2s] and won ($39.6) with Jacks-High Straight
Seat 3: 3c1183fa folded before Flop (didn't bet)
Seat 4: c3b5d9a0 folded before Flop (didn't bet)
Seat 6: Hero(small blind) folded on the River



Poker Hand #ring_852850852: NLH No Limit ($1/$2) - 2025/05/01 19:53:16
Table 'MR NLH 1/2' 7-max Seat #3 is the button
Seat 1: 8d362550 ($149.66 in chips)
Seat 2: c77d9208 ($208.35 in chips)
Seat 7: f74037ef ($259.72 in chips)
Seat 3: 3c1183fa ($336.87 in chips)
Seat 4: c3b5d9a0 ($210.74 in chips)
Seat 6: Hero ($392.32 in chips)
c3b5d9a0: posts small blind $1
Hero: posts big blind $2
*** HOLE CARDS ***
Dealt to 8d362550 
Dealt to c77d9208 
Dealt to f74037ef 
Dealt to 3c1183fa 
Dealt to c3b5d9a0 
Dealt to Hero [7h Kh]
f74037ef: calls $2
8d362550: folds
c77d9208: calls $2
3c1183fa: raises $9 to $11
c3b5d9a0: folds
Hero: folds
f74037ef: folds
c77d9208: folds
Uncalled bet ($9) returned to 3c1183fa
*** SHOWDOWN ***
3c1183fa collected $9 from pot
*** SUMMARY ***
Total pot $9
Seat 1: 8d362550 folded before Flop (didn't bet)
Seat 2: c77d9208 folded before Flop
Seat 7: f74037ef folded before Flop
Seat 3: 3c1183fawon ($9)
Seat 4: c3b5d9a0(small blind) folded before Flop
Seat 6: Hero(big blind) folded before Flop



Poker Hand #ring_852849456: NLH No Limit ($1/$2) - 2025/05/01 19:52:21
Table 'MR NLH 1/2' 7-max Seat #2 is the button
Seat 1: 8d362550 ($138.08 in chips)
Seat 2: c77d9208 ($208.35 in chips)
Seat 7: f74037ef ($269.84 in chips)
Seat 3: 3c1183fa ($337.87 in chips)
Seat 4: c3b5d9a0 ($212.74 in chips)
Seat 6: Hero ($392.32 in chips)
3c1183fa: posts small blind $1
c3b5d9a0: posts big blind $2
*** HOLE CARDS ***
Dealt to 8d362550 
Dealt to c77d9208 
Dealt to f74037ef 
Dealt to 3c1183fa 
Dealt to c3b5d9a0 
Dealt to Hero [7c 9h]
Hero: folds
f74037ef: calls $2
8d362550: calls $2
c77d9208: folds
3c1183fa: folds
c3b5d9a0: checks
*** FLOP *** [Kd Tc 9c]
c3b5d9a0: checks
f74037ef: checks
8d362550: bets $3.5
c3b5d9a0: folds
f74037ef: calls $3.5
*** TURN *** [Kd Tc 9c] [Ts]
f74037ef: checks
8d362550: checks
*** RIVER *** [Kd Tc 9c Ts] [5s]
f74037ef: bets $4.62
8d362550: calls $4.62
8d362550: shows [Ks 4s]
f74037ef: shows [9s 8c]
*** SHOWDOWN ***
8d362550 collected $23.24 from pot
*** SUMMARY ***
Total pot $23.24
Board [Kd Tc 9c Ts 5s]
Seat 1: 8d362550 showed [Ks 4s] and won ($23.24) with Pair of Kings and Pair of Tens
Seat 2: c77d9208 folded before Flop (didn't bet)
Seat 7: f74037ef showed [9s 8c] and lost with Pair of Tens and Pair of Nines
Seat 3: 3c1183fa(small blind) folded before Flop
Seat 4: c3b5d9a0(big blind) folded on the Flop
Seat 6: Hero folded before Flop (didn't bet)



Poker Hand #ring_852847759: NLH No Limit ($1/$2) - 2025/05/01 19:51:14
Table 'MR NLH 1/2' 7-max Seat #1 is the button
Seat 1: 8d362550 ($138.08 in chips)
Seat 2: c77d9208 ($209.35 in chips)
Seat 7: f74037ef ($274.84 in chips)
Seat 3: 3c1183fa ($326.87 in chips)
Seat 4: c3b5d9a0 ($212.74 in chips)
Seat 6: Hero ($397.32 in chips)
c77d9208: posts small blind $1
3c1183fa: posts big blind $2
*** HOLE CARDS ***
Dealt to 8d362550 
Dealt to c77d9208 
Dealt to f74037ef 
Dealt to 3c1183fa 
Dealt to c3b5d9a0 
Dealt to Hero [7s Ac]
c3b5d9a0: folds
Hero: raises $3 to $5
f74037ef: calls $5
8d362550: folds
c77d9208: folds
3c1183fa: raises $21 to $26
Hero: folds
f74037ef: folds
Uncalled bet ($21) returned to 3c1183fa
*** SHOWDOWN ***
3c1183fa collected $16 from pot
*** SUMMARY ***
Total pot $16
Seat 1: 8d362550 folded before Flop (didn't bet)
Seat 2: c77d9208(small blind) folded before Flop
Seat 7: f74037ef folded before Flop
Seat 3: 3c1183fa(big blind)won ($16)
Seat 4: c3b5d9a0 folded before Flop (didn't bet)
Seat 6: Hero folded before Flop



Poker Hand #ring_852846355: NLH No Limit ($1/$2) - 2025/05/01 19:50:16
Table 'MR NLH 1/2' 7-max Seat #7 is the button
Seat 1: 8d362550 ($139.08 in chips)
Seat 2: c77d9208 ($185.69 in chips)
Seat 7: f74037ef ($274.84 in chips)
Seat 3: 3c1183fa ($326.87 in chips)
Seat 4: c3b5d9a0 ($212.74 in chips)
Seat 6: Hero ($422.82 in chips)
8d362550: posts small blind $1
c77d9208: posts big blind $2
*** HOLE CARDS ***
Dealt to 8d362550 
Dealt to c77d9208 
Dealt to f74037ef 
Dealt to 3c1183fa 
Dealt to c3b5d9a0 
Dealt to Hero [Kh Kc]
3c1183fa: folds
c3b5d9a0: folds
Hero: raises $4 to $6
f74037ef: folds
8d362550: folds
c77d9208: calls $4
*** FLOP *** [4s Js 5s]
c77d9208: checks
Hero: checks
*** TURN *** [4s Js 5s] [Td]
c77d9208: bets $6.5
Hero: calls $6.5
*** RIVER *** [4s Js 5s Td] [Qc]
c77d9208: bets $13
Hero: calls $13
c77d9208: shows [4h 4d]
Hero: shows [Kh Kc]
*** SHOWDOWN ***
c77d9208 collected $52 from pot
*** SUMMARY ***
Total pot $52
Board [4s Js 5s Td Qc]
Seat 1: 8d362550(small blind) folded before Flop
Seat 2: c77d9208(big blind) showed [4h 4d] and won ($52) with Three Fours
Seat 7: f74037ef folded before Flop (didn't bet)
Seat 3: 3c1183fa folded before Flop (didn't bet)
Seat 4: c3b5d9a0 folded before Flop (didn't bet)
Seat 6: Hero showed [Kh Kc] and lost with Pair of Kings



Poker Hand #ring_852845189: NLH No Limit ($1/$2) - 2025/05/01 19:49:29
Table 'MR NLH 1/2' 7-max Seat #6 is the button
Seat 1: 8d362550 ($141.08 in chips)
Seat 2: c77d9208 ($185.69 in chips)
Seat 7: f74037ef ($273.02 in chips)
Seat 3: 3c1183fa ($326.87 in chips)
Seat 4: c3b5d9a0 ($212.74 in chips)
Seat 6: Hero ($422.82 in chips)
f74037ef: posts small blind $1
8d362550: posts big blind $2
*** HOLE CARDS ***
Dealt to 8d362550 
Dealt to c77d9208 
Dealt to f74037ef 
Dealt to 3c1183fa 
Dealt to c3b5d9a0 
Dealt to Hero [Td 3h]
c77d9208: folds
3c1183fa: folds
c3b5d9a0: folds
Hero: folds
f74037ef: calls $1
8d362550: checks
*** FLOP *** [7d 9s Qh]
f74037ef: checks
8d362550: checks
*** TURN *** [7d 9s Qh] [Ah]
f74037ef: checks
8d362550: checks
*** RIVER *** [7d 9s Qh Ah] [9h]
f74037ef: checks
8d362550: checks
8d362550: shows [6d 5s]
f74037ef: shows [8c Ts]
*** SHOWDOWN ***
f74037ef collected $4 from pot
*** SUMMARY ***
Total pot $4
Board [7d 9s Qh Ah 9h]
Seat 1: 8d362550(big blind) showed [6d 5s] and lost with Pair of Nines
Seat 2: c77d9208 folded before Flop (didn't bet)
Seat 7: f74037ef(small blind) showed [8c Ts] and won ($4) with Pair of Nines
Seat 3: 3c1183fa folded before Flop (didn't bet)
Seat 4: c3b5d9a0 folded before Flop (didn't bet)
Seat 6: Hero folded before Flop (didn't bet)



Poker Hand #ring_852843969: NLH No Limit ($1/$2) - 2025/05/01 19:48:41
Table 'MR NLH 1/2' 7-max Seat #4 is the button
Seat 1: 8d362550 ($127.48 in chips)
Seat 2: c77d9208 ($185.69 in chips)
Seat 7: f74037ef ($287.46 in chips)
Seat 3: 3c1183fa ($326.87 in chips)
Seat 4: c3b5d9a0 ($166.74 in chips)
Seat 6: Hero ($423.82 in chips)
Hero: posts small blind $1
f74037ef: posts big blind $2
*** HOLE CARDS ***
Dealt to 8d362550 
Dealt to c77d9208 
Dealt to f74037ef 
Dealt to 3c1183fa 
Dealt to c3b5d9a0 
Dealt to Hero [3h 9d]
8d362550: calls $2
c77d9208: folds
3c1183fa: folds
c3b5d9a0: folds
Hero: folds
f74037ef: raises $2 to $4
8d362550: raises $4.5 to $8.5
f74037ef: calls $4.5
*** FLOP *** [Kh Ah 6d]
f74037ef: bets $5.94
8d362550: raises $14.94 to $20.88
f74037ef: folds
Uncalled bet ($14.94) returned to 8d362550
*** SHOWDOWN ***
8d362550 collected $29.88 from pot
*** SUMMARY ***
Total pot $29.88
Board [Kh Ah 6d]
Seat 1: 8d362550won ($29.88) with Pair of Aces
Seat 2: c77d9208 folded before Flop (didn't bet)
Seat 7: f74037ef(big blind) folded on the Flop
Seat 3: 3c1183fa folded before Flop (didn't bet)
Seat 4: c3b5d9a0 folded before Flop (didn't bet)
Seat 6: Hero(small blind) folded before Flop



Poker Hand #ring_852842045: NLH No Limit ($1/$2) - 2025/05/01 19:47:24
Table 'MR NLH 1/2' 7-max Seat #3 is the button
Seat 1: 8d362550 ($127.48 in chips)
Seat 2: c77d9208 ($185.69 in chips)
Seat 7: f74037ef ($246.01 in chips)
Seat 3: 3c1183fa ($326.87 in chips)
Seat 4: c3b5d9a0 ($210.74 in chips)
Seat 6: Hero ($425.82 in chips)
c3b5d9a0: posts small blind $1
Hero: posts big blind $2
*** HOLE CARDS ***
Dealt to 8d362550 
Dealt to c77d9208 
Dealt to f74037ef 
Dealt to 3c1183fa 
Dealt to c3b5d9a0 
Dealt to Hero [5s 9d]
f74037ef: raises $4 to $6
8d362550: folds
c77d9208: folds
3c1183fa: folds
c3b5d9a0: raises $20 to $26
Hero: folds
f74037ef: calls $20
*** FLOP *** [Th 7d 3h]
c3b5d9a0: bets $18
f74037ef: calls $18
*** TURN *** [Th 7d 3h] [3s]
c3b5d9a0: checks
f74037ef: bets $29.7
c3b5d9a0: folds
Uncalled bet ($29.7) returned to f74037ef
*** SHOWDOWN ***
f74037ef collected $90 from pot
*** SUMMARY ***
Total pot $90
Board [Th 7d 3h 3s]
Seat 1: 8d362550 folded before Flop (didn't bet)
Seat 2: c77d9208 folded before Flop (didn't bet)
Seat 7: f74037efwon ($90) with Pair of Treys
Seat 3: 3c1183fa folded before Flop (didn't bet)
Seat 4: c3b5d9a0(small blind) folded on the Turn
Seat 6: Hero(big blind) folded before Flop



Poker Hand #ring_852839139: NLH No Limit ($1/$2) - 2025/05/01 19:45:29
Table 'MR NLH 1/2' 7-max Seat #2 is the button
Seat 1: 8d362550 ($127.48 in chips)
Seat 2: c77d9208 ($185.69 in chips)
Seat 7: f74037ef ($189.6 in chips)
Seat 3: 3c1183fa ($327.87 in chips)
Seat 4: c3b5d9a0 ($220.74 in chips)
Seat 6: Hero ($455.82 in chips)
3c1183fa: posts small blind $1
c3b5d9a0: posts big blind $2
*** HOLE CARDS ***
Dealt to 8d362550 
Dealt to c77d9208 
Dealt to f74037ef 
Dealt to 3c1183fa 
Dealt to c3b5d9a0 
Dealt to Hero [Qd Qs]
Hero: raises $4 to $6
f74037ef: calls $6
8d362550: folds
c77d9208: folds
3c1183fa: folds
c3b5d9a0: raises $24 to $30
Hero: calls $24
f74037ef: calls $24
*** FLOP *** [5c 9s Kd]
c3b5d9a0: checks
Hero: checks
f74037ef: bets $68.24
c3b5d9a0: folds
Hero: folds
Uncalled bet ($68.24) returned to f74037ef
*** SHOWDOWN ***
f74037ef collected $91 from pot
*** SUMMARY ***
Total pot $91
Board [5c 9s Kd]
Seat 1: 8d362550 folded before Flop (didn't bet)
Seat 2: c77d9208 folded before Flop (didn't bet)
Seat 7: f74037efwon ($91) with Pair of Kings
Seat 3: 3c1183fa(small blind) folded before Flop
Seat 4: c3b5d9a0(big blind) folded on the Flop
Seat 6: Hero folded on the Flop



Poker Hand #ring_852837865: NLH No Limit ($1/$2) - 2025/05/01 19:44:38
Table 'MR NLH 1/2' 7-max Seat #1 is the button
Seat 1: 8d362550 ($127.48 in chips)
Seat 2: c77d9208 ($167.64 in chips)
Seat 7: f74037ef ($189.6 in chips)
Seat 3: 3c1183fa ($329.87 in chips)
Seat 4: c3b5d9a0 ($220.74 in chips)
Seat 6: Hero ($474.1 in chips)
c77d9208: posts small blind $1
3c1183fa: posts big blind $2
*** HOLE CARDS ***
Dealt to 8d362550 
Dealt to c77d9208 
Dealt to f74037ef 
Dealt to 3c1183fa 
Dealt to c3b5d9a0 
Dealt to Hero [Qd Jd]
c3b5d9a0: folds
Hero: raises $4 to $6
f74037ef: folds
8d362550: folds
c77d9208: calls $5
3c1183fa: folds
*** FLOP *** [2d Ac Ah]
c77d9208: checks
Hero: checks
*** TURN *** [2d Ac Ah] [2s]
c77d9208: bets $4.62
Hero: calls $4.62
*** RIVER *** [2d Ac Ah 2s] [As]
c77d9208: bets $7.66
Hero: calls $7.66
c77d9208: shows [6c 6s]
Hero: shows [Qd Jd]
*** SHOWDOWN ***
c77d9208 collected $38.56 from pot
*** SUMMARY ***
Total pot $38.56
Board [2d Ac Ah 2s As]
Seat 1: 8d362550 folded before Flop (didn't bet)
Seat 2: c77d9208(small blind) showed [6c 6s] and won ($38.56) with Aces Full over Sixes
Seat 7: f74037ef folded before Flop (didn't bet)
Seat 3: 3c1183fa(big blind) folded before Flop
Seat 4: c3b5d9a0 folded before Flop (didn't bet)
Seat 6: Hero showed [Qd Jd] and lost with Aces Full over Twos



Poker Hand #ring_852836754: NLH No Limit ($1/$2) - 2025/05/01 19:43:54
Table 'MR NLH 1/2' 7-max Seat #7 is the button
Seat 1: 8d362550 ($131.88 in chips)
Seat 2: c77d9208 ($169.64 in chips)
Seat 7: f74037ef ($194 in chips)
Seat 3: 3c1183fa ($329.87 in chips)
Seat 4: c3b5d9a0 ($210.62 in chips)
Seat 6: Hero ($474.1 in chips)
8d362550: posts small blind $1
c77d9208: posts big blind $2
*** HOLE CARDS ***
Dealt to 8d362550 
Dealt to c77d9208 
Dealt to f74037ef 
Dealt to 3c1183fa 
Dealt to c3b5d9a0 
Dealt to Hero [3h Qc]
3c1183fa: folds
c3b5d9a0: raises $2.4 to $4.4
Hero: folds
f74037ef: calls $4.4
8d362550: calls $3.4
c77d9208: folds
*** FLOP *** [8s 8h Kc]
8d362550: checks
c3b5d9a0: bets $5.02
f74037ef: folds
8d362550: folds
Uncalled bet ($5.02) returned to c3b5d9a0
*** SHOWDOWN ***
c3b5d9a0 collected $15.2 from pot
*** SUMMARY ***
Total pot $15.2
Board [8s 8h Kc]
Seat 1: 8d362550(small blind) folded on the Flop
Seat 2: c77d9208(big blind) folded before Flop
Seat 7: f74037ef folded on the Flop
Seat 3: 3c1183fa folded before Flop (didn't bet)
Seat 4: c3b5d9a0won ($15.2) with Pair of Kings and Pair of Eights
Seat 6: Hero folded before Flop (didn't bet)



Poker Hand #ring_852835898: NLH No Limit ($1/$2) - 2025/05/01 19:43:18
Table 'MR NLH 1/2' 7-max Seat #6 is the button
Seat 1: 8d362550 ($136.28 in chips)
Seat 2: c77d9208 ($164.68 in chips)
Seat 7: f74037ef ($195 in chips)
Seat 3: 3c1183fa ($329.87 in chips)
Seat 4: c3b5d9a0 ($194.62 in chips)
Seat 6: Hero ($474.1 in chips)
f74037ef: posts small blind $1
8d362550: posts big blind $2
*** HOLE CARDS ***
Dealt to 8d362550 
Dealt to c77d9208 
Dealt to f74037ef 
Dealt to 3c1183fa 
Dealt to c3b5d9a0 
Dealt to Hero [6s 4c]
c77d9208: raises $2.4 to $4.4
3c1183fa: folds
c3b5d9a0: folds
Hero: folds
f74037ef: folds
8d362550: calls $2.4
*** FLOP *** [9c 3c 9d]
8d362550: checks
c77d9208: bets $4.9
8d362550: folds
Uncalled bet ($4.9) returned to c77d9208
*** SHOWDOWN ***
c77d9208 collected $9.8 from pot
*** SUMMARY ***
Total pot $9.8
Board [9c 3c 9d]
Seat 1: 8d362550(big blind) folded on the Flop
Seat 2: c77d9208won ($9.8) with Pair of Nines
Seat 7: f74037ef(small blind) folded before Flop
Seat 3: 3c1183fa folded before Flop (didn't bet)
Seat 4: c3b5d9a0 folded before Flop (didn't bet)
Seat 6: Hero folded before Flop (didn't bet)



Poker Hand #ring_852834851: NLH No Limit ($1/$2) - 2025/05/01 19:42:35
Table 'MR NLH 1/2' 7-max Seat #4 is the button
Seat 1: 8d362550 ($136.28 in chips)
Seat 2: c77d9208 ($164.68 in chips)
Seat 7: f74037ef ($200 in chips)
Seat 3: 3c1183fa ($329.87 in chips)
Seat 4: c3b5d9a0 ($194.62 in chips)
Seat 6: Hero ($469.55 in chips)
Hero: posts small blind $1
f74037ef: posts big blind $2
*** HOLE CARDS ***
Dealt to 8d362550 
Dealt to c77d9208 
Dealt to f74037ef 
Dealt to 3c1183fa 
Dealt to c3b5d9a0 
Dealt to Hero [7c Kh]
8d362550: folds
c77d9208: folds
3c1183fa: folds
c3b5d9a0: folds
Hero: raises $3 to $5
f74037ef: calls $3
*** FLOP *** [3s 8s 9d]
Hero: checks
f74037ef: checks
*** TURN *** [3s 8s 9d] [Ah]
Hero: bets $5
f74037ef: folds
Uncalled bet ($5) returned to Hero
*** SHOWDOWN ***
Hero collected $10 from pot
*** SUMMARY ***
Total pot $10
Board [3s 8s 9d Ah]
Seat 1: 8d362550 folded before Flop (didn't bet)
Seat 2: c77d9208 folded before Flop (didn't bet)
Seat 7: f74037ef(big blind) folded on the Turn
Seat 3: 3c1183fa folded before Flop (didn't bet)
Seat 4: c3b5d9a0 folded before Flop (didn't bet)
Seat 6: Hero(small blind)won ($10) with Ace-High



Poker Hand #ring_852833645: NLH No Limit ($1/$2) - 2025/05/01 19:41:47
Table 'MR NLH 1/2' 7-max Seat #3 is the button
Seat 1: 8d362550 ($136.28 in chips)
Seat 2: c77d9208 ($164.68 in chips)
Seat 3: 3c1183fa ($313.49 in chips)
Seat 4: c3b5d9a0 ($195.62 in chips)
Seat 6: Hero ($487.05 in chips)
c3b5d9a0: posts small blind $1
Hero: posts big blind $2
*** HOLE CARDS ***
Dealt to 8d362550 
Dealt to c77d9208 
Dealt to 3c1183fa 
Dealt to c3b5d9a0 
Dealt to Hero [7d Ts]
8d362550: folds
c77d9208: folds
3c1183fa: raises $2 to $4
c3b5d9a0: folds
Hero: calls $2
*** FLOP *** [5d 7s Kh]
Hero: checks
3c1183fa: bets $4.5
Hero: calls $4.5
*** TURN *** [5d 7s Kh] [9h]
Hero: checks
3c1183fa: checks
*** RIVER *** [5d 7s Kh 9h] [4s]
Hero: checks
3c1183fa: bets $9
Hero: calls $9
3c1183fa: shows [3c Kc]
Hero: shows [7d Ts]
*** SHOWDOWN ***
3c1183fa collected $36 from pot
*** SUMMARY ***
Total pot $36
Board [5d 7s Kh 9h 4s]
Seat 1: 8d362550 folded before Flop (didn't bet)
Seat 2: c77d9208 folded before Flop (didn't bet)
Seat 3: 3c1183fa showed [3c Kc] and won ($36) with Pair of Kings
Seat 4: c3b5d9a0(small blind) folded before Flop
Seat 6: Hero(big blind) showed [7d Ts] and lost with Pair of Sevens



Poker Hand #ring_852833307: NLH No Limit ($1/$2) - 2025/05/01 19:41:33
Table 'MR NLH 1/2' 7-max Seat #2 is the button
Seat 1: 8d362550 ($136.28 in chips)
Seat 2: c77d9208 ($164.68 in chips)
Seat 3: 3c1183fa ($314.49 in chips)
Seat 4: c3b5d9a0 ($194.62 in chips)
Seat 6: Hero ($487.05 in chips)
3c1183fa: posts small blind $1
c3b5d9a0: posts big blind $2
*** HOLE CARDS ***
Dealt to 8d362550 
Dealt to c77d9208 
Dealt to 3c1183fa 
Dealt to c3b5d9a0 
Dealt to Hero [Ad 9c]
Hero: folds
8d362550: folds
c77d9208: folds
3c1183fa: folds
*** SHOWDOWN ***
c3b5d9a0 collected $3 from pot
*** SUMMARY ***
Total pot $3
Seat 1: 8d362550 folded before Flop (didn't bet)
Seat 2: c77d9208 folded before Flop (didn't bet)
Seat 3: 3c1183fa(small blind) folded before Flop
Seat 4: c3b5d9a0(big blind)won ($3)
Seat 6: Hero folded before Flop (didn't bet)



Poker Hand #ring_852832952: NLH No Limit ($1/$2) - 2025/05/01 19:41:19
Table 'MR NLH 1/2' 7-max Seat #1 is the button
Seat 1: 8d362550 ($136.28 in chips)
Seat 2: c77d9208 ($165.68 in chips)
Seat 3: 3c1183fa ($313.49 in chips)
Seat 4: c3b5d9a0 ($194.62 in chips)
Seat 6: Hero ($487.05 in chips)
c77d9208: posts small blind $1
3c1183fa: posts big blind $2
*** HOLE CARDS ***
Dealt to 8d362550 
Dealt to c77d9208 
Dealt to 3c1183fa 
Dealt to c3b5d9a0 
Dealt to Hero [Ac 7d]
c3b5d9a0: folds
Hero: folds
8d362550: folds
c77d9208: folds
*** SHOWDOWN ***
3c1183fa collected $3 from pot
*** SUMMARY ***
Total pot $3
Seat 1: 8d362550 folded before Flop (didn't bet)
Seat 2: c77d9208(small blind) folded before Flop
Seat 3: 3c1183fa(big blind)won ($3)
Seat 4: c3b5d9a0 folded before Flop (didn't bet)
Seat 6: Hero folded before Flop (didn't bet)



Poker Hand #ring_852832383: NLH No Limit ($1/$2) - 2025/05/01 19:40:56
Table 'MR NLH 1/2' 7-max Seat #6 is the button
Seat 1: 8d362550 ($137.28 in chips)
Seat 2: c77d9208 ($167.68 in chips)
Seat 3: 3c1183fa ($310.49 in chips)
Seat 4: c3b5d9a0 ($194.62 in chips)
Seat 6: Hero ($487.05 in chips)
8d362550: posts small blind $1
c77d9208: posts big blind $2
*** HOLE CARDS ***
Dealt to 8d362550 
Dealt to c77d9208 
Dealt to 3c1183fa 
Dealt to c3b5d9a0 
Dealt to Hero [9s 2s]
3c1183fa: raises $2 to $4
c3b5d9a0: folds
Hero: folds
8d362550: folds
c77d9208: folds
Uncalled bet ($2) returned to 3c1183fa
*** SHOWDOWN ***
3c1183fa collected $5 from pot
*** SUMMARY ***
Total pot $5
Seat 1: 8d362550(small blind) folded before Flop
Seat 2: c77d9208(big blind) folded before Flop
Seat 3: 3c1183fawon ($5)
Seat 4: c3b5d9a0 folded before Flop (didn't bet)
Seat 6: Hero folded before Flop (didn't bet)



Poker Hand #ring_852830817: NLH No Limit ($1/$2) - 2025/05/01 19:39:53
Table 'MR NLH 1/2' 7-max Seat #4 is the button
Seat 1: 8d362550 ($139.28 in chips)
Seat 2: c77d9208 ($169.68 in chips)
Seat 3: 3c1183fa ($288.52 in chips)
Seat 4: c3b5d9a0 ($204.62 in chips)
Seat 6: Hero ($497.05 in chips)
Hero: posts small blind $1
8d362550: posts big blind $2
*** HOLE CARDS ***
Dealt to 8d362550 
Dealt to c77d9208 
Dealt to 3c1183fa 
Dealt to c3b5d9a0 
Dealt to Hero [Ad Jh]
c77d9208: calls $2
3c1183fa: calls $2
c3b5d9a0: raises $8 to $10
Hero: calls $9
8d362550: folds
c77d9208: folds
3c1183fa: calls $8
*** FLOP *** [6d 4h 7s]
Hero: checks
3c1183fa: bets $25.5
c3b5d9a0: folds
Hero: folds
Uncalled bet ($25.5) returned to 3c1183fa
*** SHOWDOWN ***
3c1183fa collected $34 from pot
*** SUMMARY ***
Total pot $34
Board [6d 4h 7s]
Seat 1: 8d362550(big blind) folded before Flop
Seat 2: c77d9208 folded before Flop
Seat 3: 3c1183fawon ($34) with Ten-High
Seat 4: c3b5d9a0 folded on the Flop
Seat 6: Hero(small blind) folded on the Flop



Poker Hand #ring_852830174: NLH No Limit ($1/$2) - 2025/05/01 19:39:27
Table 'MR NLH 1/2' 7-max Seat #3 is the button
Seat 1: 8d362550 ($139.28 in chips)
Seat 2: c77d9208 ($169.68 in chips)
Seat 3: 3c1183fa ($288.52 in chips)
Seat 4: c3b5d9a0 ($202.62 in chips)
Seat 6: Hero ($499.05 in chips)
c3b5d9a0: posts small blind $1
Hero: posts big blind $2
*** HOLE CARDS ***
Dealt to 8d362550 
Dealt to c77d9208 
Dealt to 3c1183fa 
Dealt to c3b5d9a0 
Dealt to Hero [2d 9s]
8d362550: folds
c77d9208: folds
3c1183fa: folds
c3b5d9a0: raises $4 to $6
Hero: folds
Uncalled bet ($4) returned to c3b5d9a0
*** SHOWDOWN ***
c3b5d9a0 collected $4 from pot
*** SUMMARY ***
Total pot $4
Seat 1: 8d362550 folded before Flop (didn't bet)
Seat 2: c77d9208 folded before Flop (didn't bet)
Seat 3: 3c1183fa folded before Flop (didn't bet)
Seat 4: c3b5d9a0(small blind)won ($4)
Seat 6: Hero(big blind) folded before Flop



Poker Hand #ring_852829666: NLH No Limit ($1/$2) - 2025/05/01 19:39:06
Table 'MR NLH 1/2' 7-max Seat #2 is the button
Seat 1: 8d362550 ($139.28 in chips)
Seat 2: c77d9208 ($169.68 in chips)
Seat 3: 3c1183fa ($289.52 in chips)
Seat 4: c3b5d9a0 ($204.62 in chips)
Seat 6: Hero ($496.05 in chips)
3c1183fa: posts small blind $1
c3b5d9a0: posts big blind $2
*** HOLE CARDS ***
Dealt to 8d362550 
Dealt to c77d9208 
Dealt to 3c1183fa 
Dealt to c3b5d9a0 
Dealt to Hero [Ac As]
Hero: raises $4 to $6
8d362550: folds
c77d9208: folds
3c1183fa: folds
c3b5d9a0: folds
Uncalled bet ($4) returned to Hero
Hero: shows [Ac As]
*** SHOWDOWN ***
Hero collected $5 from pot
*** SUMMARY ***
Total pot $5
Seat 1: 8d362550 folded before Flop (didn't bet)
Seat 2: c77d9208 folded before Flop (didn't bet)
Seat 3: 3c1183fa(small blind) folded before Flop
Seat 4: c3b5d9a0(big blind) folded before Flop
Seat 6: Hero showed [Ac As] and won ($5)



Poker Hand #ring_852828196: NLH No Limit ($1/$2) - 2025/05/01 19:38:07
Table 'MR NLH 1/2' 7-max Seat #1 is the button
Seat 1: 8d362550 ($133.73 in chips)
Seat 2: c77d9208 ($171.68 in chips)
Seat 3: 3c1183fa ($293.52 in chips)
Seat 4: c3b5d9a0 ($204.62 in chips)
Seat 6: Hero ($496.05 in chips)
c77d9208: posts small blind $1
3c1183fa: posts big blind $2
*** HOLE CARDS ***
Dealt to 8d362550 
Dealt to c77d9208 
Dealt to 3c1183fa 
Dealt to c3b5d9a0 
Dealt to Hero [Jc 3d]
c3b5d9a0: folds
Hero: folds
8d362550: calls $2
c77d9208: calls $1
3c1183fa: checks
*** FLOP *** [2d 5d 7s]
c77d9208: checks
3c1183fa: bets $2
8d362550: calls $2
c77d9208: folds
*** TURN *** [2d 5d 7s] [9c]
3c1183fa: checks
8d362550: bets $7.5
3c1183fa: folds
Uncalled bet ($7.5) returned to 8d362550
*** SHOWDOWN ***
8d362550 collected $10 from pot
*** SUMMARY ***
Total pot $10
Board [2d 5d 7s 9c]
Seat 1: 8d362550won ($10) with King-High
Seat 2: c77d9208(small blind) folded on the Flop
Seat 3: 3c1183fa(big blind) folded on the Turn
Seat 4: c3b5d9a0 folded before Flop (didn't bet)
Seat 6: Hero folded before Flop (didn't bet)



Poker Hand #ring_852826988: NLH No Limit ($1/$2) - 2025/05/01 19:37:18
Table 'MR NLH 1/2' 7-max Seat #6 is the button
Seat 1: 8d362550 ($134.73 in chips)
Seat 2: c77d9208 ($176.68 in chips)
Seat 3: 3c1183fa ($293.52 in chips)
Seat 4: c3b5d9a0 ($199.11 in chips)
Seat 6: Hero ($496.05 in chips)
8d362550: posts small blind $1
c77d9208: posts big blind $2
*** HOLE CARDS ***
Dealt to 8d362550 
Dealt to c77d9208 
Dealt to 3c1183fa 
Dealt to c3b5d9a0 
Dealt to Hero [9h 3s]
3c1183fa: folds
c3b5d9a0: raises $3 to $5
Hero: folds
8d362550: folds
c77d9208: calls $3
*** FLOP *** [6s 4s 5s]
c77d9208: checks
c3b5d9a0: checks
*** TURN *** [6s 4s 5s] [Ah]
c77d9208: checks
c3b5d9a0: bets $8.25
c77d9208: folds
Uncalled bet ($8.25) returned to c3b5d9a0
Hero: shows [3s]
*** SHOWDOWN ***
c3b5d9a0 collected $11 from pot
*** SUMMARY ***
Total pot $11
Board [6s 4s 5s Ah]
Seat 1: 8d362550(small blind) folded before Flop
Seat 2: c77d9208(big blind) folded on the Turn
Seat 3: 3c1183fa folded before Flop (didn't bet)
Seat 4: c3b5d9a0won ($11) with Pair of Aces and Pair of Fives
Seat 6: Hero folded before Flop (didn't bet)



Poker Hand #ring_852826386: NLH No Limit ($1/$2) - 2025/05/01 19:36:53
Table 'MR NLH 1/2' 7-max Seat #4 is the button
Seat 1: 8d362550 ($136.73 in chips)
Seat 2: c77d9208 ($176.68 in chips)
Seat 3: 3c1183fa ($290.52 in chips)
Seat 4: c3b5d9a0 ($199.11 in chips)
Seat 6: Hero ($497.05 in chips)
Hero: posts small blind $1
8d362550: posts big blind $2
*** HOLE CARDS ***
Dealt to 8d362550 
Dealt to c77d9208 
Dealt to 3c1183fa 
Dealt to c3b5d9a0 
Dealt to Hero [4d 7s]
c77d9208: folds
3c1183fa: raises $2 to $4
c3b5d9a0: folds
Hero: folds
8d362550: folds
Uncalled bet ($2) returned to 3c1183fa
*** SHOWDOWN ***
3c1183fa collected $5 from pot
*** SUMMARY ***
Total pot $5
Seat 1: 8d362550(big blind) folded before Flop
Seat 2: c77d9208 folded before Flop (didn't bet)
Seat 3: 3c1183fawon ($5)
Seat 4: c3b5d9a0 folded before Flop (didn't bet)
Seat 6: Hero(small blind) folded before Flop



Poker Hand #ring_852825583: NLH No Limit ($1/$2) - 2025/05/01 19:36:19
Table 'MR NLH 1/2' 7-max Seat #3 is the button
Seat 1: 8d362550 ($136.73 in chips)
Seat 2: c77d9208 ($176.68 in chips)
Seat 3: 3c1183fa ($281.83 in chips)
Seat 4: c3b5d9a0 ($200.11 in chips)
Seat 6: Hero ($505.55 in chips)
c3b5d9a0: posts small blind $1
Hero: posts big blind $2
*** HOLE CARDS ***
Dealt to 8d362550 
Dealt to c77d9208 
Dealt to 3c1183fa 
Dealt to c3b5d9a0 
Dealt to Hero [5h Qd]
8d362550: folds
c77d9208: folds
3c1183fa: raises $2 to $4
c3b5d9a0: folds
Hero: calls $2
*** FLOP *** [6d 9s Kc]
Hero: bets $4.5
3c1183fa: raises $4.5 to $9
Hero: folds
Uncalled bet ($4.5) returned to 3c1183fa
*** SHOWDOWN ***
3c1183fa collected $18 from pot
*** SUMMARY ***
Total pot $18
Board [6d 9s Kc]
Seat 1: 8d362550 folded before Flop (didn't bet)
Seat 2: c77d9208 folded before Flop (didn't bet)
Seat 3: 3c1183fawon ($18) with King-High
Seat 4: c3b5d9a0(small blind) folded before Flop
Seat 6: Hero(big blind) folded on the Flop



Poker Hand #ring_852825174: NLH No Limit ($1/$2) - 2025/05/01 19:36:02
Table 'MR NLH 1/2' 7-max Seat #2 is the button
Seat 1: 8d362550 ($136.73 in chips)
Seat 2: c77d9208 ($176.68 in chips)
Seat 3: 3c1183fa ($279.83 in chips)
Seat 4: c3b5d9a0 ($202.11 in chips)
Seat 6: Hero ($505.55 in chips)
3c1183fa: posts small blind $1
c3b5d9a0: posts big blind $2
*** HOLE CARDS ***
Dealt to 8d362550 
Dealt to c77d9208 
Dealt to 3c1183fa 
Dealt to c3b5d9a0 
Dealt to Hero [Th Qd]
Hero: folds
8d362550: folds
c77d9208: folds
3c1183fa: raises $4 to $6
c3b5d9a0: folds
Uncalled bet ($4) returned to 3c1183fa
*** SHOWDOWN ***
3c1183fa collected $4 from pot
*** SUMMARY ***
Total pot $4
Seat 1: 8d362550 folded before Flop (didn't bet)
Seat 2: c77d9208 folded before Flop (didn't bet)
Seat 3: 3c1183fa(small blind)won ($4)
Seat 4: c3b5d9a0(big blind) folded before Flop
Seat 6: Hero folded before Flop (didn't bet)



Poker Hand #ring_852824342: NLH No Limit ($1/$2) - 2025/05/01 19:35:26
Table 'MR NLH 1/2' 7-max Seat #1 is the button
Seat 1: 8d362550 ($138.73 in chips)
Seat 2: c77d9208 ($177.68 in chips)
Seat 3: 3c1183fa ($276.83 in chips)
Seat 4: c3b5d9a0 ($202.11 in chips)
Seat 6: Hero ($505.55 in chips)
c77d9208: posts small blind $1
3c1183fa: posts big blind $2
*** HOLE CARDS ***
Dealt to 8d362550 
Dealt to c77d9208 
Dealt to 3c1183fa 
Dealt to c3b5d9a0 
Dealt to Hero [2d 3h]
c3b5d9a0: folds
Hero: folds
8d362550: calls $2
c77d9208: folds
3c1183fa: raises $5 to $7
8d362550: folds
Uncalled bet ($5) returned to 3c1183fa
*** SHOWDOWN ***
3c1183fa collected $5 from pot
*** SUMMARY ***
Total pot $5
Seat 1: 8d362550 folded before Flop
Seat 2: c77d9208(small blind) folded before Flop
Seat 3: 3c1183fa(big blind)won ($5)
Seat 4: c3b5d9a0 folded before Flop (didn't bet)
Seat 6: Hero folded before Flop (didn't bet)



Poker Hand #ring_852823440: NLH No Limit ($1/$2) - 2025/05/01 19:34:49
Table 'MR NLH 1/2' 7-max Seat #6 is the button
Seat 1: 8d362550 ($142.73 in chips)
Seat 2: c77d9208 ($179.68 in chips)
Seat 3: 3c1183fa ($271.28 in chips)
Seat 4: c3b5d9a0 ($202.11 in chips)
Seat 6: Hero ($505.55 in chips)
8d362550: posts small blind $1
c77d9208: posts big blind $2
*** HOLE CARDS ***
Dealt to 8d362550 
Dealt to c77d9208 
Dealt to 3c1183fa 
Dealt to c3b5d9a0 
Dealt to Hero [8d 3s]
3c1183fa: raises $2 to $4
c3b5d9a0: folds
Hero: folds
8d362550: calls $3
c77d9208: folds
*** FLOP *** [Qs 6s Jd]
8d362550: checks
3c1183fa: bets $5
8d362550: folds
Uncalled bet ($5) returned to 3c1183fa
*** SHOWDOWN ***
3c1183fa collected $10 from pot
*** SUMMARY ***
Total pot $10
Board [Qs 6s Jd]
Seat 1: 8d362550(small blind) folded on the Flop
Seat 2: c77d9208(big blind) folded before Flop
Seat 3: 3c1183fawon ($10) with Pair of Queens
Seat 4: c3b5d9a0 folded before Flop (didn't bet)
Seat 6: Hero folded before Flop (didn't bet)



Poker Hand #ring_852822409: NLH No Limit ($1/$2) - 2025/05/01 19:34:06
Table 'MR NLH 1/2' 7-max Seat #0 is the button
Seat 1: 8d362550 ($144.73 in chips)
Seat 2: c77d9208 ($184.08 in chips)
Seat 3: 3c1183fa ($263.88 in chips)
Seat 4: c3b5d9a0 ($202.11 in chips)
Seat 6: Hero ($506.55 in chips)
Hero: posts small blind $1
8d362550: posts big blind $2
*** HOLE CARDS ***
Dealt to 8d362550 
Dealt to c77d9208 
Dealt to 3c1183fa 
Dealt to c3b5d9a0 
Dealt to Hero [4h 8c]
c77d9208: raises $2.4 to $4.4
3c1183fa: raises $8.85 to $13.25
c3b5d9a0: folds
Hero: folds
8d362550: folds
c77d9208: folds
Uncalled bet ($8.85) returned to 3c1183fa
*** SHOWDOWN ***
3c1183fa collected $11.8 from pot
*** SUMMARY ***
Total pot $11.8
Seat 1: 8d362550(big blind) folded before Flop
Seat 2: c77d9208 folded before Flop
Seat 3: 3c1183fawon ($11.8)
Seat 4: c3b5d9a0 folded before Flop (didn't bet)
Seat 6: Hero(small blind) folded before Flop



Poker Hand #ring_852821383: NLH No Limit ($1/$2) - 2025/05/01 19:33:23
Table 'MR NLH 1/2' 7-max Seat #4 is the button
Seat 1: 8d362550 ($144.73 in chips)
Seat 2: c77d9208 ($181.08 in chips)
Seat 3: 3c1183fa ($263.88 in chips)
Seat 4: c3b5d9a0 ($202.11 in chips)
Seat 5: 83979162 ($264.89 in chips)
Seat 6: Hero ($508.55 in chips)
83979162: posts small blind $1
Hero: posts big blind $2
*** HOLE CARDS ***
Dealt to 8d362550 
Dealt to c77d9208 
Dealt to 3c1183fa 
Dealt to c3b5d9a0 
Dealt to 83979162 
Dealt to Hero [4h Td]
8d362550: folds
c77d9208: raises $4 to $6
3c1183fa: folds
c3b5d9a0: folds
83979162: folds
Hero: folds
Uncalled bet ($4) returned to c77d9208
*** SHOWDOWN ***
c77d9208 collected $5 from pot
*** SUMMARY ***
Total pot $5
Seat 1: 8d362550 folded before Flop (didn't bet)
Seat 2: c77d9208won ($5)
Seat 3: 3c1183fa folded before Flop (didn't bet)
Seat 4: c3b5d9a0 folded before Flop (didn't bet)
Seat 5: 83979162(small blind) folded before Flop
Seat 6: Hero(big blind) folded before Flop



Poker Hand #ring_852820245: NLH No Limit ($1/$2) - 2025/05/01 19:32:35
Table 'MR NLH 1/2' 7-max Seat #3 is the button
Seat 1: 8d362550 ($144.73 in chips)
Seat 2: c77d9208 ($181.08 in chips)
Seat 3: 3c1183fa ($260.88 in chips)
Seat 4: c3b5d9a0 ($203.11 in chips)
Seat 5: 83979162 ($266.89 in chips)
Seat 6: Hero ($508.55 in chips)
c3b5d9a0: posts small blind $1
83979162: posts big blind $2
*** HOLE CARDS ***
Dealt to 8d362550 
Dealt to c77d9208 
Dealt to 3c1183fa 
Dealt to c3b5d9a0 
Dealt to 83979162 
Dealt to Hero [Td 4s]
Hero: folds
8d362550: folds
c77d9208: folds
3c1183fa: raises $2 to $4
c3b5d9a0: folds
83979162: folds
Uncalled bet ($2) returned to 3c1183fa
*** SHOWDOWN ***
3c1183fa collected $5 from pot
*** SUMMARY ***
Total pot $5
Seat 1: 8d362550 folded before Flop (didn't bet)
Seat 2: c77d9208 folded before Flop (didn't bet)
Seat 3: 3c1183fawon ($5)
Seat 4: c3b5d9a0(small blind) folded before Flop
Seat 5: 83979162(big blind) folded before Flop
Seat 6: Hero folded before Flop (didn't bet)



Poker Hand #ring_852819752: NLH No Limit ($1/$2) - 2025/05/01 19:32:14
Table 'MR NLH 1/2' 7-max Seat #2 is the button
Seat 1: 8d362550 ($141.73 in chips)
Seat 2: c77d9208 ($181.08 in chips)
Seat 3: 3c1183fa ($261.88 in chips)
Seat 4: c3b5d9a0 ($205.11 in chips)
Seat 5: 83979162 ($266.89 in chips)
Seat 6: Hero ($508.55 in chips)
3c1183fa: posts small blind $1
c3b5d9a0: posts big blind $2
*** HOLE CARDS ***
Dealt to 8d362550 
Dealt to c77d9208 
Dealt to 3c1183fa 
Dealt to c3b5d9a0 
Dealt to 83979162 
Dealt to Hero [Jh 3d]
83979162: folds
Hero: folds
8d362550: raises $4 to $6
c77d9208: folds
3c1183fa: folds
c3b5d9a0: folds
Uncalled bet ($4) returned to 8d362550
*** SHOWDOWN ***
8d362550 collected $5 from pot
*** SUMMARY ***
Total pot $5
Seat 1: 8d362550won ($5)
Seat 2: c77d9208 folded before Flop (didn't bet)
Seat 3: 3c1183fa(small blind) folded before Flop
Seat 4: c3b5d9a0(big blind) folded before Flop
Seat 5: 83979162 folded before Flop (didn't bet)
Seat 6: Hero folded before Flop (didn't bet)



Poker Hand #ring_852817540: NLH No Limit ($1/$2) - 2025/05/01 19:30:41
Table 'MR NLH 1/2' 7-max Seat #1 is the button
Seat 1: 8d362550 ($132.45 in chips)
Seat 2: c77d9208 ($183.08 in chips)
Seat 3: 3c1183fa ($263.88 in chips)
Seat 4: c3b5d9a0 ($205.11 in chips)
Seat 5: 83979162 ($272.89 in chips)
Seat 6: Hero ($508.55 in chips)
c77d9208: posts small blind $1
3c1183fa: posts big blind $2
*** HOLE CARDS ***
Dealt to 8d362550 
Dealt to c77d9208 
Dealt to 3c1183fa 
Dealt to c3b5d9a0 
Dealt to 83979162 
Dealt to Hero [3h Td]
c3b5d9a0: folds
83979162: calls $2
Hero: folds
8d362550: calls $2
c77d9208: calls $1
3c1183fa: checks
*** FLOP *** [9s As Qh]
c77d9208: checks
3c1183fa: checks
83979162: checks
8d362550: checks
*** TURN *** [9s As Qh] [Qc]
c77d9208: checks
3c1183fa: checks
83979162: bets $4
8d362550: calls $4
c77d9208: folds
3c1183fa: folds
*** RIVER *** [9s As Qh Qc] [7s]
83979162: checks
8d362550: bets $16
83979162: folds
Uncalled bet ($16) returned to 8d362550
*** SHOWDOWN ***
8d362550 collected $16 from pot
*** SUMMARY ***
Total pot $16
Board [9s As Qh Qc 7s]
Seat 1: 8d362550won ($16) with Queens Full over Sevens
Seat 2: c77d9208(small blind) folded on the Turn
Seat 3: 3c1183fa(big blind) folded on the Turn
Seat 4: c3b5d9a0 folded before Flop (didn't bet)
Seat 5: 83979162 folded on the River
Seat 6: Hero folded before Flop (didn't bet)



Poker Hand #ring_852816469: NLH No Limit ($1/$2) - 2025/05/01 19:29:56
Table 'MR NLH 1/2' 7-max Seat #6 is the button
Seat 1: 8d362550 ($92 in chips)
Seat 2: c77d9208 ($228.08 in chips)
Seat 3: 3c1183fa ($263.88 in chips)
Seat 4: c3b5d9a0 ($205.11 in chips)
Seat 5: 83979162 ($272.89 in chips)
Seat 6: Hero ($508.55 in chips)
8d362550: posts small blind $1
c77d9208: posts big blind $2
*** HOLE CARDS ***
Dealt to 8d362550 
Dealt to c77d9208 
Dealt to 3c1183fa 
Dealt to c3b5d9a0 
Dealt to 83979162 
Dealt to Hero [3h 4d]
3c1183fa: folds
c3b5d9a0: folds
83979162: folds
Hero: folds
8d362550: calls $1
c77d9208: raises $4 to $6
8d362550: calls $4
*** FLOP *** [2h 3c 7d]
8d362550: checks
c77d9208: bets $9
8d362550: calls $9
*** TURN *** [2h 3c 7d] [6s]
8d362550: checks
c77d9208: checks
*** RIVER *** [2h 3c 7d 6s] [Qc]
8d362550: bets $30
c77d9208: calls $30
8d362550: shows [2d 2s]
c77d9208: shows [9d 9h]
*** SHOWDOWN ***
8d362550 collected $90 from pot
*** SUMMARY ***
Total pot $90
Board [2h 3c 7d 6s Qc]
Seat 1: 8d362550(small blind) showed [2d 2s] and won ($90) with Three Twos
Seat 2: c77d9208(big blind) showed [9d 9h] and lost with Pair of Nines
Seat 3: 3c1183fa folded before Flop (didn't bet)
Seat 4: c3b5d9a0 folded before Flop (didn't bet)
Seat 5: 83979162 folded before Flop (didn't bet)
Seat 6: Hero folded before Flop (didn't bet)



Poker Hand #ring_852815737: NLH No Limit ($1/$2) - 2025/05/01 19:29:24
Table 'MR NLH 1/2' 7-max Seat #5 is the button
Seat 1: 8d362550 ($94 in chips)
Seat 2: c77d9208 ($228.08 in chips)
Seat 3: 3c1183fa ($267.88 in chips)
Seat 4: c3b5d9a0 ($205.11 in chips)
Seat 5: 83979162 ($272.89 in chips)
Seat 6: Hero ($503 in chips)
Hero: posts small blind $1
8d362550: posts big blind $2
*** HOLE CARDS ***
Dealt to 8d362550 
Dealt to c77d9208 
Dealt to 3c1183fa 
Dealt to c3b5d9a0 
Dealt to 83979162 
Dealt to Hero [Jd Td]
c77d9208: folds
3c1183fa: raises $2 to $4
c3b5d9a0: folds
83979162: folds
Hero: calls $3
8d362550: folds
*** FLOP *** [8c 2s 4h]
Hero: bets $5
3c1183fa: folds
Uncalled bet ($5) returned to Hero
*** SHOWDOWN ***
Hero collected $10 from pot
*** SUMMARY ***
Total pot $10
Board [8c 2s 4h]
Seat 1: 8d362550(big blind) folded before Flop
Seat 2: c77d9208 folded before Flop (didn't bet)
Seat 3: 3c1183fa folded on the Flop
Seat 4: c3b5d9a0 folded before Flop (didn't bet)
Seat 5: 83979162 folded before Flop (didn't bet)
Seat 6: Hero(small blind)won ($10) with Jack-High



Poker Hand #ring_852813887: NLH No Limit ($1/$2) - 2025/05/01 19:28:07
Table 'MR NLH 1/2' 7-max Seat #4 is the button
Seat 1: 8d362550 ($94 in chips)
Seat 2: c77d9208 ($228.08 in chips)
Seat 3: 3c1183fa ($267.88 in chips)
Seat 4: c3b5d9a0 ($195.78 in chips)
Seat 5: 83979162 ($277.89 in chips)
Seat 6: Hero ($508 in chips)
83979162: posts small blind $1
Hero: posts big blind $2
*** HOLE CARDS ***
Dealt to 8d362550 
Dealt to c77d9208 
Dealt to 3c1183fa 
Dealt to c3b5d9a0 
Dealt to 83979162 
Dealt to Hero [Jc 2c]
8d362550: folds
c77d9208: folds
3c1183fa: folds
c3b5d9a0: raises $3 to $5
83979162: calls $4
Hero: calls $3
*** FLOP *** [5s 9d 9h]
83979162: checks
Hero: checks
c3b5d9a0: checks
*** TURN *** [5s 9d 9h] [Ah]
83979162: checks
Hero: checks
c3b5d9a0: checks
*** RIVER *** [5s 9d 9h Ah] [Kh]
83979162: checks
Hero: checks
c3b5d9a0: checks
c3b5d9a0: shows [Kc 7c]
83979162: shows [3d 5d]
Hero: shows [Jc 2c]
*** SHOWDOWN ***
c3b5d9a0 collected $15 from pot
*** SUMMARY ***
Total pot $15
Board [5s 9d 9h Ah Kh]
Seat 1: 8d362550 folded before Flop (didn't bet)
Seat 2: c77d9208 folded before Flop (didn't bet)
Seat 3: 3c1183fa folded before Flop (didn't bet)
Seat 4: c3b5d9a0 showed [Kc 7c] and won ($15) with Pair of Kings and Pair of Nines
Seat 5: 83979162(small blind) showed [3d 5d] and lost with Pair of Nines and Pair of Fives
Seat 6: Hero(big blind) showed [Jc 2c] and lost with Pair of Nines



Poker Hand #ring_852812227: NLH No Limit ($1/$2) - 2025/05/01 19:26:57
Table 'MR NLH 1/2' 7-max Seat #3 is the button
Seat 1: 8d362550 ($94 in chips)
Seat 2: c77d9208 ($228.08 in chips)
Seat 3: 3c1183fa ($263.28 in chips)
Seat 4: c3b5d9a0 ($196.78 in chips)
Seat 5: 83979162 ($281.89 in chips)
Seat 6: Hero ($508 in chips)
c3b5d9a0: posts small blind $1
83979162: posts big blind $2
*** HOLE CARDS ***
Dealt to 8d362550 
Dealt to c77d9208 
Dealt to 3c1183fa 
Dealt to c3b5d9a0 
Dealt to 83979162 
Dealt to Hero [5c Ks]
Hero: folds
8d362550: folds
c77d9208: folds
3c1183fa: raises $2 to $4
c3b5d9a0: folds
83979162: calls $2
*** FLOP *** [6d 8s Jh]
83979162: checks
3c1183fa: checks
*** TURN *** [6d 8s Jh] [5s]
83979162: checks
3c1183fa: checks
*** RIVER *** [6d 8s Jh 5s] [6s]
83979162: checks
3c1183fa: checks
3c1183fa: shows [3h As]
83979162: shows [2h Kc]
*** SHOWDOWN ***
3c1183fa collected $9 from pot
*** SUMMARY ***
Total pot $9
Board [6d 8s Jh 5s 6s]
Seat 1: 8d362550 folded before Flop (didn't bet)
Seat 2: c77d9208 folded before Flop (didn't bet)
Seat 3: 3c1183fa showed [3h As] and won ($9) with Pair of Sixes
Seat 4: c3b5d9a0(small blind) folded before Flop
Seat 5: 83979162(big blind) showed [2h Kc] and lost with Pair of Sixes
Seat 6: Hero folded before Flop (didn't bet)



Poker Hand #ring_852811272: NLH No Limit ($1/$2) - 2025/05/01 19:26:17
Table 'MR NLH 1/2' 7-max Seat #2 is the button
Seat 1: 8d362550 ($94 in chips)
Seat 2: c77d9208 ($228.08 in chips)
Seat 3: 3c1183fa ($264.28 in chips)
Seat 4: c3b5d9a0 ($202.78 in chips)
Seat 5: 83979162 ($281.89 in chips)
Seat 6: Hero ($501.58 in chips)
3c1183fa: posts small blind $1
c3b5d9a0: posts big blind $2
*** HOLE CARDS ***
Dealt to 8d362550 
Dealt to c77d9208 
Dealt to 3c1183fa 
Dealt to c3b5d9a0 
Dealt to 83979162 
Dealt to Hero [7d Td]
83979162: folds
Hero: raises $4 to $6
8d362550: folds
c77d9208: folds
3c1183fa: folds
c3b5d9a0: calls $4
*** FLOP *** [4h 2d 4d]
c3b5d9a0: checks
Hero: bets $6.5
c3b5d9a0: folds
Uncalled bet ($6.5) returned to Hero
*** SHOWDOWN ***
Hero collected $13 from pot
*** SUMMARY ***
Total pot $13
Board [4h 2d 4d]
Seat 1: 8d362550 folded before Flop (didn't bet)
Seat 2: c77d9208 folded before Flop (didn't bet)
Seat 3: 3c1183fa(small blind) folded before Flop
Seat 4: c3b5d9a0(big blind) folded on the Flop
Seat 5: 83979162 folded before Flop (didn't bet)
Seat 6: Herowon ($13) with Pair of Fours



Poker Hand #ring_852810848: NLH No Limit ($1/$2) - 2025/05/01 19:25:59
Table 'MR NLH 1/2' 7-max Seat #1 is the button
Seat 1: 8d362550 ($94 in chips)
Seat 2: c77d9208 ($229.08 in chips)
Seat 3: 3c1183fa ($263.28 in chips)
Seat 4: c3b5d9a0 ($202.78 in chips)
Seat 5: 83979162 ($281.89 in chips)
Seat 6: Hero ($501.58 in chips)
c77d9208: posts small blind $1
3c1183fa: posts big blind $2
*** HOLE CARDS ***
Dealt to 8d362550 
Dealt to c77d9208 
Dealt to 3c1183fa 
Dealt to c3b5d9a0 
Dealt to 83979162 
Dealt to Hero [Ks 6h]
c3b5d9a0: folds
83979162: folds
Hero: folds
8d362550: folds
c77d9208: folds
*** SHOWDOWN ***
3c1183fa collected $3 from pot
*** SUMMARY ***
Total pot $3
Seat 1: 8d362550 folded before Flop (didn't bet)
Seat 2: c77d9208(small blind) folded before Flop
Seat 3: 3c1183fa(big blind)won ($3)
Seat 4: c3b5d9a0 folded before Flop (didn't bet)
Seat 5: 83979162 folded before Flop (didn't bet)
Seat 6: Hero folded before Flop (didn't bet)



Poker Hand #ring_852809472: NLH No Limit ($1/$2) - 2025/05/01 19:25:02
Table 'MR NLH 1/2' 7-max Seat #6 is the button
Seat 1: 8d362550 ($95 in chips)
Seat 2: c77d9208 ($210.15 in chips)
Seat 3: 3c1183fa ($263.28 in chips)
Seat 4: c3b5d9a0 ($196.78 in chips)
Seat 5: 83979162 ($281.89 in chips)
Seat 6: Hero ($521.88 in chips)
8d362550: posts small blind $1
c77d9208: posts big blind $2
*** HOLE CARDS ***
Dealt to 8d362550 
Dealt to c77d9208 
Dealt to 3c1183fa 
Dealt to c3b5d9a0 
Dealt to 83979162 
Dealt to Hero [As Qc]
3c1183fa: folds
c3b5d9a0: folds
83979162: folds
Hero: raises $4 to $6
8d362550: folds
c77d9208: calls $4
*** FLOP *** [2h 9h Jd]
c77d9208: checks
Hero: checks
*** TURN *** [2h 9h Jd] [Th]
c77d9208: bets $6.5
Hero: calls $6.5
*** RIVER *** [2h 9h Jd Th] [6h]
c77d9208: checks
Hero: bets $7.8
c77d9208: raises $20.8 to $28.6
Hero: folds
Uncalled bet ($20.8) returned to c77d9208
c77d9208: shows [9c]
*** SHOWDOWN ***
c77d9208 collected $41.6 from pot
*** SUMMARY ***
Total pot $41.6
Board [2h 9h Jd Th 6h]
Seat 1: 8d362550(small blind) folded before Flop
Seat 2: c77d9208(big blind) showed [9c] and won ($41.6) with Ace High Flush
Seat 3: 3c1183fa folded before Flop (didn't bet)
Seat 4: c3b5d9a0 folded before Flop (didn't bet)
Seat 5: 83979162 folded before Flop (didn't bet)
Seat 6: Hero folded on the River



Poker Hand #ring_852808499: NLH No Limit ($1/$2) - 2025/05/01 19:24:22
Table 'MR NLH 1/2' 7-max Seat #5 is the button
Seat 1: 8d362550 ($100 in chips)
Seat 2: c77d9208 ($210.15 in chips)
Seat 3: 3c1183fa ($263.28 in chips)
Seat 4: c3b5d9a0 ($201.78 in chips)
Seat 5: 83979162 ($281.89 in chips)
Seat 6: Hero ($512.55 in chips)
Hero: posts small blind $1
8d362550: posts big blind $2
*** HOLE CARDS ***
Dealt to 8d362550 
Dealt to c77d9208 
Dealt to 3c1183fa 
Dealt to c3b5d9a0 
Dealt to 83979162 
Dealt to Hero [Ah 5h]
c77d9208: folds
3c1183fa: folds
c3b5d9a0: raises $3 to $5
83979162: folds
Hero: calls $4
8d362550: calls $3
*** FLOP *** [3s 2s 4d]
Hero: checks
8d362550: checks
c3b5d9a0: checks
*** TURN *** [3s 2s 4d] [4c]
Hero: bets $7.5
8d362550: folds
c3b5d9a0: folds
Uncalled bet ($7.5) returned to Hero
*** SHOWDOWN ***
Hero collected $15 from pot
*** SUMMARY ***
Total pot $15
Board [3s 2s 4d 4c]
Seat 1: 8d362550(big blind) folded on the Turn
Seat 2: c77d9208 folded before Flop (didn't bet)
Seat 3: 3c1183fa folded before Flop (didn't bet)
Seat 4: c3b5d9a0 folded on the Turn
Seat 5: 83979162 folded before Flop (didn't bet)
Seat 6: Hero(small blind)won ($15) with Fives-High Straight



Poker Hand #ring_852805286: NLH No Limit ($1/$2) - 2025/05/01 19:22:09
Table 'MR NLH 1/2' 7-max Seat #4 is the button
Seat 2: c77d9208 ($223.4 in chips)
Seat 3: 3c1183fa ($248.85 in chips)
Seat 4: c3b5d9a0 ($201.78 in chips)
Seat 5: 83979162 ($282.89 in chips)
Seat 6: Hero ($514.55 in chips)
83979162: posts small blind $1
Hero: posts big blind $2
*** HOLE CARDS ***
Dealt to c77d9208 
Dealt to 3c1183fa 
Dealt to c3b5d9a0 
Dealt to 83979162 
Dealt to Hero [Jh 3s]
c77d9208: raises $2.4 to $4.4
3c1183fa: raises $8.85 to $13.25
c3b5d9a0: folds
83979162: folds
Hero: folds
c77d9208: calls $8.85
*** FLOP *** [6c As Ac]
c77d9208: checks
3c1183fa: checks
*** TURN *** [6c As Ac] [8c]
c77d9208: checks
3c1183fa: checks
*** RIVER *** [6c As Ac 8c] [Js]
c77d9208: checks
3c1183fa: bets $14.75
c77d9208: folds
Uncalled bet ($14.75) returned to 3c1183fa
*** SHOWDOWN ***
3c1183fa collected $29.5 from pot
*** SUMMARY ***
Total pot $29.5
Board [6c As Ac 8c Js]
Seat 2: c77d9208 folded on the River
Seat 3: 3c1183fawon ($29.5) with Three Aces
Seat 4: c3b5d9a0 folded before Flop (didn't bet)
Seat 5: 83979162(small blind) folded before Flop
Seat 6: Hero(big blind) folded before Flop



Poker Hand #ring_852803783: NLH No Limit ($1/$2) - 2025/05/01 19:21:08
Table 'MR NLH 1/2' 7-max Seat #3 is the button
Seat 1: 8d362550 ($98 in chips)
Seat 2: c77d9208 ($223.4 in chips)
Seat 3: 3c1183fa ($248.85 in chips)
Seat 4: c3b5d9a0 ($202.78 in chips)
Seat 5: 83979162 ($193.25 in chips)
Seat 6: Hero ($514.55 in chips)
c3b5d9a0: posts small blind $1
83979162: posts big blind $2
*** HOLE CARDS ***
Dealt to 8d362550 
Dealt to c77d9208 
Dealt to 3c1183fa 
Dealt to c3b5d9a0 
Dealt to 83979162 
Dealt to Hero [5h Qd]
*** FIRST FLOP *** [6c Qh 6s]
*** SECOND FLOP *** [9c 4h 8s]
*** FIRST TURN *** [6c Qh 6s] [5c]
*** SECOND TURN *** [9c 4h 8s] [8h]
*** FIRST RIVER *** [6c Qh 6s 5c] [9d]
*** SECOND RIVER *** [9c 4h 8s 8h] [7d]
Hero: folds
8d362550: raises $4 to $6
c77d9208: folds
3c1183fa: folds
c3b5d9a0: folds
83979162: raises $9.75 to $15.75
8d362550: raises $32.5 to $48.25
83979162: raises $97.5 to $145.75
8d362550: calls $49.75 and is all-in
Uncalled bet ($47.75) returned to 83979162
8d362550: shows [Jd Js]
83979162: shows [Ad As]
*** FIRST SHOWDOWN ***
83979162 collected $98.75 from pot
*** SECOND SHOWDOWN ***
83979162 collected $98.25 from pot
*** SUMMARY ***
Total pot $197
Hand was run two timesFIRST Board [6c Qh 6s 5c 9d]
SECOND Board [9c 4h 8s 8h 7d]
Seat 1: 8d362550 showed [Jd Js] and lost with Pair of Jacks and Pair of Sixes / Pair of Jacks and Pair of Eights
Seat 2: c77d9208 folded before Flop (didn't bet)
Seat 3: 3c1183fa folded before Flop (didn't bet)
Seat 4: c3b5d9a0(small blind) folded before Flop
Seat 5: 83979162(big blind) showed [Ad As] and won ($197) with Pair of Aces and Pair of Sixes / Pair of Aces and Pair of Eights
Seat 6: Hero folded before Flop (didn't bet)



Poker Hand #ring_852802409: NLH No Limit ($1/$2) - 2025/05/01 19:20:11
Table 'MR NLH 1/2' 7-max Seat #2 is the button
Seat 1: 8d362550 ($100 in chips)
Seat 2: c77d9208 ($223.4 in chips)
Seat 3: 3c1183fa ($249.85 in chips)
Seat 4: c3b5d9a0 ($200 in chips)
Seat 5: 83979162 ($193.25 in chips)
Seat 6: Hero ($514.55 in chips)
3c1183fa: posts small blind $1
c3b5d9a0: posts big blind $2
8d362550: posts big blind $2
*** HOLE CARDS ***
Dealt to 8d362550 
Dealt to c77d9208 
Dealt to 3c1183fa 
Dealt to c3b5d9a0 
Dealt to 83979162 
Dealt to Hero [2s 3d]
83979162: folds
Hero: folds
8d362550: checks
c77d9208: folds
3c1183fa: folds
c3b5d9a0: checks
*** FLOP *** [3s 3h Qh]
c3b5d9a0: checks
8d362550: checks
*** TURN *** [3s 3h Qh] [5c]
c3b5d9a0: checks
8d362550: checks
*** RIVER *** [3s 3h Qh 5c] [Ah]
c3b5d9a0: bets $8
8d362550: folds
Uncalled bet ($8) returned to c3b5d9a0
*** SHOWDOWN ***
c3b5d9a0 collected $5 from pot
*** SUMMARY ***
Total pot $5
Board [3s 3h Qh 5c Ah]
Seat 1: 8d362550 folded on the River
Seat 2: c77d9208 folded before Flop (didn't bet)
Seat 3: 3c1183fa(small blind) folded before Flop
Seat 4: c3b5d9a0(big blind)won ($5) with Pair of Treys
Seat 5: 83979162 folded before Flop (didn't bet)
Seat 6: Hero folded before Flop (didn't bet)



Poker Hand #ring_852801222: NLH No Limit ($1/$2) - 2025/05/01 19:19:22
Table 'MR NLH 1/2' 7-max Seat #6 is the button
Seat 2: c77d9208 ($229.4 in chips)
Seat 3: 3c1183fa ($251.85 in chips)
Seat 5: 83979162 ($185.88 in chips)
Seat 6: Hero ($514.55 in chips)
c77d9208: posts small blind $1
3c1183fa: posts big blind $2
*** HOLE CARDS ***
Dealt to c77d9208 
Dealt to 3c1183fa 
Dealt to 83979162 
Dealt to Hero [Kh 4c]
83979162: raises $4 to $6
Hero: folds
c77d9208: calls $5
3c1183fa: folds
*** FLOP *** [Jd 2h 8c]
c77d9208: checks
83979162: checks
*** TURN *** [Jd 2h 8c] [Ac]
c77d9208: checks
83979162: bets $10.5
c77d9208: folds
Uncalled bet ($10.5) returned to 83979162
*** SHOWDOWN ***
83979162 collected $14 from pot
*** SUMMARY ***
Total pot $14
Board [Jd 2h 8c Ac]
Seat 2: c77d9208(small blind) folded on the Turn
Seat 3: 3c1183fa(big blind) folded before Flop
Seat 5: 83979162won ($14) with Ace-High
Seat 6: Hero folded before Flop (didn't bet)



Poker Hand #ring_852800355: NLH No Limit ($1/$2) - 2025/05/01 19:18:45
Table 'MR NLH 1/2' 7-max Seat #5 is the button
Seat 2: c77d9208 ($231.4 in chips)
Seat 3: 3c1183fa ($251.85 in chips)
Seat 5: 83979162 ($205.88 in chips)
Seat 6: Hero ($494.94 in chips)
Hero: posts small blind $1
c77d9208: posts big blind $2
*** HOLE CARDS ***
Dealt to c77d9208 
Dealt to 3c1183fa 
Dealt to 83979162 
Dealt to Hero [As Qh]
3c1183fa: folds
83979162: raises $4 to $6
Hero: raises $14 to $20
c77d9208: folds
83979162: calls $14
*** FLOP *** [5s 4s 9d]
Hero: bets $21
83979162: folds
Uncalled bet ($21) returned to Hero
*** SHOWDOWN ***
Hero collected $42 from pot
*** SUMMARY ***
Total pot $42
Board [5s 4s 9d]
Seat 2: c77d9208(big blind) folded before Flop
Seat 3: 3c1183fa folded before Flop (didn't bet)
Seat 5: 83979162 folded on the Flop
Seat 6: Hero(small blind)won ($42) with Ace-High



Poker Hand #ring_852799650: NLH No Limit ($1/$2) - 2025/05/01 19:18:16
Table 'MR NLH 1/2' 7-max Seat #3 is the button
Seat 2: c77d9208 ($231.4 in chips)
Seat 3: 3c1183fa ($251.85 in chips)
Seat 5: 83979162 ($211.88 in chips)
Seat 6: Hero ($489.48 in chips)
83979162: posts small blind $1
Hero: posts big blind $2
*** HOLE CARDS ***
Dealt to c77d9208 
Dealt to 3c1183fa 
Dealt to 83979162 
Dealt to Hero [4s As]
c77d9208: folds
3c1183fa: folds
83979162: calls $1
Hero: raises $4 to $6
83979162: calls $4
*** FLOP *** [Kh 3s Ts]
83979162: checks
Hero: bets $6
83979162: folds
Uncalled bet ($6) returned to Hero
*** SHOWDOWN ***
Hero collected $12 from pot
*** SUMMARY ***
Total pot $12
Board [Kh 3s Ts]
Seat 2: c77d9208 folded before Flop (didn't bet)
Seat 3: 3c1183fa folded before Flop (didn't bet)
Seat 5: 83979162(small blind) folded on the Flop
Seat 6: Hero(big blind)won ($12) with Ace-High



Poker Hand #ring_852798530: NLH No Limit ($1/$2) - 2025/05/01 19:17:30
Table 'MR NLH 1/2' 7-max Seat #2 is the button
Seat 2: c77d9208 ($224.98 in chips)
Seat 3: 3c1183fa ($252.85 in chips)
Seat 5: 83979162 ($217.88 in chips)
Seat 6: Hero ($489.48 in chips)
3c1183fa: posts small blind $1
83979162: posts big blind $2
*** HOLE CARDS ***
Dealt to c77d9208 
Dealt to 3c1183fa 
Dealt to 83979162 
Dealt to Hero [2c Tc]
Hero: folds
c77d9208: raises $4 to $6
3c1183fa: folds
83979162: calls $4
*** FLOP *** [As 3c 9s]
83979162: checks
c77d9208: bets $6.5
83979162: folds
Uncalled bet ($6.5) returned to c77d9208
*** SHOWDOWN ***
c77d9208 collected $13 from pot
*** SUMMARY ***
Total pot $13
Board [As 3c 9s]
Seat 2: c77d9208won ($13) with Pair of Aces
Seat 3: 3c1183fa(small blind) folded before Flop
Seat 5: 83979162(big blind) folded on the Flop
Seat 6: Hero folded before Flop (didn't bet)



Poker Hand #ring_852798092: NLH No Limit ($1/$2) - 2025/05/01 19:17:12
Table 'MR NLH 1/2' 7-max Seat #6 is the button
Seat 2: c77d9208 ($225.98 in chips)
Seat 3: 3c1183fa ($254.85 in chips)
Seat 5: 83979162 ($214.88 in chips)
Seat 6: Hero ($489.48 in chips)
c77d9208: posts small blind $1
3c1183fa: posts big blind $2
*** HOLE CARDS ***
Dealt to c77d9208 
Dealt to 3c1183fa 
Dealt to 83979162 
Dealt to Hero [Kc 4h]
83979162: raises $4 to $6
Hero: folds
c77d9208: folds
3c1183fa: folds
Uncalled bet ($4) returned to 83979162
*** SHOWDOWN ***
83979162 collected $5 from pot
*** SUMMARY ***
Total pot $5
Seat 2: c77d9208(small blind) folded before Flop
Seat 3: 3c1183fa(big blind) folded before Flop
Seat 5: 83979162won ($5)
Seat 6: Hero folded before Flop (didn't bet)



Poker Hand #ring_852796398: NLH No Limit ($1/$2) - 2025/05/01 19:16:02
Table 'MR NLH 1/2' 7-max Seat #5 is the button
Seat 2: c77d9208 ($227.98 in chips)
Seat 3: 3c1183fa ($228.82 in chips)
Seat 5: 83979162 ($240.88 in chips)
Seat 6: Hero ($490.48 in chips)
Hero: posts small blind $1
c77d9208: posts big blind $2
*** HOLE CARDS ***
Dealt to c77d9208 
Dealt to 3c1183fa 
Dealt to 83979162 
Dealt to Hero [Ac 8d]
3c1183fa: raises $2 to $4
83979162: calls $4
Hero: folds
c77d9208: folds
*** FLOP *** [9c 2s Tc]
3c1183fa: checks
83979162: bets $8.25
3c1183fa: calls $8.25
*** TURN *** [9c 2s Tc] [3c]
3c1183fa: checks
83979162: bets $13.75
3c1183fa: raises $18.15 to $31.9
83979162: folds
Uncalled bet ($18.15) returned to 3c1183fa
*** SHOWDOWN ***
3c1183fa collected $55 from pot
*** SUMMARY ***
Total pot $55
Board [9c 2s Tc 3c]
Seat 2: c77d9208(big blind) folded before Flop
Seat 3: 3c1183fawon ($55) with Pair of Queens
Seat 5: 83979162 folded on the Turn
Seat 6: Hero(small blind) folded before Flop



Poker Hand #ring_852795771: NLH No Limit ($1/$2) - 2025/05/01 19:15:36
Table 'MR NLH 1/2' 7-max Seat #3 is the button
Seat 2: c77d9208 ($227.98 in chips)
Seat 3: 3c1183fa ($228.82 in chips)
Seat 5: 83979162 ($235.42 in chips)
Seat 6: Hero ($496.48 in chips)
83979162: posts small blind $1
Hero: posts big blind $2
*** HOLE CARDS ***
Dealt to c77d9208 
Dealt to 3c1183fa 
Dealt to 83979162 
Dealt to Hero [Ad 6h]
c77d9208: folds
3c1183fa: folds
83979162: raises $4 to $6
Hero: calls $4
*** FLOP *** [8h Tc Jc]
83979162: bets $6
Hero: folds
Uncalled bet ($6) returned to 83979162
*** SHOWDOWN ***
83979162 collected $12 from pot
*** SUMMARY ***
Total pot $12
Board [8h Tc Jc]
Seat 2: c77d9208 folded before Flop (didn't bet)
Seat 3: 3c1183fa folded before Flop (didn't bet)
Seat 5: 83979162(small blind)won ($12) with King-High
Seat 6: Hero(big blind) folded on the Flop



Poker Hand #ring_852795433: NLH No Limit ($1/$2) - 2025/05/01 19:15:23
Table 'MR NLH 1/2' 7-max Seat #2 is the button
Seat 2: c77d9208 ($227.98 in chips)
Seat 3: 3c1183fa ($229.82 in chips)
Seat 5: 83979162 ($234.42 in chips)
Seat 6: Hero ($496.48 in chips)
3c1183fa: posts small blind $1
83979162: posts big blind $2
*** HOLE CARDS ***
Dealt to c77d9208 
Dealt to 3c1183fa 
Dealt to 83979162 
Dealt to Hero [Qh 9d]
Hero: folds
c77d9208: folds
3c1183fa: folds
*** SHOWDOWN ***
83979162 collected $3 from pot
*** SUMMARY ***
Total pot $3
Seat 2: c77d9208 folded before Flop (didn't bet)
Seat 3: 3c1183fa(small blind) folded before Flop
Seat 5: 83979162(big blind)won ($3)
Seat 6: Hero folded before Flop (didn't bet)



Poker Hand #ring_852793742: NLH No Limit ($1/$2) - 2025/05/01 19:14:11
Table 'MR NLH 1/2' 7-max Seat #6 is the button
Seat 2: c77d9208 ($228.98 in chips)
Seat 3: 3c1183fa ($200.36 in chips)
Seat 5: 83979162 ($266.29 in chips)
Seat 6: Hero ($496.48 in chips)
c77d9208: posts small blind $1
3c1183fa: posts big blind $2
*** HOLE CARDS ***
Dealt to c77d9208 
Dealt to 3c1183fa 
Dealt to 83979162 
Dealt to Hero [2h 5h]
83979162: raises $4 to $6
Hero: folds
c77d9208: folds
3c1183fa: raises $13 to $19
83979162: calls $13
*** FLOP *** [7h 7d 8h]
3c1183fa: bets $12.87
83979162: calls $12.87
*** TURN *** [7h 7d 8h] [9d]
3c1183fa: checks
83979162: checks
*** RIVER *** [7h 7d 8h 9d] [3d]
3c1183fa: checks
83979162: checks
3c1183fa: shows [Jd Ts]
83979162: shows [As Qs]
*** SHOWDOWN ***
3c1183fa collected $64.74 from pot
*** SUMMARY ***
Total pot $64.74
Board [7h 7d 8h 9d 3d]
Seat 2: c77d9208(small blind) folded before Flop
Seat 3: 3c1183fa(big blind) showed [Jd Ts] and won ($64.74) with Jacks-High Straight
Seat 5: 83979162 showed [As Qs] and lost with Pair of Sevens
Seat 6: Hero folded before Flop (didn't bet)



Poker Hand #ring_852792327: NLH No Limit ($1/$2) - 2025/05/01 19:13:12
Table 'MR NLH 1/2' 7-max Seat #5 is the button
Seat 2: c77d9208 ($209.28 in chips)
Seat 3: 3c1183fa ($204.36 in chips)
Seat 5: 83979162 ($266.29 in chips)
Seat 6: Hero ($514.48 in chips)
Hero: posts small blind $1
c77d9208: posts big blind $2
*** HOLE CARDS ***
Dealt to c77d9208 
Dealt to 3c1183fa 
Dealt to 83979162 
Dealt to Hero [Qc Kh]
3c1183fa: raises $2 to $4
83979162: folds
Hero: calls $3
c77d9208: calls $2
*** FLOP *** [Td 7d Qd]
Hero: bets $4
c77d9208: calls $4
3c1183fa: folds
*** TURN *** [Td 7d Qd] [Jd]
Hero: bets $10
c77d9208: calls $10
*** RIVER *** [Td 7d Qd Jd] [5h]
Hero: checks
c77d9208: checks
c77d9208: shows [7s 7h]
Hero: shows [Qc Kh]
*** SHOWDOWN ***
c77d9208 collected $40 from pot
*** SUMMARY ***
Total pot $40
Board [Td 7d Qd Jd 5h]
Seat 2: c77d9208(big blind) showed [7s 7h] and won ($40) with Three Sevens
Seat 3: 3c1183fa folded on the Flop
Seat 5: 83979162 folded before Flop (didn't bet)
Seat 6: Hero(small blind) showed [Qc Kh] and lost with Pair of Queens



Poker Hand #ring_852791283: NLH No Limit ($1/$2) - 2025/05/01 19:12:29
Table 'MR NLH 1/2' 7-max Seat #3 is the button
Seat 2: c77d9208 ($209.28 in chips)
Seat 3: 3c1183fa ($194.76 in chips)
Seat 5: 83979162 ($275.29 in chips)
Seat 6: Hero ($516.48 in chips)
83979162: posts small blind $1
Hero: posts big blind $2
*** HOLE CARDS ***
Dealt to c77d9208 
Dealt to 3c1183fa 
Dealt to 83979162 
Dealt to Hero [9h 5s]
c77d9208: folds
3c1183fa: raises $2 to $4
83979162: calls $3
Hero: folds
*** FLOP *** [Qc 4c Ts]
83979162: checks
3c1183fa: bets $5
83979162: calls $5
*** TURN *** [Qc 4c Ts] [Jc]
83979162: checks
3c1183fa: bets $15
83979162: folds
Uncalled bet ($15) returned to 3c1183fa
*** SHOWDOWN ***
3c1183fa collected $20 from pot
*** SUMMARY ***
Total pot $20
Board [Qc 4c Ts Jc]
Seat 2: c77d9208 folded before Flop (didn't bet)
Seat 3: 3c1183fawon ($20) with Queen High Flush
Seat 5: 83979162(small blind) folded on the Turn
Seat 6: Hero(big blind) folded before Flop



