Poker Hand #ring_875939436: NLH No Limit ($1/$2) - 2025/05/14 01:00:36
Table 'MR NLH BOMBPOT 1/2' 7-max Seat #5 is the button
Seat 7: bbde68ec ($432.46 in chips)
Seat 6: 99eb5434 ($300.85 in chips)
Seat 5: 9f1fa18d ($1,143.79 in chips)
Seat 1: Hero ($194 in chips)
99eb5434: posts small blind $1
bbde68ec: posts big blind $2
*** HOLE CARDS ***
Dealt to bbde68ec 
Dealt to 99eb5434 
Dealt to 9f1fa18d 
Dealt to Hero [9c 7s]
Hero: folds
9f1fa18d: folds
99eb5434: folds
*** SHOWDOWN ***
bbde68ec collected $3 from pot
*** SUMMARY ***
Total pot $3
Seat 7: bbde68ec(big blind)won ($3)
Seat 6: 99eb5434(small blind) folded before Flop
Seat 5: 9f1fa18d folded before Flop (didn't bet)
Seat 1: Hero folded before Flop (didn't bet)



Poker Hand #ring_875938787: NLH No Limit ($1/$2) - 2025/05/14 01:00:15
Table 'MR NLH BOMBPOT 1/2' 7-max Seat #1 is the button
Seat 7: bbde68ec ($432.46 in chips)
Seat 6: 99eb5434 ($302.85 in chips)
Seat 5: 9f1fa18d ($1,141.79 in chips)
Seat 1: Hero ($194 in chips)
9f1fa18d: posts small blind $1
99eb5434: posts big blind $2
*** HOLE CARDS ***
Dealt to bbde68ec 
Dealt to 99eb5434 
Dealt to 9f1fa18d 
Dealt to Hero [Td 2c]
bbde68ec: folds
Hero: folds
9f1fa18d: raises $4 to $6
99eb5434: folds
Uncalled bet ($4) returned to 9f1fa18d
*** SHOWDOWN ***
9f1fa18d collected $4 from pot
*** SUMMARY ***
Total pot $4
Seat 7: bbde68ec folded before Flop (didn't bet)
Seat 6: 99eb5434(big blind) folded before Flop
Seat 5: 9f1fa18d(small blind)won ($4)
Seat 1: Hero folded before Flop (didn't bet)



Poker Hand #ring_875937064: NLH No Limit ($1/$2) - 2025/05/14 00:59:18
Table 'MR NLH BOMBPOT 1/2' 7-max Seat #7 is the button
Seat 7: bbde68ec ($397.33 in chips)
Seat 6: 99eb5434 ($338.85 in chips)
Seat 5: 9f1fa18d ($1,143.79 in chips)
Seat 1: Hero ($195 in chips)
Hero: posts small blind $1
9f1fa18d: posts big blind $2
*** HOLE CARDS ***
Dealt to bbde68ec 
Dealt to 99eb5434 
Dealt to 9f1fa18d 
Dealt to Hero [As 6d]
99eb5434: raises $4 to $6
bbde68ec: raises $14 to $20
Hero: folds
9f1fa18d: folds
99eb5434: calls $14
*** FLOP *** [Qc 8h 9h]
99eb5434: checks
bbde68ec: bets $16
99eb5434: calls $16
*** TURN *** [Qc 8h 9h] [3s]
99eb5434: checks
bbde68ec: bets $56
99eb5434: folds
Uncalled bet ($56) returned to bbde68ec
*** SHOWDOWN ***
bbde68ec collected $75 from pot
*** SUMMARY ***
Total pot $75
Board [Qc 8h 9h 3s]
Seat 7: bbde68ecwon ($75) with Ace-High
Seat 6: 99eb5434 folded on the Turn
Seat 5: 9f1fa18d(big blind) folded before Flop
Seat 1: Hero(small blind) folded before Flop



Poker Hand #ring_875935523: NLH No Limit ($1/$2) - 2025/05/14 00:58:27
Table 'MR NLH BOMBPOT 1/2' 7-max Seat #6 is the button
Seat 7: bbde68ec ($398.33 in chips)
Seat 6: 99eb5434 ($328.57 in chips)
Seat 5: 9f1fa18d ($1,148.79 in chips)
Seat 1: Hero ($200 in chips)
bbde68ec: posts small blind $1
Hero: posts big blind $2
*** HOLE CARDS ***
Dealt to bbde68ec 
Dealt to 99eb5434 
Dealt to 9f1fa18d 
Dealt to Hero [3h 2s]
9f1fa18d: raises $3 to $5
99eb5434: calls $5
bbde68ec: folds
Hero: calls $3
*** FLOP *** [4h 2h Kc]
Hero: checks
9f1fa18d: checks
99eb5434: checks
*** TURN *** [4h 2h Kc] [Qh]
Hero: checks
9f1fa18d: checks
99eb5434: bets $16
Hero: folds
9f1fa18d: folds
Uncalled bet ($16) returned to 99eb5434
*** SHOWDOWN ***
99eb5434 collected $16 from pot
*** SUMMARY ***
Total pot $16
Board [4h 2h Kc Qh]
Seat 7: bbde68ec(small blind) folded before Flop
Seat 6: 99eb5434won ($16) with King-High
Seat 5: 9f1fa18d folded on the Turn
Seat 1: Hero(big blind) folded on the Turn



