Poker Hand #ring_876771884: NLH No Limit ($2/$4) - 2025/05/14 12:28:55
Table 'MR NLH BOMBPOT 2/4' 7-max Seat #2 is the button
Seat 3: 1efad65b ($831.95 in chips)
Seat 7: dc1700cd ($714.47 in chips)
Seat 1: Hero ($676.85 in chips)
Seat 2: 25d08966 ($812.15 in chips)
1efad65b: posts small blind $2
dc1700cd: posts big blind $4
*** HOLE CARDS ***
Dealt to 1efad65b 
Dealt to dc1700cd 
Dealt to Hero [Tc 7c]
Dealt to 25d08966 
Hero: raises $8 to $12
25d08966: raises $22.5 to $34.5
1efad65b: folds
dc1700cd: folds
Hero: folds
Uncalled bet ($22.5) returned to 25d08966
*** SHOWDOWN ***
25d08966 collected $30 from pot
*** SUMMARY ***
Total pot $30
Seat 3: 1efad65b(small blind) folded before Flop
Seat 7: dc1700cd(big blind) folded before Flop
Seat 1: Hero folded before Flop
Seat 2: 25d08966won ($30)



Poker Hand #ring_876771490: NLH No Limit ($2/$4) - 2025/05/14 12:28:31
Table 'MR NLH BOMBPOT 2/4' 7-max Seat #1 is the button
Seat 3: 1efad65b ($828.31 in chips)
Seat 7: dc1700cd ($714.47 in chips)
Seat 1: Hero ($676.85 in chips)
Seat 2: 25d08966 ($816.15 in chips)
25d08966: posts small blind $2
1efad65b: posts big blind $4
*** HOLE CARDS ***
Dealt to 1efad65b 
Dealt to dc1700cd 
Dealt to Hero [9s 3h]
Dealt to 25d08966 
dc1700cd: folds
Hero: folds
25d08966: calls $2
1efad65b: checks
*** FLOP *** [Jd 8c 2h]
25d08966: checks
1efad65b: bets $6
25d08966: folds
Uncalled bet ($6) returned to 1efad65b
*** SHOWDOWN ***
1efad65b collected $8 from pot
*** SUMMARY ***
Total pot $8
Board [Jd 8c 2h]
Seat 3: 1efad65b(big blind)won ($8) with Pair of Jacks and Pair of Twos
Seat 7: dc1700cd folded before Flop (didn't bet)
Seat 1: Hero folded before Flop (didn't bet)
Seat 2: 25d08966(small blind) folded on the Flop



Poker Hand #ring_876770898: NLH No Limit ($2/$4) - 2025/05/14 12:27:52
Table 'MR NLH BOMBPOT 2/4' 7-max Seat #7 is the button
Seat 3: 1efad65b ($828.31 in chips)
Seat 7: dc1700cd ($714.47 in chips)
Seat 1: Hero ($700.85 in chips)
Seat 2: 25d08966 ($795.31 in chips)
Hero: posts small blind $2
25d08966: posts big blind $4
*** HOLE CARDS ***
Dealt to 1efad65b 
Dealt to dc1700cd 
Dealt to Hero [7s 7c]
Dealt to 25d08966 
1efad65b: folds
dc1700cd: folds
Hero: raises $8 to $12
25d08966: calls $8
*** FLOP *** [Js Qh Kh]
Hero: bets $12
25d08966: calls $12
*** TURN *** [Js Qh Kh] [Kc]
Hero: checks
25d08966: checks
*** RIVER *** [Js Qh Kh Kc] [Ah]
Hero: checks
25d08966: bets $36
Hero: folds
Uncalled bet ($36) returned to 25d08966
*** SHOWDOWN ***
25d08966 collected $48 from pot
*** SUMMARY ***
Total pot $48
Board [Js Qh Kh Kc Ah]
Seat 3: 1efad65b folded before Flop (didn't bet)
Seat 7: dc1700cd folded before Flop (didn't bet)
Seat 1: Hero(small blind) folded on the River
Seat 2: 25d08966(big blind)won ($48) with Ace High Flush



Poker Hand #ring_876770646: NLH No Limit ($2/$4) - 2025/05/14 12:27:34
Table 'MR NLH BOMBPOT 2/4' 7-max Seat #3 is the button
Seat 3: 1efad65b ($828.31 in chips)
Seat 7: dc1700cd ($710.47 in chips)
Seat 1: Hero ($704.85 in chips)
Seat 2: 25d08966 ($795.31 in chips)
dc1700cd: posts small blind $2
Hero: posts big blind $4
*** HOLE CARDS ***
Dealt to 1efad65b 
Dealt to dc1700cd 
Dealt to Hero [3h 9h]
Dealt to 25d08966 
25d08966: folds
1efad65b: folds
dc1700cd: raises $8 to $12
Hero: folds
Uncalled bet ($8) returned to dc1700cd
*** SHOWDOWN ***
dc1700cd collected $8 from pot
*** SUMMARY ***
Total pot $8
Seat 3: 1efad65b folded before Flop (didn't bet)
Seat 7: dc1700cd(small blind)won ($8)
Seat 1: Hero(big blind) folded before Flop
Seat 2: 25d08966 folded before Flop (didn't bet)



Poker Hand #ring_876770444: NLH No Limit ($2/$4) - 2025/05/14 12:27:21
Table 'MR NLH BOMBPOT 2/4' 7-max Seat #2 is the button
Seat 3: 1efad65b ($830.31 in chips)
Seat 7: dc1700cd ($708.47 in chips)
Seat 1: Hero ($704.85 in chips)
Seat 2: 25d08966 ($795.31 in chips)
1efad65b: posts small blind $2
dc1700cd: posts big blind $4
*** HOLE CARDS ***
Dealt to 1efad65b 
Dealt to dc1700cd 
Dealt to Hero [3d Kh]
Dealt to 25d08966 
Hero: folds
25d08966: folds
1efad65b: folds
*** SHOWDOWN ***
dc1700cd collected $6 from pot
*** SUMMARY ***
Total pot $6
Seat 3: 1efad65b(small blind) folded before Flop
Seat 7: dc1700cd(big blind)won ($6)
Seat 1: Hero folded before Flop (didn't bet)
Seat 2: 25d08966 folded before Flop (didn't bet)



Poker Hand #ring_876770254: NLH No Limit ($2/$4) - 2025/05/14 12:27:09
Table 'MR NLH BOMBPOT 2/4' 7-max Seat #1 is the button
Seat 3: 1efad65b ($828.31 in chips)
Seat 7: dc1700cd ($708.47 in chips)
Seat 1: Hero ($704.85 in chips)
Seat 2: 25d08966 ($797.31 in chips)
25d08966: posts small blind $2
1efad65b: posts big blind $4
*** HOLE CARDS ***
Dealt to 1efad65b 
Dealt to dc1700cd 
Dealt to Hero [4d Qd]
Dealt to 25d08966 
dc1700cd: folds
Hero: folds
25d08966: folds
*** SHOWDOWN ***
1efad65b collected $6 from pot
*** SUMMARY ***
Total pot $6
Seat 3: 1efad65b(big blind)won ($6)
Seat 7: dc1700cd folded before Flop (didn't bet)
Seat 1: Hero folded before Flop (didn't bet)
Seat 2: 25d08966(small blind) folded before Flop



Poker Hand #ring_876769869: NLH No Limit ($2/$4) - 2025/05/14 12:26:44
Table 'MR NLH BOMBPOT 2/4' 7-max Seat #7 is the button
Seat 3: 1efad65b ($828.31 in chips)
Seat 7: dc1700cd ($695.64 in chips)
Seat 1: Hero ($706.85 in chips)
Seat 2: 25d08966 ($809.31 in chips)
Hero: posts small blind $2
25d08966: posts big blind $4
*** HOLE CARDS ***
Dealt to 1efad65b 
Dealt to dc1700cd 
Dealt to Hero [3c 8d]
Dealt to 25d08966 
1efad65b: folds
dc1700cd: raises $8 to $12
Hero: folds
25d08966: calls $8
*** FLOP *** [Ac Ad 5h]
25d08966: checks
dc1700cd: bets $13
25d08966: folds
Uncalled bet ($13) returned to dc1700cd
*** SHOWDOWN ***
dc1700cd collected $26 from pot
*** SUMMARY ***
Total pot $26
Board [Ac Ad 5h]
Seat 3: 1efad65b folded before Flop (didn't bet)
Seat 7: dc1700cdwon ($26) with Three Aces
Seat 1: Hero(small blind) folded before Flop
Seat 2: 25d08966(big blind) folded on the Flop



Poker Hand #ring_876768793: NLH No Limit ($2/$4) - 2025/05/14 12:25:36
Table 'MR NLH BOMBPOT 2/4' 7-max Seat #3 is the button
Seat 3: 1efad65b ($821.61 in chips)
Seat 7: dc1700cd ($688.94 in chips)
Seat 1: Hero ($766.85 in chips)
Seat 2: 25d08966 ($829.31 in chips)
dc1700cd: posts the ante $20
Hero: posts the ante $20
25d08966: posts the ante $20
1efad65b: posts the ante $20
*** HOLE CARDS ***
Dealt to 1efad65b 
Dealt to dc1700cd 
Dealt to Hero [Qd 6d]
Dealt to 25d08966 
*** FIRST FLOP *** [6s 8d 2c]
dc1700cd: bets $40
Hero: calls $40
25d08966: folds
1efad65b: raises $150 to $190
dc1700cd: calls $150
Hero: folds
*** FIRST TURN *** [6s 8d 2c] [7s]
dc1700cd: checks
1efad65b: bets $611.61 and is all-in
dc1700cd: calls $478.94 and is all-in
Uncalled bet ($132.67) returned to 1efad65b
1efad65b: shows [2s 6c]
dc1700cd: shows [8s 9s]
*** FIRST RIVER *** [6s 8d 2c 7s] [3s]
*** SECOND RIVER *** [6s 8d 2c 7s] [Qc]
*** FIRST SHOWDOWN ***
dc1700cd collected $729.44 from pot
*** SECOND SHOWDOWN ***
1efad65b collected $728.44 from pot
*** SUMMARY ***
Total pot $1,457.88
Hand was run two timesFIRST Board [6s 8d 2c 7s 3s]
SECOND Board [Qc]
Seat 3: 1efad65b showed [2s 6c] and won ($728.44) with Pair of Sixes and Pair of Twos / Pair of Sixes and Pair of Twos
Seat 7: dc1700cd(small blind) showed [8s 9s] and won ($729.44) with Nine High Flush / Pair of Eights
Seat 1: Hero(big blind) folded on the Flop
Seat 2: 25d08966 folded on the Flop



Poker Hand #ring_876768511: NLH No Limit ($2/$4) - 2025/05/14 12:25:18
Table 'MR NLH BOMBPOT 2/4' 7-max Seat #2 is the button
Seat 3: 1efad65b ($823.61 in chips)
Seat 7: dc1700cd ($686.94 in chips)
Seat 1: Hero ($766.85 in chips)
Seat 2: 25d08966 ($829.31 in chips)
1efad65b: posts small blind $2
dc1700cd: posts big blind $4
*** HOLE CARDS ***
Dealt to 1efad65b 
Dealt to dc1700cd 
Dealt to Hero [4h 3d]
Dealt to 25d08966 
Hero: folds
25d08966: folds
1efad65b: folds
*** SHOWDOWN ***
dc1700cd collected $6 from pot
*** SUMMARY ***
Total pot $6
Seat 3: 1efad65b(small blind) folded before Flop
Seat 7: dc1700cd(big blind)won ($6)
Seat 1: Hero folded before Flop (didn't bet)
Seat 2: 25d08966 folded before Flop (didn't bet)



Poker Hand #ring_876768251: NLH No Limit ($2/$4) - 2025/05/14 12:25:01
Table 'MR NLH BOMBPOT 2/4' 7-max Seat #1 is the button
Seat 3: 1efad65b ($827.61 in chips)
Seat 7: dc1700cd ($686.94 in chips)
Seat 1: Hero ($760.85 in chips)
Seat 2: 25d08966 ($831.31 in chips)
25d08966: posts small blind $2
1efad65b: posts big blind $4
*** HOLE CARDS ***
Dealt to 1efad65b 
Dealt to dc1700cd 
Dealt to Hero [Ts Jc]
Dealt to 25d08966 
dc1700cd: folds
Hero: raises $8 to $12
25d08966: folds
1efad65b: folds
Uncalled bet ($8) returned to Hero
*** SHOWDOWN ***
Hero collected $10 from pot
*** SUMMARY ***
Total pot $10
Seat 3: 1efad65b(big blind) folded before Flop
Seat 7: dc1700cd folded before Flop (didn't bet)
Seat 1: Herowon ($10)
Seat 2: 25d08966(small blind) folded before Flop



Poker Hand #ring_876767749: NLH No Limit ($2/$4) - 2025/05/14 12:24:27
Table 'MR NLH BOMBPOT 2/4' 7-max Seat #7 is the button
Seat 3: 1efad65b ($827.61 in chips)
Seat 7: dc1700cd ($686.94 in chips)
Seat 1: Hero ($751.75 in chips)
Seat 2: 25d08966 ($841.31 in chips)
Hero: posts small blind $2
25d08966: posts big blind $4
*** HOLE CARDS ***
Dealt to 1efad65b 
Dealt to dc1700cd 
Dealt to Hero [Qh Jd]
Dealt to 25d08966 
1efad65b: folds
dc1700cd: folds
Hero: raises $6 to $10
25d08966: calls $6
*** FLOP *** [Ts Kh 3s]
Hero: checks
25d08966: checks
*** TURN *** [Ts Kh 3s] [Tc]
Hero: checks
25d08966: checks
*** RIVER *** [Ts Kh 3s Tc] [9d]
Hero: checks
25d08966: checks
Hero: shows [Qh Jd]
25d08966: shows [4s Ac]
*** SHOWDOWN ***
Hero collected $20 from pot
*** SUMMARY ***
Total pot $20
Board [Ts Kh 3s Tc 9d]
Seat 3: 1efad65b folded before Flop (didn't bet)
Seat 7: dc1700cd folded before Flop (didn't bet)
Seat 1: Hero(small blind) showed [Qh Jd] and won ($20) with Kings-High Straight
Seat 2: 25d08966(big blind) showed [4s Ac] and lost with Pair of Tens



Poker Hand #ring_876766851: NLH No Limit ($2/$4) - 2025/05/14 12:23:30
Table 'MR NLH BOMBPOT 2/4' 7-max Seat #3 is the button
Seat 3: 1efad65b ($867.61 in chips)
Seat 7: dc1700cd ($647.72 in chips)
Seat 1: Hero ($755.75 in chips)
Seat 2: 25d08966 ($841.31 in chips)
dc1700cd: posts small blind $2
Hero: posts big blind $4
*** HOLE CARDS ***
Dealt to 1efad65b 
Dealt to dc1700cd 
Dealt to Hero [Ah 9h]
Dealt to 25d08966 
25d08966: folds
1efad65b: raises $8 to $12
dc1700cd: raises $28 to $40
Hero: folds
1efad65b: calls $28
*** FLOP *** [Ts Ks Qs]
dc1700cd: checks
1efad65b: checks
*** TURN *** [Ts Ks Qs] [As]
dc1700cd: bets $42
1efad65b: folds
Uncalled bet ($42) returned to dc1700cd
*** SHOWDOWN ***
dc1700cd collected $84 from pot
*** SUMMARY ***
Total pot $84
Board [Ts Ks Qs As]
Seat 3: 1efad65b folded on the Turn
Seat 7: dc1700cd(small blind)won ($84) with Royal Flush
Seat 1: Hero(big blind) folded before Flop
Seat 2: 25d08966 folded before Flop (didn't bet)



Poker Hand #ring_876766558: NLH No Limit ($2/$4) - 2025/05/14 12:23:11
Table 'MR NLH BOMBPOT 2/4' 7-max Seat #2 is the button
Seat 3: 1efad65b ($869.61 in chips)
Seat 7: dc1700cd ($651.72 in chips)
Seat 1: Hero ($755.75 in chips)
Seat 2: 25d08966 ($835.31 in chips)
1efad65b: posts small blind $2
dc1700cd: posts big blind $4
*** HOLE CARDS ***
Dealt to 1efad65b 
Dealt to dc1700cd 
Dealt to Hero [Jd Qh]
Dealt to 25d08966 
Hero: folds
25d08966: raises $12 to $16
1efad65b: folds
dc1700cd: folds
Uncalled bet ($12) returned to 25d08966
*** SHOWDOWN ***
25d08966 collected $10 from pot
*** SUMMARY ***
Total pot $10
Seat 3: 1efad65b(small blind) folded before Flop
Seat 7: dc1700cd(big blind) folded before Flop
Seat 1: Hero folded before Flop (didn't bet)
Seat 2: 25d08966won ($10)



Poker Hand #ring_876765616: NLH No Limit ($2/$4) - 2025/05/14 12:22:08
Table 'MR NLH BOMBPOT 2/4' 7-max Seat #1 is the button
Seat 3: 1efad65b ($845.95 in chips)
Seat 7: dc1700cd ($651.72 in chips)
Seat 1: Hero ($780.75 in chips)
Seat 2: 25d08966 ($837.31 in chips)
25d08966: posts small blind $2
1efad65b: posts big blind $4
*** HOLE CARDS ***
Dealt to 1efad65b 
Dealt to dc1700cd 
Dealt to Hero [4s 4d]
Dealt to 25d08966 
dc1700cd: folds
Hero: raises $8 to $12
25d08966: folds
1efad65b: calls $8
*** FLOP *** [Jd 9s As]
1efad65b: checks
Hero: bets $13
1efad65b: calls $13
*** TURN *** [Jd 9s As] [2h]
1efad65b: checks
Hero: checks
*** RIVER *** [Jd 9s As 2h] [3s]
1efad65b: bets $39
Hero: folds
Uncalled bet ($39) returned to 1efad65b
*** SHOWDOWN ***
1efad65b collected $52 from pot
*** SUMMARY ***
Total pot $52
Board [Jd 9s As 2h 3s]
Seat 3: 1efad65b(big blind)won ($52) with Ace-High
Seat 7: dc1700cd folded before Flop (didn't bet)
Seat 1: Hero folded on the River
Seat 2: 25d08966(small blind) folded before Flop



Poker Hand #ring_876765183: NLH No Limit ($2/$4) - 2025/05/14 12:21:40
Table 'MR NLH BOMBPOT 2/4' 7-max Seat #7 is the button
Seat 3: 1efad65b ($885.95 in chips)
Seat 7: dc1700cd ($651.72 in chips)
Seat 1: Hero ($782.75 in chips)
Seat 2: 25d08966 ($800 in chips)
Hero: posts small blind $2
25d08966: posts big blind $4
*** HOLE CARDS ***
Dealt to 1efad65b 
Dealt to dc1700cd 
Dealt to Hero [Js 8s]
Dealt to 25d08966 
1efad65b: raises $8 to $12
dc1700cd: folds
Hero: folds
25d08966: raises $28 to $40
1efad65b: calls $28
*** FLOP *** [3c Ac Qs]
25d08966: bets $27.06
1efad65b: folds
Uncalled bet ($27.06) returned to 25d08966
*** SHOWDOWN ***
25d08966 collected $82 from pot
*** SUMMARY ***
Total pot $82
Board [3c Ac Qs]
Seat 3: 1efad65b folded on the Flop
Seat 7: dc1700cd folded before Flop (didn't bet)
Seat 1: Hero(small blind) folded before Flop
Seat 2: 25d08966(big blind)won ($82) with Pair of Aces and Pair of Queens



Poker Hand #ring_876764691: NLH No Limit ($2/$4) - 2025/05/14 12:21:07
Table 'MR NLH BOMBPOT 2/4' 7-max Seat #3 is the button
Seat 3: 1efad65b ($885.95 in chips)
Seat 7: dc1700cd ($601.58 in chips)
Seat 1: Hero ($786.75 in chips)
Seat 2: 25d08966 ($800 in chips)
dc1700cd: posts small blind $2
Hero: posts big blind $4
*** HOLE CARDS ***
Dealt to 1efad65b 
Dealt to dc1700cd 
Dealt to Hero [5d 2c]
Dealt to 25d08966 
25d08966: raises $12 to $16
1efad65b: folds
dc1700cd: raises $36 to $52
Hero: folds
25d08966: calls $36
*** FLOP *** [Qd 4c 6d]
dc1700cd: bets $35.64
25d08966: folds
Uncalled bet ($35.64) returned to dc1700cd
*** SHOWDOWN ***
dc1700cd collected $108 from pot
*** SUMMARY ***
Total pot $108
Board [Qd 4c 6d]
Seat 3: 1efad65b folded before Flop (didn't bet)
Seat 7: dc1700cd(small blind)won ($108) with King-High
Seat 1: Hero(big blind) folded before Flop
Seat 2: 25d08966 folded on the Flop



Poker Hand #ring_876764301: NLH No Limit ($2/$4) - 2025/05/14 12:20:42
Table 'MR NLH BOMBPOT 2/4' 7-max Seat #2 is the button
Seat 3: 1efad65b ($887.95 in chips)
Seat 7: dc1700cd ($605.58 in chips)
Seat 1: Hero ($780.75 in chips)
Seat 2: 25d08966 ($800 in chips)
1efad65b: posts small blind $2
dc1700cd: posts big blind $4
*** HOLE CARDS ***
Dealt to 1efad65b 
Dealt to dc1700cd 
Dealt to Hero [Kd Jd]
Dealt to 25d08966 
Hero: raises $8 to $12
25d08966: folds
1efad65b: folds
dc1700cd: folds
Uncalled bet ($8) returned to Hero
*** SHOWDOWN ***
Hero collected $10 from pot
*** SUMMARY ***
Total pot $10
Seat 3: 1efad65b(small blind) folded before Flop
Seat 7: dc1700cd(big blind) folded before Flop
Seat 1: Herowon ($10)
Seat 2: 25d08966 folded before Flop (didn't bet)



Poker Hand #ring_876762974: NLH No Limit ($2/$4) - 2025/05/14 12:19:18
Table 'MR NLH BOMBPOT 2/4' 7-max Seat #1 is the button
Seat 3: 1efad65b ($907.95 in chips)
Seat 7: dc1700cd ($665.58 in chips)
Seat 1: Hero ($650.75 in chips)
Seat 2: 25d08966 ($776 in chips)
25d08966: posts the ante $20
1efad65b: posts the ante $20
dc1700cd: posts the ante $20
Hero: posts the ante $20
*** HOLE CARDS ***
Dealt to 1efad65b 
Dealt to dc1700cd 
Dealt to Hero [Js Td]
Dealt to 25d08966 
*** FLOP *** [As Ac Qs]
25d08966: checks
1efad65b: checks
dc1700cd: checks
Hero: checks
*** TURN *** [As Ac Qs] [9c]
25d08966: checks
1efad65b: checks
dc1700cd: bets $40
Hero: calls $40
25d08966: calls $40
1efad65b: folds
*** RIVER *** [As Ac Qs 9c] [6c]
25d08966: checks
dc1700cd: checks
Hero: bets $100
25d08966: folds
dc1700cd: folds
Uncalled bet ($100) returned to Hero
*** SHOWDOWN ***
Hero collected $200 from pot
*** SUMMARY ***
Total pot $200
Board [As Ac Qs 9c 6c]
Seat 3: 1efad65b(big blind) folded on the Turn
Seat 7: dc1700cd folded on the River
Seat 1: Herowon ($200) with Pair of Aces
Seat 2: 25d08966(small blind) folded on the River



Poker Hand #ring_876762002: NLH No Limit ($2/$4) - 2025/05/14 12:18:17
Table 'MR NLH BOMBPOT 2/4' 7-max Seat #7 is the button
Seat 3: 1efad65b ($907.95 in chips)
Seat 7: dc1700cd ($642.83 in chips)
Seat 1: Hero ($652.75 in chips)
Seat 2: 25d08966 ($800 in chips)
Hero: posts small blind $2
25d08966: posts big blind $4
*** HOLE CARDS ***
Dealt to 1efad65b 
Dealt to dc1700cd 
Dealt to Hero [Kh 5h]
Dealt to 25d08966 
1efad65b: folds
dc1700cd: raises $8 to $12
Hero: folds
25d08966: calls $8
*** FLOP *** [9c Ah 9d]
25d08966: checks
dc1700cd: checks
*** TURN *** [9c Ah 9d] [Qd]
25d08966: checks
dc1700cd: bets $12
25d08966: calls $12
*** RIVER *** [9c Ah 9d Qd] [2c]
25d08966: checks
dc1700cd: checks
25d08966: shows [Kd 8d]
dc1700cd: shows [7h 7c]
*** SHOWDOWN ***
dc1700cd collected $50 from pot
*** SUMMARY ***
Total pot $50
Board [9c Ah 9d Qd 2c]
Seat 3: 1efad65b folded before Flop (didn't bet)
Seat 7: dc1700cd showed [7h 7c] and won ($50) with Pair of Nines and Pair of Sevens
Seat 1: Hero(small blind) folded before Flop
Seat 2: 25d08966(big blind) showed [Kd 8d] and lost with Pair of Nines



Poker Hand #ring_876761303: NLH No Limit ($2/$4) - 2025/05/14 12:17:32
Table 'MR NLH BOMBPOT 2/4' 7-max Seat #3 is the button
Seat 3: 1efad65b ($907.95 in chips)
Seat 7: dc1700cd ($560.25 in chips)
Seat 1: Hero ($656.75 in chips)
Seat 2: 25d08966 ($756 in chips)
dc1700cd: posts small blind $2
Hero: posts big blind $4
*** HOLE CARDS ***
Dealt to 1efad65b 
Dealt to dc1700cd 
Dealt to Hero [5c 4s]
Dealt to 25d08966 
25d08966: raises $12 to $16
1efad65b: folds
dc1700cd: raises $36 to $52
Hero: folds
25d08966: calls $36
*** FLOP *** [Jd Ac Th]
dc1700cd: bets $35.64
25d08966: calls $35.64
*** TURN *** [Jd Ac Th] [5h]
dc1700cd: bets $89.64
25d08966: folds
Uncalled bet ($89.64) returned to dc1700cd
*** SHOWDOWN ***
dc1700cd collected $179.28 from pot
*** SUMMARY ***
Total pot $179.28
Board [Jd Ac Th 5h]
Seat 3: 1efad65b folded before Flop (didn't bet)
Seat 7: dc1700cd(small blind)won ($179.28) with Pair of Tens
Seat 1: Hero(big blind) folded before Flop
Seat 2: 25d08966 folded on the Turn



Poker Hand #ring_876760256: NLH No Limit ($2/$4) - 2025/05/14 12:16:26
Table 'MR NLH BOMBPOT 2/4' 7-max Seat #2 is the button
Seat 3: 1efad65b ($693.76 in chips)
Seat 7: dc1700cd ($739 in chips)
Seat 1: Hero ($711.75 in chips)
Seat 2: 25d08966 ($756 in chips)
1efad65b: posts small blind $2
dc1700cd: posts big blind $4
*** HOLE CARDS ***
Dealt to 1efad65b 
Dealt to dc1700cd 
Dealt to Hero [Qh Ad]
Dealt to 25d08966 
Hero: raises $8 to $12
25d08966: folds
1efad65b: raises $43 to $55
dc1700cd: calls $51
Hero: calls $43
*** FLOP *** [2h 9c 5s]
1efad65b: checks
dc1700cd: checks
Hero: checks
*** TURN *** [2h 9c 5s] [Js]
1efad65b: bets $123.75
dc1700cd: calls $123.75
Hero: folds
*** RIVER *** [2h 9c 5s Js] [Ah]
1efad65b: checks
dc1700cd: checks
1efad65b: shows [Kh Ks]
dc1700cd: shows [7d 7h]
Hero: shows [Ad]
*** SHOWDOWN ***
1efad65b collected $412.5 from pot
*** SUMMARY ***
Total pot $412.5
Board [2h 9c 5s Js Ah]
Seat 3: 1efad65b(small blind) showed [Kh Ks] and won ($412.5) with Pair of Kings
Seat 7: dc1700cd(big blind) showed [7d 7h] and lost with Pair of Sevens
Seat 1: Hero folded on the Turn
Seat 2: 25d08966 folded before Flop (didn't bet)



Poker Hand #ring_876759228: NLH No Limit ($2/$4) - 2025/05/14 12:15:22
Table 'MR NLH BOMBPOT 2/4' 7-max Seat #1 is the button
Seat 3: 1efad65b ($670.1 in chips)
Seat 7: dc1700cd ($764 in chips)
Seat 1: Hero ($711.75 in chips)
Seat 2: 25d08966 ($758 in chips)
25d08966: posts small blind $2
1efad65b: posts big blind $4
*** HOLE CARDS ***
Dealt to 1efad65b 
Dealt to dc1700cd 
Dealt to Hero [7s Qd]
Dealt to 25d08966 
dc1700cd: raises $8 to $12
Hero: folds
25d08966: folds
1efad65b: calls $8
*** FLOP *** [Ac 5d 8c]
1efad65b: checks
dc1700cd: bets $13
1efad65b: raises $39 to $52
dc1700cd: folds
Uncalled bet ($39) returned to 1efad65b
*** SHOWDOWN ***
1efad65b collected $52 from pot
*** SUMMARY ***
Total pot $52
Board [Ac 5d 8c]
Seat 3: 1efad65b(big blind)won ($52) with Pair of Aces and Pair of Fives
Seat 7: dc1700cd folded on the Flop
Seat 1: Hero folded before Flop (didn't bet)
Seat 2: 25d08966(small blind) folded before Flop



Poker Hand #ring_876758945: NLH No Limit ($2/$4) - 2025/05/14 12:15:05
Table 'MR NLH BOMBPOT 2/4' 7-max Seat #7 is the button
Seat 3: 1efad65b ($664.1 in chips)
Seat 7: dc1700cd ($764 in chips)
Seat 1: Hero ($713.75 in chips)
Seat 2: 25d08966 ($762 in chips)
Hero: posts small blind $2
25d08966: posts big blind $4
*** HOLE CARDS ***
Dealt to 1efad65b 
Dealt to dc1700cd 
Dealt to Hero [Kh 3s]
Dealt to 25d08966 
1efad65b: raises $6 to $10
dc1700cd: folds
Hero: folds
25d08966: folds
Uncalled bet ($6) returned to 1efad65b
*** SHOWDOWN ***
1efad65b collected $10 from pot
*** SUMMARY ***
Total pot $10
Seat 3: 1efad65bwon ($10)
Seat 7: dc1700cd folded before Flop (didn't bet)
Seat 1: Hero(small blind) folded before Flop
Seat 2: 25d08966(big blind) folded before Flop



Poker Hand #ring_876758520: NLH No Limit ($2/$4) - 2025/05/14 12:14:39
Table 'MR NLH BOMBPOT 2/4' 7-max Seat #3 is the button
Seat 3: 1efad65b ($664.1 in chips)
Seat 7: dc1700cd ($766 in chips)
Seat 1: Hero ($717.75 in chips)
Seat 2: 25d08966 ($756 in chips)
dc1700cd: posts small blind $2
Hero: posts big blind $4
*** HOLE CARDS ***
Dealt to 1efad65b 
Dealt to dc1700cd 
Dealt to Hero [6c 4h]
Dealt to 25d08966 
25d08966: raises $12 to $16
1efad65b: folds
dc1700cd: folds
Hero: folds
Uncalled bet ($12) returned to 25d08966
*** SHOWDOWN ***
25d08966 collected $10 from pot
*** SUMMARY ***
Total pot $10
Seat 3: 1efad65b folded before Flop (didn't bet)
Seat 7: dc1700cd(small blind) folded before Flop
Seat 1: Hero(big blind) folded before Flop
Seat 2: 25d08966won ($10)



Poker Hand #ring_876757797: NLH No Limit ($2/$4) - 2025/05/14 12:13:55
Table 'MR NLH BOMBPOT 2/4' 7-max Seat #2 is the button
Seat 3: 1efad65b ($637.8 in chips)
Seat 7: dc1700cd ($796 in chips)
Seat 1: Hero ($717.75 in chips)
Seat 2: 25d08966 ($756 in chips)
1efad65b: posts small blind $2
dc1700cd: posts big blind $4
*** HOLE CARDS ***
Dealt to 1efad65b 
Dealt to dc1700cd 
Dealt to Hero [7c 8d]
Dealt to 25d08966 
Hero: folds
25d08966: folds
1efad65b: raises $8 to $12
dc1700cd: calls $8
*** FLOP *** [Js Td Qh]
1efad65b: checks
dc1700cd: checks
*** TURN *** [Js Td Qh] [9d]
1efad65b: checks
dc1700cd: checks
*** RIVER *** [Js Td Qh 9d] [9c]
1efad65b: bets $18
dc1700cd: calls $18
1efad65b: shows [Kc Jc]
dc1700cd: shows [Ah Qd]
Hero: shows [7c 8d]
*** SHOWDOWN ***
1efad65b collected $60 from pot
*** SUMMARY ***
Total pot $60
Board [Js Td Qh 9d 9c]
Seat 3: 1efad65b(small blind) showed [Kc Jc] and won ($60) with Kings-High Straight
Seat 7: dc1700cd(big blind) showed [Ah Qd] and lost with Pair of Queens and Pair of Nines
Seat 1: Hero folded before Flop (didn't bet)
Seat 2: 25d08966 folded before Flop (didn't bet)



Poker Hand #ring_876757450: NLH No Limit ($2/$4) - 2025/05/14 12:13:32
Table 'MR NLH BOMBPOT 2/4' 7-max Seat #1 is the button
Seat 3: 1efad65b ($631.8 in chips)
Seat 7: dc1700cd ($800 in chips)
Seat 1: Hero ($717.75 in chips)
Seat 2: 25d08966 ($758 in chips)
25d08966: posts small blind $2
1efad65b: posts big blind $4
dc1700cd: posts big blind $4
*** HOLE CARDS ***
Dealt to 1efad65b 
Dealt to dc1700cd 
Dealt to Hero [Qc 7h]
Dealt to 25d08966 
dc1700cd: checks
Hero: folds
25d08966: folds
1efad65b: raises $12 to $16
dc1700cd: folds
Uncalled bet ($12) returned to 1efad65b
*** SHOWDOWN ***
1efad65b collected $10 from pot
*** SUMMARY ***
Total pot $10
Seat 3: 1efad65b(big blind)won ($10)
Seat 7: dc1700cd folded before Flop
Seat 1: Hero folded before Flop (didn't bet)
Seat 2: 25d08966(small blind) folded before Flop



Poker Hand #ring_876756481: NLH No Limit ($2/$4) - 2025/05/14 12:12:33
Table 'MR NLH BOMBPOT 2/4' 7-max Seat #3 is the button
Seat 3: 1efad65b ($649.72 in chips)
Seat 1: Hero ($697.62 in chips)
Seat 2: 25d08966 ($762 in chips)
Hero: posts small blind $2
25d08966: posts big blind $4
*** HOLE CARDS ***
Dealt to 1efad65b 
Dealt to Hero [Ah 9h]
Dealt to 25d08966 
1efad65b: raises $6 to $10
Hero: calls $8
25d08966: folds
*** FLOP *** [5d 7c 4h]
Hero: checks
1efad65b: bets $7.92
Hero: calls $7.92
*** TURN *** [5d 7c 4h] [8c]
Hero: checks
1efad65b: checks
*** RIVER *** [5d 7c 4h 8c] [5h]
Hero: bets $11.96
1efad65b: folds
Uncalled bet ($11.96) returned to Hero
*** SHOWDOWN ***
Hero collected $39.84 from pot
*** SUMMARY ***
Total pot $39.84
Board [5d 7c 4h 8c 5h]
Seat 3: 1efad65b folded on the River
Seat 1: Hero(small blind)won ($39.84) with Pair of Fives
Seat 2: 25d08966(big blind) folded before Flop



Poker Hand #ring_876756127: NLH No Limit ($2/$4) - 2025/05/14 12:12:11
Table 'MR NLH BOMBPOT 2/4' 7-max Seat #2 is the button
Seat 3: 1efad65b ($669.72 in chips)
Seat 1: Hero ($660.32 in chips)
Seat 2: 25d08966 ($782 in chips)
1efad65b: posts the ante $20
Hero: posts the ante $20
25d08966: posts the ante $20
*** HOLE CARDS ***
Dealt to 1efad65b 
Dealt to Hero [6d 5s]
Dealt to 25d08966 
*** FLOP *** [8s 3c 3h]
1efad65b: checks
Hero: bets $30
25d08966: folds
1efad65b: folds
Uncalled bet ($30) returned to Hero
*** SHOWDOWN ***
Hero collected $60 from pot
*** SUMMARY ***
Total pot $60
Board [8s 3c 3h]
Seat 3: 1efad65b(small blind) folded on the Flop
Seat 1: Hero(big blind)won ($60) with Pair of Treys
Seat 2: 25d08966 folded on the Flop



Poker Hand #ring_876755812: NLH No Limit ($2/$4) - 2025/05/14 12:11:52
Table 'MR NLH BOMBPOT 2/4' 7-max Seat #1 is the button
Seat 3: 1efad65b ($667.72 in chips)
Seat 1: Hero ($660.32 in chips)
Seat 2: 25d08966 ($784 in chips)
25d08966: posts small blind $2
1efad65b: posts big blind $4
*** HOLE CARDS ***
Dealt to 1efad65b 
Dealt to Hero [2d Jc]
Dealt to 25d08966 
Hero: folds
25d08966: folds
*** SHOWDOWN ***
1efad65b collected $6 from pot
*** SUMMARY ***
Total pot $6
Seat 3: 1efad65b(big blind)won ($6)
Seat 1: Hero folded before Flop (didn't bet)
Seat 2: 25d08966(small blind) folded before Flop



Poker Hand #ring_876755582: NLH No Limit ($2/$4) - 2025/05/14 12:11:38
Table 'MR NLH BOMBPOT 2/4' 7-max Seat #3 is the button
Seat 3: 1efad65b ($661.72 in chips)
Seat 1: Hero ($662.32 in chips)
Seat 2: 25d08966 ($788 in chips)
Hero: posts small blind $2
25d08966: posts big blind $4
*** HOLE CARDS ***
Dealt to 1efad65b 
Dealt to Hero [3c 5s]
Dealt to 25d08966 
1efad65b: raises $6 to $10
Hero: folds
25d08966: folds
Uncalled bet ($6) returned to 1efad65b
*** SHOWDOWN ***
1efad65b collected $10 from pot
*** SUMMARY ***
Total pot $10
Seat 3: 1efad65bwon ($10)
Seat 1: Hero(small blind) folded before Flop
Seat 2: 25d08966(big blind) folded before Flop



Poker Hand #ring_876754908: NLH No Limit ($2/$4) - 2025/05/14 12:10:57
Table 'MR NLH BOMBPOT 2/4' 7-max Seat #3 is the button
Seat 3: 1efad65b ($628.52 in chips)
Seat 1: Hero ($686.2 in chips)
Seat 2: 25d08966 ($800 in chips)
1efad65b: posts small blind $2
Hero: posts big blind $4
25d08966: posts big blind $4
*** HOLE CARDS ***
Dealt to 1efad65b 
Dealt to Hero [Ah 8d]
Dealt to 25d08966 
25d08966: checks
1efad65b: raises $8 to $12
Hero: calls $8
25d08966: calls $8
*** FLOP *** [3h 2s 6s]
Hero: checks
25d08966: checks
1efad65b: checks
*** TURN *** [3h 2s 6s] [As]
Hero: checks
25d08966: checks
1efad65b: checks
*** RIVER *** [3h 2s 6s As] [Js]
Hero: checks
25d08966: checks
1efad65b: bets $11.88
Hero: calls $11.88
25d08966: folds
Hero: shows [Ah 8d]
1efad65b: shows [Qd 8s]
*** SHOWDOWN ***
1efad65b collected $59.76 from pot
*** SUMMARY ***
Total pot $59.76
Board [3h 2s 6s As Js]
Seat 3: 1efad65b(small blind) showed [Qd 8s] and won ($59.76) with Ace High Flush
Seat 1: Hero(big blind) showed [Ah 8d] and lost with Pair of Aces
Seat 2: 25d08966 folded on the River



Poker Hand #ring_876754427: NLH No Limit ($2/$4) - 2025/05/14 12:10:28
Table 'MR NLH BOMBPOT 2/4' 7-max Seat #1 is the button
Seat 3: 1efad65b ($648.52 in chips)
Seat 1: Hero ($667.1 in chips)
Hero: posts small blind $2
1efad65b: posts big blind $4
*** HOLE CARDS ***
Dealt to 1efad65b 
Dealt to Hero [Ks Qh]
Hero: raises $6 to $10
1efad65b: calls $6
*** FLOP *** [7s Js Kh]
1efad65b: checks
Hero: bets $10
1efad65b: calls $10
*** TURN *** [7s Js Kh] [9d]
1efad65b: checks
Hero: bets $26
1efad65b: folds
Uncalled bet ($26) returned to Hero
*** SHOWDOWN ***
Hero collected $40 from pot
*** SUMMARY ***
Total pot $40
Board [7s Js Kh 9d]
Seat 3: 1efad65b(big blind) folded on the Turn
Seat 1: Hero(small blind)won ($40) with Pair of Kings



Poker Hand #ring_876754191: NLH No Limit ($2/$4) - 2025/05/14 12:10:15
Table 'MR NLH BOMBPOT 2/4' 7-max Seat #3 is the button
Seat 3: 1efad65b ($644.52 in chips)
Seat 1: Hero ($671.1 in chips)
1efad65b: posts small blind $2
Hero: posts big blind $4
*** HOLE CARDS ***
Dealt to 1efad65b 
Dealt to Hero [Jc 7s]
1efad65b: raises $8 to $12
Hero: folds
Uncalled bet ($8) returned to 1efad65b
*** SHOWDOWN ***
1efad65b collected $8 from pot
*** SUMMARY ***
Total pot $8
Seat 3: 1efad65b(small blind)won ($8)
Seat 1: Hero(big blind) folded before Flop



Poker Hand #ring_876754036: NLH No Limit ($2/$4) - 2025/05/14 12:10:04
Table 'MR NLH BOMBPOT 2/4' 7-max Seat #1 is the button
Seat 3: 1efad65b ($642.52 in chips)
Seat 1: Hero ($673.1 in chips)
Hero: posts small blind $2
1efad65b: posts big blind $4
*** HOLE CARDS ***
Dealt to 1efad65b 
Dealt to Hero [7d 4c]
Hero: folds
*** SHOWDOWN ***
1efad65b collected $6 from pot
*** SUMMARY ***
Total pot $6
Seat 3: 1efad65b(big blind)won ($6)
Seat 1: Hero(small blind) folded before Flop



Poker Hand #ring_876753823: NLH No Limit ($2/$4) - 2025/05/14 12:09:52
Table 'MR NLH BOMBPOT 2/4' 7-max Seat #3 is the button
Seat 3: 1efad65b ($644.52 in chips)
Seat 1: Hero ($671.1 in chips)
1efad65b: posts small blind $2
Hero: posts big blind $4
*** HOLE CARDS ***
Dealt to 1efad65b 
Dealt to Hero [5s 7h]
1efad65b: folds
Hero: shows [5s]
*** SHOWDOWN ***
Hero collected $6 from pot
*** SUMMARY ***
Total pot $6
Seat 3: 1efad65b(small blind) folded before Flop
Seat 1: Hero(big blind) showed [5s] and won ($6)



Poker Hand #ring_876753593: NLH No Limit ($2/$4) - 2025/05/14 12:09:38
Table 'MR NLH BOMBPOT 2/4' 7-max Seat #1 is the button
Seat 3: 1efad65b ($634.52 in chips)
Seat 1: Hero ($681.1 in chips)
Hero: posts small blind $2
1efad65b: posts big blind $4
*** HOLE CARDS ***
Dealt to 1efad65b 
Dealt to Hero [7s 5d]
Hero: raises $6 to $10
1efad65b: raises $26.6 to $36.6
Hero: folds
Uncalled bet ($26.6) returned to 1efad65b
*** SHOWDOWN ***
1efad65b collected $20 from pot
*** SUMMARY ***
Total pot $20
Seat 3: 1efad65b(big blind)won ($20)
Seat 1: Hero(small blind) folded before Flop



Poker Hand #ring_876753063: NLH No Limit ($2/$4) - 2025/05/14 12:09:08
Table 'MR NLH BOMBPOT 2/4' 7-max Seat #3 is the button
Seat 3: 1efad65b ($646.52 in chips)
Seat 1: Hero ($669.64 in chips)
1efad65b: posts small blind $2
Hero: posts big blind $4
*** HOLE CARDS ***
Dealt to 1efad65b 
Dealt to Hero [4c 6c]
1efad65b: raises $8 to $12
Hero: calls $8
*** FLOP *** [9c Qh 9s]
Hero: bets $12
1efad65b: folds
Uncalled bet ($12) returned to Hero
*** SHOWDOWN ***
Hero collected $24 from pot
*** SUMMARY ***
Total pot $24
Board [9c Qh 9s]
Seat 3: 1efad65b(small blind) folded on the Flop
Seat 1: Hero(big blind)won ($24) with Pair of Nines



Poker Hand #ring_876752823: NLH No Limit ($2/$4) - 2025/05/14 12:08:53
Table 'MR NLH BOMBPOT 2/4' 7-max Seat #1 is the button
Seat 3: 1efad65b ($627.42 in chips)
Seat 1: Hero ($689.64 in chips)
1efad65b: posts the ante $20
Hero: posts the ante $20
*** HOLE CARDS ***
Dealt to 1efad65b 
Dealt to Hero [9c 6h]
*** FLOP *** [8s 3s 3c]
1efad65b: bets $20
Hero: folds
Uncalled bet ($20) returned to 1efad65b
*** SHOWDOWN ***
1efad65b collected $40 from pot
*** SUMMARY ***
Total pot $40
Board [8s 3s 3c]
Seat 3: 1efad65b(big blind)won ($40) with Pair of Eights and Pair of Treys
Seat 1: Hero(small blind) folded on the Flop



Poker Hand #ring_876752646: NLH No Limit ($2/$4) - 2025/05/14 12:08:43
Table 'MR NLH BOMBPOT 2/4' 7-max Seat #3 is the button
Seat 3: 1efad65b ($629.42 in chips)
Seat 1: Hero ($687.64 in chips)
1efad65b: posts small blind $2
Hero: posts big blind $4
*** HOLE CARDS ***
Dealt to 1efad65b 
Dealt to Hero [9c Qs]
1efad65b: folds
*** SHOWDOWN ***
Hero collected $6 from pot
*** SUMMARY ***
Total pot $6
Seat 3: 1efad65b(small blind) folded before Flop
Seat 1: Hero(big blind)won ($6)



Poker Hand #ring_876752480: NLH No Limit ($2/$4) - 2025/05/14 12:08:33
Table 'MR NLH BOMBPOT 2/4' 7-max Seat #1 is the button
Seat 3: 1efad65b ($627.42 in chips)
Seat 1: Hero ($689.64 in chips)
Hero: posts small blind $2
1efad65b: posts big blind $4
*** HOLE CARDS ***
Dealt to 1efad65b 
Dealt to Hero [6s Th]
Hero: folds
*** SHOWDOWN ***
1efad65b collected $6 from pot
*** SUMMARY ***
Total pot $6
Seat 3: 1efad65b(big blind)won ($6)
Seat 1: Hero(small blind) folded before Flop



Poker Hand #ring_876752083: NLH No Limit ($2/$4) - 2025/05/14 12:08:10
Table 'MR NLH BOMBPOT 2/4' 7-max Seat #3 is the button
Seat 3: 1efad65b ($623.42 in chips)
Seat 1: Hero ($693.64 in chips)
1efad65b: posts small blind $2
Hero: posts big blind $4
*** HOLE CARDS ***
Dealt to 1efad65b 
Dealt to Hero [9d 3d]
1efad65b: raises $8 to $12
Hero: folds
Uncalled bet ($8) returned to 1efad65b
*** SHOWDOWN ***
1efad65b collected $8 from pot
*** SUMMARY ***
Total pot $8
Seat 3: 1efad65b(small blind)won ($8)
Seat 1: Hero(big blind) folded before Flop



Poker Hand #ring_876751582: NLH No Limit ($2/$4) - 2025/05/14 12:07:38
Table 'MR NLH BOMBPOT 2/4' 7-max Seat #4 is the button
Seat 3: 1efad65b ($602.78 in chips)
Seat 1: Hero ($695.64 in chips)
Seat 4: 4b40c976 ($804.83 in chips)
Hero: posts small blind $2
1efad65b: posts big blind $4
*** HOLE CARDS ***
Dealt to 1efad65b 
Dealt to Hero [8h Jd]
Dealt to 4b40c976 
4b40c976: raises $8 to $12
Hero: folds
1efad65b: calls $8
*** FLOP *** [3d 7s 8s]
1efad65b: checks
4b40c976: bets $8.58
1efad65b: raises $24.42 to $33
4b40c976: folds
Uncalled bet ($24.42) returned to 1efad65b
*** SHOWDOWN ***
1efad65b collected $43.16 from pot
*** SUMMARY ***
Total pot $43.16
Board [3d 7s 8s]
Seat 3: 1efad65b(big blind)won ($43.16) with Pair of Sevens
Seat 1: Hero(small blind) folded before Flop
Seat 4: 4b40c976 folded on the Flop



Poker Hand #ring_876751355: NLH No Limit ($2/$4) - 2025/05/14 12:07:25
Table 'MR NLH BOMBPOT 2/4' 7-max Seat #3 is the button
Seat 3: 1efad65b ($596.78 in chips)
Seat 1: Hero ($699.64 in chips)
Seat 4: 4b40c976 ($806.83 in chips)
4b40c976: posts small blind $2
Hero: posts big blind $4
*** HOLE CARDS ***
Dealt to 1efad65b 
Dealt to Hero [3c 4s]
Dealt to 4b40c976 
1efad65b: raises $8 to $12
4b40c976: folds
Hero: folds
Uncalled bet ($8) returned to 1efad65b
*** SHOWDOWN ***
1efad65b collected $10 from pot
*** SUMMARY ***
Total pot $10
Seat 3: 1efad65bwon ($10)
Seat 1: Hero(big blind) folded before Flop
Seat 4: 4b40c976(small blind) folded before Flop



Poker Hand #ring_876751078: NLH No Limit ($2/$4) - 2025/05/14 12:07:08
Table 'MR NLH BOMBPOT 2/4' 7-max Seat #1 is the button
Seat 3: 1efad65b ($592.78 in chips)
Seat 1: Hero ($699.64 in chips)
Seat 4: 4b40c976 ($810.83 in chips)
1efad65b: posts small blind $2
4b40c976: posts big blind $4
*** HOLE CARDS ***
Dealt to 1efad65b 
Dealt to Hero [Ts 5d]
Dealt to 4b40c976 
Hero: folds
1efad65b: raises $8 to $12
4b40c976: folds
Uncalled bet ($8) returned to 1efad65b
*** SHOWDOWN ***
1efad65b collected $8 from pot
*** SUMMARY ***
Total pot $8
Seat 3: 1efad65b(small blind)won ($8)
Seat 1: Hero folded before Flop (didn't bet)
Seat 4: 4b40c976(big blind) folded before Flop



Poker Hand #ring_876750693: NLH No Limit ($2/$4) - 2025/05/14 12:06:43
Table 'MR NLH BOMBPOT 2/4' 7-max Seat #4 is the button
Seat 3: 1efad65b ($604.78 in chips)
Seat 1: Hero ($701.64 in chips)
Seat 4: 4b40c976 ($798 in chips)
Hero: posts small blind $2
1efad65b: posts big blind $4
*** HOLE CARDS ***
Dealt to 1efad65b 
Dealt to Hero [Qh 5c]
Dealt to 4b40c976 
4b40c976: raises $8 to $12
Hero: folds
1efad65b: calls $8
*** FLOP *** [7h 2d 4s]
1efad65b: checks
4b40c976: bets $8.58
1efad65b: folds
Uncalled bet ($8.58) returned to 4b40c976
*** SHOWDOWN ***
4b40c976 collected $26 from pot
*** SUMMARY ***
Total pot $26
Board [7h 2d 4s]
Seat 3: 1efad65b(big blind) folded on the Flop
Seat 1: Hero(small blind) folded before Flop
Seat 4: 4b40c976won ($26) with Pair of Kings



Poker Hand #ring_876750161: NLH No Limit ($2/$4) - 2025/05/14 12:06:10
Table 'MR NLH BOMBPOT 2/4' 7-max Seat #3 is the button
Seat 3: 1efad65b ($614.78 in chips)
Seat 1: Hero ($690.63 in chips)
Seat 4: 4b40c976 ($800 in chips)
4b40c976: posts small blind $2
Hero: posts big blind $4
*** HOLE CARDS ***
Dealt to 1efad65b 
Dealt to Hero [8d Jd]
Dealt to 4b40c976 
1efad65b: raises $6 to $10
4b40c976: folds
Hero: calls $6
*** FLOP *** [5d 7h 6h]
Hero: checks
1efad65b: checks
*** TURN *** [5d 7h 6h] [5s]
Hero: checks
1efad65b: checks
*** RIVER *** [5d 7h 6h 5s] [8c]
Hero: checks
1efad65b: checks
Hero: shows [8d Jd]
1efad65b: shows [Td Jc]
*** SHOWDOWN ***
Hero collected $22 from pot
*** SUMMARY ***
Total pot $22
Board [5d 7h 6h 5s 8c]
Seat 3: 1efad65b showed [Td Jc] and lost with Pair of Fives
Seat 1: Hero(big blind) showed [8d Jd] and won ($22) with Pair of Eights and Pair of Fives
Seat 4: 4b40c976(small blind) folded before Flop



Poker Hand #ring_876749743: NLH No Limit ($2/$4) - 2025/05/14 12:05:44
Table 'MR NLH BOMBPOT 2/4' 7-max Seat #1 is the button
Seat 3: 1efad65b ($616.78 in chips)
Seat 1: Hero ($677.8 in chips)
Seat 4: 4b40c976 ($800 in chips)
1efad65b: posts small blind $2
4b40c976: posts big blind $4
*** HOLE CARDS ***
Dealt to 1efad65b 
Dealt to Hero [5c 7c]
Dealt to 4b40c976 
Hero: raises $8 to $12
1efad65b: folds
4b40c976: calls $8
*** FLOP *** [5d Tc 7s]
4b40c976: checks
Hero: bets $13
4b40c976: folds
Uncalled bet ($13) returned to Hero
*** SHOWDOWN ***
Hero collected $26 from pot
*** SUMMARY ***
Total pot $26
Board [5d Tc 7s]
Seat 3: 1efad65b(small blind) folded before Flop
Seat 1: Herowon ($26) with Pair of Sevens and Pair of Fives
Seat 4: 4b40c976(big blind) folded on the Flop



Poker Hand #ring_876749004: NLH No Limit ($2/$4) - 2025/05/14 12:04:59
Table 'MR NLH BOMBPOT 2/4' 7-max Seat #4 is the button
Seat 3: 1efad65b ($681.78 in chips)
Seat 1: Hero ($599.55 in chips)
Seat 4: 4b40c976 ($807.67 in chips)
Hero: posts the ante $20
1efad65b: posts the ante $20
4b40c976: posts the ante $20
*** HOLE CARDS ***
Dealt to 1efad65b 
Dealt to Hero [4c Th]
Dealt to 4b40c976 
*** FLOP *** [7h Td Qd]
Hero: checks
1efad65b: checks
4b40c976: checks
*** TURN *** [7h Td Qd] [5d]
Hero: checks
1efad65b: bets $45
4b40c976: folds
Hero: calls $45
*** RIVER *** [7h Td Qd 5d] [Kc]
Hero: checks
1efad65b: checks
Hero: shows [4c Th]
1efad65b: shows [6d 7s]
*** SHOWDOWN ***
Hero collected $150 from pot
*** SUMMARY ***
Total pot $150
Board [7h Td Qd 5d Kc]
Seat 3: 1efad65b(big blind) showed [6d 7s] and lost with Pair of Sevens
Seat 1: Hero(small blind) showed [4c Th] and won ($150) with Pair of Tens
Seat 4: 4b40c976 folded on the Turn



Poker Hand #ring_876748703: NLH No Limit ($2/$4) - 2025/05/14 12:04:41
Table 'MR NLH BOMBPOT 2/4' 7-max Seat #3 is the button
Seat 3: 1efad65b ($681.78 in chips)
Seat 1: Hero ($597.55 in chips)
Seat 4: 4b40c976 ($809.67 in chips)
4b40c976: posts small blind $2
Hero: posts big blind $4
*** HOLE CARDS ***
Dealt to 1efad65b 
Dealt to Hero [Ah 5h]
Dealt to 4b40c976 
1efad65b: folds
4b40c976: folds
*** SHOWDOWN ***
Hero collected $6 from pot
*** SUMMARY ***
Total pot $6
Seat 3: 1efad65b folded before Flop (didn't bet)
Seat 1: Hero(big blind)won ($6)
Seat 4: 4b40c976(small blind) folded before Flop



Poker Hand #ring_876747669: NLH No Limit ($2/$4) - 2025/05/14 12:03:37
Table 'MR NLH BOMBPOT 2/4' 7-max Seat #1 is the button
Seat 3: 1efad65b ($607.16 in chips)
Seat 1: Hero ($597.55 in chips)
Seat 4: 4b40c976 ($891.67 in chips)
1efad65b: posts small blind $2
4b40c976: posts big blind $4
*** HOLE CARDS ***
Dealt to 1efad65b 
Dealt to Hero [5s 4h]
Dealt to 4b40c976 
Hero: folds
1efad65b: raises $8 to $12
4b40c976: calls $8
*** FLOP *** [Th Td 8c]
1efad65b: checks
4b40c976: checks
*** TURN *** [Th Td 8c] [5c]
1efad65b: bets $18
4b40c976: calls $18
*** RIVER *** [Th Td 8c 5c] [8h]
1efad65b: checks
4b40c976: bets $52
1efad65b: raises $92 to $144
4b40c976: folds
Uncalled bet ($92) returned to 1efad65b
4b40c976: shows [8s]
*** SHOWDOWN ***
1efad65b collected $164 from pot
*** SUMMARY ***
Total pot $164
Board [Th Td 8c 5c 8h]
Seat 3: 1efad65b(small blind)won ($164) with Tens Full over Eights
Seat 1: Hero folded before Flop (didn't bet)
Seat 4: 4b40c976(big blind) folded on the River



Poker Hand #ring_876747111: NLH No Limit ($2/$4) - 2025/05/14 12:03:03
Table 'MR NLH BOMBPOT 2/4' 7-max Seat #0 is the button
Seat 3: 1efad65b ($627.16 in chips)
Seat 1: Hero ($579.35 in chips)
Seat 4: 4b40c976 ($891.67 in chips)
Hero: posts small blind $2
1efad65b: posts big blind $4
*** HOLE CARDS ***
Dealt to 1efad65b 
Dealt to Hero [7h Kc]
Dealt to 4b40c976 
4b40c976: folds
Hero: raises $6 to $10
1efad65b: calls $6
*** FLOP *** [5d As 8d]
Hero: checks
1efad65b: checks
*** TURN *** [5d As 8d] [Qs]
Hero: bets $10
1efad65b: calls $10
*** RIVER *** [5d As 8d Qs] [3h]
Hero: checks
1efad65b: checks
Hero: shows [7h Kc]
1efad65b: shows [4s Js]
*** SHOWDOWN ***
Hero collected $40 from pot
*** SUMMARY ***
Total pot $40
Board [5d As 8d Qs 3h]
Seat 3: 1efad65b(big blind) showed [4s Js] and lost with Ace-High
Seat 1: Hero(small blind) showed [7h Kc] and won ($40) with Ace-High
Seat 4: 4b40c976 folded before Flop (didn't bet)



Poker Hand #ring_876746170: NLH No Limit ($2/$4) - 2025/05/14 12:02:06
Table 'MR NLH BOMBPOT 2/4' 7-max Seat #4 is the button
Seat 3: 1efad65b ($637.16 in chips)
Seat 6: 64bb0d15 ($233.74 in chips)
Seat 1: Hero ($558.79 in chips)
Seat 4: 4b40c976 ($901.67 in chips)
64bb0d15: posts small blind $2
Hero: posts big blind $4
*** HOLE CARDS ***
Dealt to 1efad65b 
Dealt to 64bb0d15 
Dealt to Hero [6s Qs]
Dealt to 4b40c976 
1efad65b: raises $6 to $10
4b40c976: calls $10
64bb0d15: folds
Hero: calls $6
*** FLOP *** [Ad As 2d]
Hero: checks
1efad65b: checks
4b40c976: checks
*** TURN *** [Ad As 2d] [Qh]
Hero: checks
1efad65b: checks
4b40c976: checks
*** RIVER *** [Ad As 2d Qh] [2s]
Hero: checks
1efad65b: checks
4b40c976: checks
Hero: shows [6s Qs]
1efad65b: shows [7h 6h]
4b40c976: shows [Kd 8d]
*** SHOWDOWN ***
Hero collected $32 from pot
*** SUMMARY ***
Total pot $32
Board [Ad As 2d Qh 2s]
Seat 3: 1efad65b showed [7h 6h] and lost with Pair of Aces and Pair of Twos
Seat 6: 64bb0d15(small blind) folded before Flop
Seat 1: Hero(big blind) showed [6s Qs] and won ($32) with Pair of Aces and Pair of Queens
Seat 4: 4b40c976 showed [Kd 8d] and lost with Pair of Aces and Pair of Twos



Poker Hand #ring_876745713: NLH No Limit ($2/$4) - 2025/05/14 12:01:37
Table 'MR NLH BOMBPOT 2/4' 7-max Seat #3 is the button
Seat 3: 1efad65b ($637.16 in chips)
Seat 6: 64bb0d15 ($221.74 in chips)
Seat 1: Hero ($558.79 in chips)
Seat 4: 4b40c976 ($913.67 in chips)
4b40c976: posts small blind $2
64bb0d15: posts big blind $4
*** HOLE CARDS ***
Dealt to 1efad65b 
Dealt to 64bb0d15 
Dealt to Hero [6c 2d]
Dealt to 4b40c976 
Hero: folds
1efad65b: folds
4b40c976: raises $8 to $12
64bb0d15: raises $24 to $36
4b40c976: folds
Uncalled bet ($24) returned to 64bb0d15
*** SHOWDOWN ***
64bb0d15 collected $24 from pot
*** SUMMARY ***
Total pot $24
Seat 3: 1efad65b folded before Flop (didn't bet)
Seat 6: 64bb0d15(big blind)won ($24)
Seat 1: Hero folded before Flop (didn't bet)
Seat 4: 4b40c976(small blind) folded before Flop



Poker Hand #ring_876745129: NLH No Limit ($2/$4) - 2025/05/14 12:01:00
Table 'MR NLH BOMBPOT 2/4' 7-max Seat #1 is the button
Seat 3: 1efad65b ($639.16 in chips)
Seat 6: 64bb0d15 ($225.74 in chips)
Seat 1: Hero ($542.14 in chips)
Seat 4: 4b40c976 ($925.67 in chips)
1efad65b: posts small blind $2
4b40c976: posts big blind $4
*** HOLE CARDS ***
Dealt to 1efad65b 
Dealt to 64bb0d15 
Dealt to Hero [Ts Qs]
Dealt to 4b40c976 
64bb0d15: calls $4
Hero: raises $8 to $12
1efad65b: folds
4b40c976: calls $8
64bb0d15: folds
*** FLOP *** [8c Ah 4h]
4b40c976: checks
Hero: bets $15
4b40c976: folds
Uncalled bet ($15) returned to Hero
*** SHOWDOWN ***
Hero collected $30 from pot
*** SUMMARY ***
Total pot $30
Board [8c Ah 4h]
Seat 3: 1efad65b(small blind) folded before Flop
Seat 6: 64bb0d15 folded before Flop
Seat 1: Herowon ($30) with Ace-High
Seat 4: 4b40c976(big blind) folded on the Flop



Poker Hand #ring_876744634: NLH No Limit ($2/$4) - 2025/05/14 12:00:28
Table 'MR NLH BOMBPOT 2/4' 7-max Seat #6 is the button
Seat 3: 1efad65b ($643.16 in chips)
Seat 6: 64bb0d15 ($255.24 in chips)
Seat 1: Hero ($544.14 in chips)
Seat 4: 4b40c976 ($890.17 in chips)
Hero: posts small blind $2
1efad65b: posts big blind $4
*** HOLE CARDS ***
Dealt to 1efad65b 
Dealt to 64bb0d15 
Dealt to Hero [Qh 3s]
Dealt to 4b40c976 
4b40c976: raises $6 to $10
64bb0d15: raises $19.5 to $29.5
Hero: folds
1efad65b: folds
4b40c976: raises $364.5 to $394
64bb0d15: folds
Uncalled bet ($364.5) returned to 4b40c976
*** SHOWDOWN ***
4b40c976 collected $65 from pot
*** SUMMARY ***
Total pot $65
Seat 3: 1efad65b(big blind) folded before Flop
Seat 6: 64bb0d15 folded before Flop
Seat 1: Hero(small blind) folded before Flop
Seat 4: 4b40c976won ($65)



Poker Hand #ring_876744338: NLH No Limit ($2/$4) - 2025/05/14 12:00:11
Table 'MR NLH BOMBPOT 2/4' 7-max Seat #4 is the button
Seat 3: 1efad65b ($643.16 in chips)
Seat 6: 64bb0d15 ($257.24 in chips)
Seat 1: Hero ($548.14 in chips)
Seat 4: 4b40c976 ($884.17 in chips)
64bb0d15: posts small blind $2
Hero: posts big blind $4
*** HOLE CARDS ***
Dealt to 1efad65b 
Dealt to 64bb0d15 
Dealt to Hero [5h Jc]
Dealt to 4b40c976 
1efad65b: folds
4b40c976: raises $8 to $12
64bb0d15: folds
Hero: folds
Uncalled bet ($8) returned to 4b40c976
*** SHOWDOWN ***
4b40c976 collected $10 from pot
*** SUMMARY ***
Total pot $10
Seat 3: 1efad65b folded before Flop (didn't bet)
Seat 6: 64bb0d15(small blind) folded before Flop
Seat 1: Hero(big blind) folded before Flop
Seat 4: 4b40c976won ($10)



Poker Hand #ring_876743654: NLH No Limit ($2/$4) - 2025/05/14 11:59:29
Table 'MR NLH BOMBPOT 2/4' 7-max Seat #3 is the button
Seat 3: 1efad65b ($630.33 in chips)
Seat 6: 64bb0d15 ($269.24 in chips)
Seat 1: Hero ($548.14 in chips)
Seat 4: 4b40c976 ($886.17 in chips)
4b40c976: posts small blind $2
64bb0d15: posts big blind $4
*** HOLE CARDS ***
Dealt to 1efad65b 
Dealt to 64bb0d15 
Dealt to Hero [4d Th]
Dealt to 4b40c976 
Hero: folds
1efad65b: raises $8 to $12
4b40c976: folds
64bb0d15: calls $8
*** FLOP *** [8s 6s 8d]
64bb0d15: checks
1efad65b: checks
*** TURN *** [8s 6s 8d] [As]
64bb0d15: checks
1efad65b: checks
*** RIVER *** [8s 6s 8d As] [8c]
64bb0d15: checks
1efad65b: checks
1efad65b: shows [Jh Ks]
64bb0d15: shows [9s Td]
*** SHOWDOWN ***
1efad65b collected $26 from pot
*** SUMMARY ***
Total pot $26
Board [8s 6s 8d As 8c]
Seat 3: 1efad65b showed [Jh Ks] and won ($26) with Three Eights
Seat 6: 64bb0d15(big blind) showed [9s Td] and lost with Three Eights
Seat 1: Hero folded before Flop (didn't bet)
Seat 4: 4b40c976(small blind) folded before Flop



Poker Hand #ring_876742298: NLH No Limit ($2/$4) - 2025/05/14 11:58:05
Table 'MR NLH BOMBPOT 2/4' 7-max Seat #1 is the button
Seat 3: 1efad65b ($650.33 in chips)
Seat 1: Hero ($447.5 in chips)
Seat 4: 4b40c976 ($975.77 in chips)
1efad65b: posts the ante $20
4b40c976: posts the ante $20
Hero: posts the ante $20
*** HOLE CARDS ***
Dealt to 1efad65b 
Dealt to Hero [Qh As]
Dealt to 4b40c976 
*** FLOP *** [2s Tc Jd]
1efad65b: checks
4b40c976: checks
Hero: checks
*** TURN *** [2s Tc Jd] [Ac]
1efad65b: checks
4b40c976: bets $19.8
Hero: calls $19.8
1efad65b: folds
*** RIVER *** [2s Tc Jd Ac] [5s]
4b40c976: checks
Hero: bets $49.8
4b40c976: calls $49.8
Hero: shows [Qh As]
4b40c976: shows [Ah 6d]
*** SHOWDOWN ***
Hero collected $199.2 from pot
*** SUMMARY ***
Total pot $199.2
Board [2s Tc Jd Ac 5s]
Seat 3: 1efad65b(small blind) folded on the Turn
Seat 1: Hero showed [Qh As] and won ($199.2) with Pair of Aces
Seat 4: 4b40c976(big blind) showed [Ah 6d] and lost with Pair of Aces



Poker Hand #ring_876742048: NLH No Limit ($2/$4) - 2025/05/14 11:57:51
Table 'MR NLH BOMBPOT 2/4' 7-max Seat #4 is the button
Seat 3: 1efad65b ($654.33 in chips)
Seat 1: Hero ($449.5 in chips)
Seat 4: 4b40c976 ($969.77 in chips)
Hero: posts small blind $2
1efad65b: posts big blind $4
*** HOLE CARDS ***
Dealt to 1efad65b 
Dealt to Hero [3s Ts]
Dealt to 4b40c976 
4b40c976: raises $8 to $12
Hero: folds
1efad65b: folds
Uncalled bet ($8) returned to 4b40c976
*** SHOWDOWN ***
4b40c976 collected $10 from pot
*** SUMMARY ***
Total pot $10
Seat 3: 1efad65b(big blind) folded before Flop
Seat 1: Hero(small blind) folded before Flop
Seat 4: 4b40c976won ($10)



Poker Hand #ring_876741548: NLH No Limit ($2/$4) - 2025/05/14 11:57:19
Table 'MR NLH BOMBPOT 2/4' 7-max Seat #3 is the button
Seat 3: 1efad65b ($628.3 in chips)
Seat 1: Hero ($476 in chips)
Seat 4: 4b40c976 ($971.77 in chips)
4b40c976: posts small blind $2
Hero: posts big blind $4
*** HOLE CARDS ***
Dealt to 1efad65b 
Dealt to Hero [8h 7d]
Dealt to 4b40c976 
1efad65b: raises $6 to $10
4b40c976: folds
Hero: calls $6
*** FLOP *** [6c 5c 5h]
Hero: checks
1efad65b: checks
*** TURN *** [6c 5c 5h] [Qh]
Hero: checks
1efad65b: bets $16.5
Hero: calls $16.5
*** RIVER *** [6c 5c 5h Qh] [3c]
Hero: checks
1efad65b: checks
Hero: shows [8h 7d]
1efad65b: shows [9d Tc]
*** SHOWDOWN ***
1efad65b collected $55 from pot
*** SUMMARY ***
Total pot $55
Board [6c 5c 5h Qh 3c]
Seat 3: 1efad65b showed [9d Tc] and won ($55) with Pair of Fives
Seat 1: Hero(big blind) showed [8h 7d] and lost with Pair of Fives
Seat 4: 4b40c976(small blind) folded before Flop



Poker Hand #ring_876740847: NLH No Limit ($2/$4) - 2025/05/14 11:56:38
Table 'MR NLH BOMBPOT 2/4' 7-max Seat #1 is the button
Seat 3: 1efad65b ($630.3 in chips)
Seat 7: eff6e50a ($269.24 in chips)
Seat 1: Hero ($464.99 in chips)
Seat 4: 4b40c976 ($981.77 in chips)
1efad65b: posts small blind $2
4b40c976: posts big blind $4
*** HOLE CARDS ***
Dealt to 1efad65b 
Dealt to eff6e50a 
Dealt to Hero [Qh 6h]
Dealt to 4b40c976 
eff6e50a: folds
Hero: raises $6 to $10
1efad65b: folds
4b40c976: calls $6
*** FLOP *** [2d 3d Kc]
4b40c976: checks
Hero: checks
*** TURN *** [2d 3d Kc] [Ah]
4b40c976: checks
Hero: checks
*** RIVER *** [2d 3d Kc Ah] [7h]
4b40c976: checks
Hero: checks
Hero: shows [Qh 6h]
4b40c976: shows [Jc 8c]
*** SHOWDOWN ***
Hero collected $22 from pot
*** SUMMARY ***
Total pot $22
Board [2d 3d Kc Ah 7h]
Seat 3: 1efad65b(small blind) folded before Flop
Seat 7: eff6e50a folded before Flop (didn't bet)
Seat 1: Hero showed [Qh 6h] and won ($22) with Ace-High
Seat 4: 4b40c976(big blind) showed [Jc 8c] and lost with Ace-High



Poker Hand #ring_876740582: NLH No Limit ($2/$4) - 2025/05/14 11:56:20
Table 'MR NLH BOMBPOT 2/4' 7-max Seat #7 is the button
Seat 3: 1efad65b ($634.3 in chips)
Seat 7: eff6e50a ($263.24 in chips)
Seat 1: Hero ($466.99 in chips)
Seat 4: 4b40c976 ($981.77 in chips)
Hero: posts small blind $2
1efad65b: posts big blind $4
*** HOLE CARDS ***
Dealt to 1efad65b 
Dealt to eff6e50a 
Dealt to Hero [4h 8h]
Dealt to 4b40c976 
4b40c976: folds
eff6e50a: raises $12 to $16
Hero: folds
1efad65b: folds
Uncalled bet ($12) returned to eff6e50a
*** SHOWDOWN ***
eff6e50a collected $10 from pot
*** SUMMARY ***
Total pot $10
Seat 3: 1efad65b(big blind) folded before Flop
Seat 7: eff6e50awon ($10)
Seat 1: Hero(small blind) folded before Flop
Seat 4: 4b40c976 folded before Flop (didn't bet)



Poker Hand #ring_876739700: NLH No Limit ($2/$4) - 2025/05/14 11:55:26
Table 'MR NLH BOMBPOT 2/4' 7-max Seat #4 is the button
Seat 3: 1efad65b ($634.3 in chips)
Seat 7: eff6e50a ($276.16 in chips)
Seat 1: Hero ($479.92 in chips)
Seat 4: 4b40c976 ($981.77 in chips)
eff6e50a: posts small blind $2
Hero: posts big blind $4
*** HOLE CARDS ***
Dealt to 1efad65b 
Dealt to eff6e50a 
Dealt to Hero [As Kd]
Dealt to 4b40c976 
*** FIRST FLOP *** [3d 4h Td]
*** SECOND FLOP *** [7h Kh Jc]
*** FIRST TURN *** [3d 4h Td] [6s]
*** SECOND TURN *** [7h Kh Jc] [Jd]
*** FIRST RIVER *** [3d 4h Td 6s] [5c]
*** SECOND RIVER *** [7h Kh Jc Jd] [8d]
1efad65b: folds
4b40c976: folds
eff6e50a: calls $2
Hero: raises $12 to $16
eff6e50a: raises $32 to $48
Hero: raises $76.8 to $124.8
eff6e50a: raises $151.36 to $276.16 and is all-in
Hero: calls $151.36
Hero: shows [As Kd]
eff6e50a: shows [Qh Qc]
*** FIRST SHOWDOWN ***
eff6e50a collected $276.67 from pot
*** SECOND SHOWDOWN ***
Hero collected $275.65 from pot
*** SUMMARY ***
Total pot $552.32
Hand was run two timesFIRST Board [3d 4h Td 6s 5c]
SECOND Board [7h Kh Jc Jd 8d]
Seat 3: 1efad65b folded before Flop (didn't bet)
Seat 7: eff6e50a(small blind) showed [Qh Qc] and won ($276.67) with Pair of Queens / Pair of Queens and Pair of Jacks
Seat 1: Hero(big blind) showed [As Kd] and won ($275.65) with Ace-High / Pair of Kings and Pair of Jacks
Seat 4: 4b40c976 folded before Flop (didn't bet)



Poker Hand #ring_876738984: NLH No Limit ($2/$4) - 2025/05/14 11:54:41
Table 'MR NLH BOMBPOT 2/4' 7-max Seat #3 is the button
Seat 3: 1efad65b ($715.8 in chips)
Seat 7: eff6e50a ($201.08 in chips)
Seat 1: Hero ($479.92 in chips)
Seat 4: 4b40c976 ($983.77 in chips)
4b40c976: posts small blind $2
eff6e50a: posts big blind $4
*** HOLE CARDS ***
Dealt to 1efad65b 
Dealt to eff6e50a 
Dealt to Hero [6d 7c]
Dealt to 4b40c976 
Hero: folds
1efad65b: raises $6 to $10
4b40c976: folds
eff6e50a: raises $16.5 to $26.5
1efad65b: calls $16.5
*** FLOP *** [3s 4s 2d]
eff6e50a: checks
1efad65b: checks
*** TURN *** [3s 4s 2d] [Kh]
eff6e50a: bets $55
1efad65b: calls $55
*** RIVER *** [3s 4s 2d Kh] [9c]
eff6e50a: bets $119.58 and is all-in
1efad65b: folds
Uncalled bet ($119.58) returned to eff6e50a
*** SHOWDOWN ***
eff6e50a collected $165 from pot
*** SUMMARY ***
Total pot $165
Board [3s 4s 2d Kh 9c]
Seat 3: 1efad65b folded on the River
Seat 7: eff6e50a(big blind)won ($165) with Pair of Kings
Seat 1: Hero folded before Flop (didn't bet)
Seat 4: 4b40c976(small blind) folded before Flop



Poker Hand #ring_876737789: NLH No Limit ($2/$4) - 2025/05/14 11:53:25
Table 'MR NLH BOMBPOT 2/4' 7-max Seat #1 is the button
Seat 3: 1efad65b ($717.8 in chips)
Seat 7: eff6e50a ($201.08 in chips)
Seat 1: Hero ($456.26 in chips)
Seat 4: 4b40c976 ($1,008.77 in chips)
1efad65b: posts small blind $2
4b40c976: posts big blind $4
*** HOLE CARDS ***
Dealt to 1efad65b 
Dealt to eff6e50a 
Dealt to Hero [7s 8c]
Dealt to 4b40c976 
eff6e50a: folds
Hero: raises $8 to $12
1efad65b: folds
4b40c976: calls $8
*** FLOP *** [4d 7h 5s]
4b40c976: checks
Hero: bets $13
4b40c976: calls $13
*** TURN *** [4d 7h 5s] [8s]
4b40c976: checks
Hero: checks
*** RIVER *** [4d 7h 5s 8s] [Js]
4b40c976: checks
Hero: bets $26
4b40c976: folds
Uncalled bet ($26) returned to Hero
*** SHOWDOWN ***
Hero collected $52 from pot
*** SUMMARY ***
Total pot $52
Board [4d 7h 5s 8s Js]
Seat 3: 1efad65b(small blind) folded before Flop
Seat 7: eff6e50a folded before Flop (didn't bet)
Seat 1: Herowon ($52) with Pair of Eights and Pair of Sevens
Seat 4: 4b40c976(big blind) folded on the River



Poker Hand #ring_876737500: NLH No Limit ($2/$4) - 2025/05/14 11:53:08
Table 'MR NLH BOMBPOT 2/4' 7-max Seat #7 is the button
Seat 3: 1efad65b ($715.8 in chips)
Seat 7: eff6e50a ($201.08 in chips)
Seat 1: Hero ($458.26 in chips)
Seat 4: 4b40c976 ($1,008.77 in chips)
Hero: posts small blind $2
1efad65b: posts big blind $4
*** HOLE CARDS ***
Dealt to 1efad65b 
Dealt to eff6e50a 
Dealt to Hero [8d 5c]
Dealt to 4b40c976 
4b40c976: folds
eff6e50a: folds
Hero: folds
*** SHOWDOWN ***
1efad65b collected $6 from pot
*** SUMMARY ***
Total pot $6
Seat 3: 1efad65b(big blind)won ($6)
Seat 7: eff6e50a folded before Flop (didn't bet)
Seat 1: Hero(small blind) folded before Flop
Seat 4: 4b40c976 folded before Flop (didn't bet)



Poker Hand #ring_876737036: NLH No Limit ($2/$4) - 2025/05/14 11:52:38
Table 'MR NLH BOMBPOT 2/4' 7-max Seat #4 is the button
Seat 3: 1efad65b ($715.8 in chips)
Seat 7: eff6e50a ($237.08 in chips)
Seat 1: Hero ($426.5 in chips)
Seat 4: 4b40c976 ($1,008.77 in chips)
eff6e50a: posts small blind $2
Hero: posts big blind $4
*** HOLE CARDS ***
Dealt to 1efad65b 
Dealt to eff6e50a 
Dealt to Hero [Js 3c]
Dealt to 4b40c976 
1efad65b: folds
4b40c976: folds
eff6e50a: calls $2
Hero: checks
*** FLOP *** [Jh 9c Kc]
eff6e50a: bets $8
Hero: calls $8
*** TURN *** [Jh 9c Kc] [6c]
eff6e50a: checks
Hero: checks
*** RIVER *** [Jh 9c Kc 6c] [3s]
eff6e50a: bets $24
Hero: calls $24
Hero: shows [Js 3c]
eff6e50a: shows [9d 3d]
*** SHOWDOWN ***
Hero collected $72 from pot
*** SUMMARY ***
Total pot $72
Board [Jh 9c Kc 6c 3s]
Seat 3: 1efad65b folded before Flop (didn't bet)
Seat 7: eff6e50a(small blind) showed [9d 3d] and lost with Pair of Nines and Pair of Treys
Seat 1: Hero(big blind) showed [Js 3c] and won ($72) with Pair of Jacks and Pair of Treys
Seat 4: 4b40c976 folded before Flop (didn't bet)



Poker Hand #ring_876736119: NLH No Limit ($2/$4) - 2025/05/14 11:51:41
Table 'MR NLH BOMBPOT 2/4' 7-max Seat #3 is the button
Seat 3: 1efad65b ($775.8 in chips)
Seat 7: eff6e50a ($257.08 in chips)
Seat 1: Hero ($334.7 in chips)
Seat 4: 4b40c976 ($1,028.77 in chips)
4b40c976: posts the ante $20
eff6e50a: posts the ante $20
Hero: posts the ante $20
1efad65b: posts the ante $20
*** HOLE CARDS ***
Dealt to 1efad65b 
Dealt to eff6e50a 
Dealt to Hero [Ts Ks]
Dealt to 4b40c976 
*** FLOP *** [7c 9c 3s]
4b40c976: checks
eff6e50a: checks
Hero: checks
1efad65b: bets $40
4b40c976: folds
eff6e50a: folds
Hero: calls $40
*** TURN *** [7c 9c 3s] [6d]
Hero: checks
1efad65b: checks
*** RIVER *** [7c 9c 3s 6d] [Qc]
Hero: bets $88
1efad65b: folds
Uncalled bet ($88) returned to Hero
*** SHOWDOWN ***
Hero collected $160 from pot
*** SUMMARY ***
Total pot $160
Board [7c 9c 3s 6d Qc]
Seat 3: 1efad65b folded on the River
Seat 7: eff6e50a(big blind) folded on the Flop
Seat 1: Herowon ($160) with King-High
Seat 4: 4b40c976(small blind) folded on the Flop



Poker Hand #ring_876735218: NLH No Limit ($2/$4) - 2025/05/14 11:50:45
Table 'MR NLH BOMBPOT 2/4' 7-max Seat #1 is the button
Seat 3: 1efad65b ($731.48 in chips)
Seat 7: eff6e50a ($257.08 in chips)
Seat 1: Hero ($334.7 in chips)
Seat 4: 4b40c976 ($1,078.57 in chips)
1efad65b: posts small blind $2
4b40c976: posts big blind $4
*** HOLE CARDS ***
Dealt to 1efad65b 
Dealt to eff6e50a 
Dealt to Hero [6d Ah]
Dealt to 4b40c976 
eff6e50a: folds
Hero: folds
1efad65b: raises $8 to $12
4b40c976: calls $8
*** FLOP *** [6c 4s 4c]
1efad65b: checks
4b40c976: bets $7.92
1efad65b: calls $7.92
*** TURN *** [6c 4s 4c] [3d]
1efad65b: checks
4b40c976: bets $29.88
1efad65b: calls $29.88
*** RIVER *** [6c 4s 4c 3d] [Ac]
1efad65b: checks
4b40c976: checks
1efad65b: shows [Ks Js]
4b40c976: shows [5d 8d]
*** SHOWDOWN ***
1efad65b collected $99.6 from pot
*** SUMMARY ***
Total pot $99.6
Board [6c 4s 4c 3d Ac]
Seat 3: 1efad65b(small blind) showed [Ks Js] and won ($99.6) with Pair of Fours
Seat 7: eff6e50a folded before Flop (didn't bet)
Seat 1: Hero folded before Flop (didn't bet)
Seat 4: 4b40c976(big blind) showed [5d 8d] and lost with Pair of Fours



Poker Hand #ring_876734675: NLH No Limit ($2/$4) - 2025/05/14 11:50:11
Table 'MR NLH BOMBPOT 2/4' 7-max Seat #7 is the button
Seat 3: 1efad65b ($672.33 in chips)
Seat 7: eff6e50a ($321.08 in chips)
Seat 1: Hero ($336.7 in chips)
Seat 4: 4b40c976 ($1,078.57 in chips)
Hero: posts small blind $2
1efad65b: posts big blind $4
*** HOLE CARDS ***
Dealt to 1efad65b 
Dealt to eff6e50a 
Dealt to Hero [Kd 4c]
Dealt to 4b40c976 
4b40c976: folds
eff6e50a: raises $8 to $12
Hero: folds
1efad65b: calls $8
*** FLOP *** [3s 2d 7s]
1efad65b: checks
eff6e50a: bets $19.5
1efad65b: raises $32.5 to $52
eff6e50a: calls $32.5
*** TURN *** [3s 2d 7s] [9h]
1efad65b: bets $65
eff6e50a: folds
Uncalled bet ($65) returned to 1efad65b
*** SHOWDOWN ***
1efad65b collected $130 from pot
*** SUMMARY ***
Total pot $130
Board [3s 2d 7s 9h]
Seat 3: 1efad65b(big blind)won ($130) with Pair of Nines
Seat 7: eff6e50a folded on the Turn
Seat 1: Hero(small blind) folded before Flop
Seat 4: 4b40c976 folded before Flop (didn't bet)



Poker Hand #ring_876734466: NLH No Limit ($2/$4) - 2025/05/14 11:49:58
Table 'MR NLH BOMBPOT 2/4' 7-max Seat #4 is the button
Seat 3: 1efad65b ($672.33 in chips)
Seat 7: eff6e50a ($323.08 in chips)
Seat 1: Hero ($334.7 in chips)
Seat 4: 4b40c976 ($1,078.57 in chips)
eff6e50a: posts small blind $2
Hero: posts big blind $4
*** HOLE CARDS ***
Dealt to 1efad65b 
Dealt to eff6e50a 
Dealt to Hero [5c 9d]
Dealt to 4b40c976 
1efad65b: folds
4b40c976: folds
eff6e50a: folds
*** SHOWDOWN ***
Hero collected $6 from pot
*** SUMMARY ***
Total pot $6
Seat 3: 1efad65b folded before Flop (didn't bet)
Seat 7: eff6e50a(small blind) folded before Flop
Seat 1: Hero(big blind)won ($6)
Seat 4: 4b40c976 folded before Flop (didn't bet)



Poker Hand #ring_876734048: NLH No Limit ($2/$4) - 2025/05/14 11:49:32
Table 'MR NLH BOMBPOT 2/4' 7-max Seat #3 is the button
Seat 3: 1efad65b ($672.33 in chips)
Seat 7: eff6e50a ($335.08 in chips)
Seat 1: Hero ($334.7 in chips)
Seat 4: 4b40c976 ($1,067.65 in chips)
4b40c976: posts small blind $2
eff6e50a: posts big blind $4
*** HOLE CARDS ***
Dealt to 1efad65b 
Dealt to eff6e50a 
Dealt to Hero [Ac 5h]
Dealt to 4b40c976 
Hero: folds
1efad65b: folds
4b40c976: raises $8 to $12
eff6e50a: calls $8
*** FLOP *** [Qd Qc 3h]
4b40c976: bets $7.92
eff6e50a: folds
Uncalled bet ($7.92) returned to 4b40c976
*** SHOWDOWN ***
4b40c976 collected $24 from pot
*** SUMMARY ***
Total pot $24
Board [Qd Qc 3h]
Seat 3: 1efad65b folded before Flop (didn't bet)
Seat 7: eff6e50a(big blind) folded on the Flop
Seat 1: Hero folded before Flop (didn't bet)
Seat 4: 4b40c976(small blind)won ($24) with Pair of Queens



Poker Hand #ring_876733033: NLH No Limit ($2/$4) - 2025/05/14 11:48:28
Table 'MR NLH BOMBPOT 2/4' 7-max Seat #1 is the button
Seat 3: 1efad65b ($674.33 in chips)
Seat 7: eff6e50a ($335.08 in chips)
Seat 1: Hero ($389.7 in chips)
Seat 4: 4b40c976 ($1,016.69 in chips)
1efad65b: posts small blind $2
4b40c976: posts big blind $4
*** HOLE CARDS ***
Dealt to 1efad65b 
Dealt to eff6e50a 
Dealt to Hero [Td Qs]
Dealt to 4b40c976 
eff6e50a: folds
Hero: raises $8 to $12
1efad65b: folds
4b40c976: calls $8
*** FLOP *** [7d 2h 9h]
4b40c976: checks
Hero: checks
*** TURN *** [7d 2h 9h] [8c]
4b40c976: checks
Hero: bets $13
4b40c976: calls $13
*** RIVER *** [7d 2h 9h 8c] [Ks]
4b40c976: checks
Hero: bets $30
4b40c976: raises $54 to $84
Hero: folds
Uncalled bet ($54) returned to 4b40c976
*** SHOWDOWN ***
4b40c976 collected $112 from pot
*** SUMMARY ***
Total pot $112
Board [7d 2h 9h 8c Ks]
Seat 3: 1efad65b(small blind) folded before Flop
Seat 7: eff6e50a folded before Flop (didn't bet)
Seat 1: Hero folded on the River
Seat 4: 4b40c976(big blind)won ($112) with Pair of Kings and Pair of Nines



Poker Hand #ring_876732544: NLH No Limit ($2/$4) - 2025/05/14 11:47:58
Table 'MR NLH BOMBPOT 2/4' 7-max Seat #7 is the button
Seat 3: 1efad65b ($678.33 in chips)
Seat 7: eff6e50a ($313.44 in chips)
Seat 1: Hero ($391.7 in chips)
Seat 4: 4b40c976 ($1,035.27 in chips)
Hero: posts small blind $2
1efad65b: posts big blind $4
*** HOLE CARDS ***
Dealt to 1efad65b 
Dealt to eff6e50a 
Dealt to Hero [Qc 8h]
Dealt to 4b40c976 
4b40c976: raises $6 to $10
eff6e50a: calls $10
Hero: folds
1efad65b: folds
*** FLOP *** [6d Td 6c]
4b40c976: bets $8.58
eff6e50a: raises $21.58 to $30.16
4b40c976: folds
Uncalled bet ($21.58) returned to eff6e50a
*** SHOWDOWN ***
eff6e50a collected $43.16 from pot
*** SUMMARY ***
Total pot $43.16
Board [6d Td 6c]
Seat 3: 1efad65b(big blind) folded before Flop
Seat 7: eff6e50awon ($43.16) with Three Sixes
Seat 1: Hero(small blind) folded before Flop
Seat 4: 4b40c976 folded on the Flop



Poker Hand #ring_876731883: NLH No Limit ($2/$4) - 2025/05/14 11:47:18
Table 'MR NLH BOMBPOT 2/4' 7-max Seat #4 is the button
Seat 3: 1efad65b ($690.33 in chips)
Seat 7: eff6e50a ($362.24 in chips)
Seat 1: Hero ($336.83 in chips)
Seat 4: 4b40c976 ($1,035.27 in chips)
eff6e50a: posts small blind $2
Hero: posts big blind $4
*** HOLE CARDS ***
Dealt to 1efad65b 
Dealt to eff6e50a 
Dealt to Hero [Kd Kh]
Dealt to 4b40c976 
1efad65b: raises $8 to $12
4b40c976: folds
eff6e50a: calls $10
Hero: raises $36.8 to $48.8
1efad65b: folds
eff6e50a: calls $36.8
*** FLOP *** [4d 2d 6s]
eff6e50a: checks
Hero: bets $58
eff6e50a: folds
Uncalled bet ($58) returned to Hero
*** SHOWDOWN ***
Hero collected $109.6 from pot
*** SUMMARY ***
Total pot $109.6
Board [4d 2d 6s]
Seat 3: 1efad65b folded before Flop
Seat 7: eff6e50a(small blind) folded on the Flop
Seat 1: Hero(big blind)won ($109.6) with Pair of Kings
Seat 4: 4b40c976 folded before Flop (didn't bet)



Poker Hand #ring_876731542: NLH No Limit ($2/$4) - 2025/05/14 11:46:56
Table 'MR NLH BOMBPOT 2/4' 7-max Seat #3 is the button
Seat 3: 1efad65b ($690.33 in chips)
Seat 7: eff6e50a ($366.24 in chips)
Seat 1: Hero ($348.83 in chips)
Seat 4: 4b40c976 ($1,019.27 in chips)
4b40c976: posts small blind $2
eff6e50a: posts big blind $4
*** HOLE CARDS ***
Dealt to 1efad65b 
Dealt to eff6e50a 
Dealt to Hero [6c 8c]
Dealt to 4b40c976 
Hero: raises $8 to $12
1efad65b: folds
4b40c976: raises $36 to $48
eff6e50a: folds
Hero: folds
Uncalled bet ($36) returned to 4b40c976
*** SHOWDOWN ***
4b40c976 collected $28 from pot
*** SUMMARY ***
Total pot $28
Seat 3: 1efad65b folded before Flop (didn't bet)
Seat 7: eff6e50a(big blind) folded before Flop
Seat 1: Hero folded before Flop
Seat 4: 4b40c976(small blind)won ($28)



Poker Hand #ring_876731041: NLH No Limit ($2/$4) - 2025/05/14 11:46:24
Table 'MR NLH BOMBPOT 2/4' 7-max Seat #1 is the button
Seat 3: 1efad65b ($692.33 in chips)
Seat 7: eff6e50a ($366.24 in chips)
Seat 1: Hero ($336 in chips)
Seat 4: 4b40c976 ($1,031.27 in chips)
1efad65b: posts small blind $2
4b40c976: posts big blind $4
*** HOLE CARDS ***
Dealt to 1efad65b 
Dealt to eff6e50a 
Dealt to Hero [Ac 5c]
Dealt to 4b40c976 
eff6e50a: folds
Hero: raises $8 to $12
1efad65b: folds
4b40c976: calls $8
*** FLOP *** [2h Ad 2s]
4b40c976: checks
Hero: checks
*** TURN *** [2h Ad 2s] [Ks]
4b40c976: checks
Hero: bets $13
4b40c976: folds
Uncalled bet ($13) returned to Hero
*** SHOWDOWN ***
Hero collected $26 from pot
*** SUMMARY ***
Total pot $26
Board [2h Ad 2s Ks]
Seat 3: 1efad65b(small blind) folded before Flop
Seat 7: eff6e50a folded before Flop (didn't bet)
Seat 1: Herowon ($26) with Pair of Aces and Pair of Twos
Seat 4: 4b40c976(big blind) folded on the Turn



Poker Hand #ring_876730388: NLH No Limit ($2/$4) - 2025/05/14 11:45:43
Table 'MR NLH BOMBPOT 2/4' 7-max Seat #7 is the button
Seat 3: 1efad65b ($712.33 in chips)
Seat 7: eff6e50a ($386.24 in chips)
Seat 1: Hero ($396 in chips)
Seat 4: 4b40c976 ($939.47 in chips)
Hero: posts the ante $20
1efad65b: posts the ante $20
4b40c976: posts the ante $20
eff6e50a: posts the ante $20
*** HOLE CARDS ***
Dealt to 1efad65b 
Dealt to eff6e50a 
Dealt to Hero [Jc 6d]
Dealt to 4b40c976 
*** FLOP *** [9h 4c Js]
Hero: bets $40
1efad65b: folds
4b40c976: calls $40
eff6e50a: folds
*** TURN *** [9h 4c Js] [8h]
Hero: checks
4b40c976: checks
*** RIVER *** [9h 4c Js 8h] [7c]
Hero: checks
4b40c976: checks
Hero: shows [Jc 6d]
4b40c976: shows [Ah Ad]
*** SHOWDOWN ***
4b40c976 collected $160 from pot
*** SUMMARY ***
Total pot $160
Board [9h 4c Js 8h 7c]
Seat 3: 1efad65b(big blind) folded on the Flop
Seat 7: eff6e50a folded on the Flop
Seat 1: Hero(small blind) showed [Jc 6d] and lost with Pair of Jacks
Seat 4: 4b40c976 showed [Ah Ad] and won ($160) with Pair of Aces



Poker Hand #ring_876730019: NLH No Limit ($2/$4) - 2025/05/14 11:45:19
Table 'MR NLH BOMBPOT 2/4' 7-max Seat #4 is the button
Seat 3: 1efad65b ($706.33 in chips)
Seat 7: eff6e50a ($388.24 in chips)
Seat 1: Hero ($400 in chips)
Seat 4: 4b40c976 ($939.47 in chips)
eff6e50a: posts small blind $2
Hero: posts big blind $4
*** HOLE CARDS ***
Dealt to 1efad65b 
Dealt to eff6e50a 
Dealt to Hero [4h 5c]
Dealt to 4b40c976 
1efad65b: raises $8 to $12
4b40c976: folds
eff6e50a: folds
Hero: folds
Uncalled bet ($8) returned to 1efad65b
*** SHOWDOWN ***
1efad65b collected $10 from pot
*** SUMMARY ***
Total pot $10
Seat 3: 1efad65bwon ($10)
Seat 7: eff6e50a(small blind) folded before Flop
Seat 1: Hero(big blind) folded before Flop
Seat 4: 4b40c976 folded before Flop (didn't bet)



