Poker Hand #ring_910051928: NLH No Limit ($1/$2) - 2025/06/01 01:09:14
Table 'MR NLH 1/2' 7-max Seat #2 is the button
Seat 1: b80ccbd4 ($849.86 in chips)
Seat 3: 5d851de6 ($340.95 in chips)
Seat 5: ff2e0002 ($661.45 in chips)
Seat 2: 29f0741 ($373.97 in chips)
Seat 6: Hero ($610.7 in chips)
Seat 7: 45fbc2a5 ($167.28 in chips)
5d851de6: posts small blind $1
ff2e0002: posts big blind $2
*** HOLE CARDS ***
Dealt to b80ccbd4 
Dealt to 5d851de6 
Dealt to ff2e0002 
Dealt to 29f0741 
Dealt to Hero [4h 6d]
Dealt to 45fbc2a5 
Hero: folds
45fbc2a5: folds
b80ccbd4: folds
29f0741: raises $3 to $5
5d851de6: folds
ff2e0002: folds
Uncalled bet ($3) returned to 29f0741
*** SHOWDOWN ***
29f0741 collected $5 from pot
*** SUMMARY ***
Total pot $5
Seat 1: b80ccbd4 folded before Flop (didn't bet)
Seat 3: 5d851de6(small blind) folded before Flop
Seat 5: ff2e0002(big blind) folded before Flop
Seat 2: 29f0741won ($5)
Seat 6: Hero folded before Flop (didn't bet)
Seat 7: 45fbc2a5 folded before Flop (didn't bet)



Poker Hand #ring_910049870: NLH No Limit ($1/$2) - 2025/06/01 01:08:00
Table 'MR NLH 1/2' 7-max Seat #1 is the button
Seat 1: b80ccbd4 ($790.71 in chips)
Seat 3: 5d851de6 ($405.45 in chips)
Seat 5: ff2e0002 ($661.45 in chips)
Seat 2: 29f0741 ($374.97 in chips)
Seat 6: Hero ($610.7 in chips)
Seat 7: 45fbc2a5 ($167.28 in chips)
29f0741: posts small blind $1
5d851de6: posts big blind $2
*** HOLE CARDS ***
Dealt to b80ccbd4 
Dealt to 5d851de6 
Dealt to ff2e0002 
Dealt to 29f0741 
Dealt to Hero [9d 8s]
Dealt to 45fbc2a5 
ff2e0002: folds
Hero: folds
45fbc2a5: folds
b80ccbd4: raises $4 to $6
29f0741: folds
5d851de6: raises $9.75 to $15.75
b80ccbd4: calls $9.75
*** FLOP *** [Jd 2c Qh]
5d851de6: bets $16.25
b80ccbd4: calls $16.25
*** TURN *** [Jd 2c Qh] [7c]
5d851de6: bets $32.5
b80ccbd4: calls $32.5
*** RIVER *** [Jd 2c Qh 7c] [3d]
5d851de6: checks
b80ccbd4: checks
b80ccbd4: shows [9c Jh]
5d851de6: shows [Ts Kc]
*** SHOWDOWN ***
b80ccbd4 collected $130 from pot
*** SUMMARY ***
Total pot $130
Board [Jd 2c Qh 7c 3d]
Seat 1: b80ccbd4 showed [9c Jh] and won ($130) with Pair of Jacks
Seat 3: 5d851de6(big blind) showed [Ts Kc] and lost with King-High
Seat 5: ff2e0002 folded before Flop (didn't bet)
Seat 2: 29f0741(small blind) folded before Flop
Seat 6: Hero folded before Flop (didn't bet)
Seat 7: 45fbc2a5 folded before Flop (didn't bet)



Poker Hand #ring_910049184: NLH No Limit ($1/$2) - 2025/06/01 01:07:35
Table 'MR NLH 1/2' 7-max Seat #7 is the button
Seat 1: b80ccbd4 ($783.71 in chips)
Seat 3: 5d851de6 ($405.45 in chips)
Seat 5: ff2e0002 ($666.45 in chips)
Seat 2: 29f0741 ($376.97 in chips)
Seat 6: Hero ($610.7 in chips)
Seat 7: 45fbc2a5 ($167.28 in chips)
b80ccbd4: posts small blind $1
29f0741: posts big blind $2
*** HOLE CARDS ***
Dealt to b80ccbd4 
Dealt to 5d851de6 
Dealt to ff2e0002 
Dealt to 29f0741 
Dealt to Hero [3s Ah]
Dealt to 45fbc2a5 
5d851de6: folds
ff2e0002: raises $3 to $5
Hero: folds
45fbc2a5: folds
b80ccbd4: raises $12 to $17
29f0741: folds
ff2e0002: folds
Uncalled bet ($12) returned to b80ccbd4
*** SHOWDOWN ***
b80ccbd4 collected $12 from pot
*** SUMMARY ***
Total pot $12
Seat 1: b80ccbd4(small blind)won ($12)
Seat 3: 5d851de6 folded before Flop (didn't bet)
Seat 5: ff2e0002 folded before Flop
Seat 2: 29f0741(big blind) folded before Flop
Seat 6: Hero folded before Flop (didn't bet)
Seat 7: 45fbc2a5 folded before Flop (didn't bet)



Poker Hand #ring_910047560: NLH No Limit ($1/$2) - 2025/06/01 01:06:36
Table 'MR NLH 1/2' 7-max Seat #6 is the button
Seat 4: 7f307c7b ($644.98 in chips)
Seat 1: b80ccbd4 ($785.71 in chips)
Seat 3: 5d851de6 ($411.45 in chips)
Seat 5: ff2e0002 ($666.45 in chips)
Seat 2: 29f0741 ($376.97 in chips)
Seat 6: Hero ($610.7 in chips)
Seat 7: 45fbc2a5 ($158 in chips)
45fbc2a5: posts small blind $1
b80ccbd4: posts big blind $2
*** HOLE CARDS ***
Dealt to 7f307c7b 
Dealt to b80ccbd4 
Dealt to 5d851de6 
Dealt to ff2e0002 
Dealt to 29f0741 
Dealt to Hero [3c 7d]
Dealt to 45fbc2a5 
29f0741: folds
5d851de6: calls $2
7f307c7b: calls $2
ff2e0002: folds
Hero: folds
45fbc2a5: calls $1
b80ccbd4: checks
*** FLOP *** [4c Jh 7c]
45fbc2a5: bets $4
b80ccbd4: folds
5d851de6: calls $4
7f307c7b: folds
*** TURN *** [4c Jh 7c] [Qs]
45fbc2a5: bets $8
5d851de6: folds
Uncalled bet ($8) returned to 45fbc2a5
*** SHOWDOWN ***
45fbc2a5 collected $16 from pot
*** SUMMARY ***
Total pot $16
Board [4c Jh 7c Qs]
Seat 4: 7f307c7b folded on the Flop
Seat 1: b80ccbd4(big blind) folded on the Flop
Seat 3: 5d851de6 folded on the Turn
Seat 5: ff2e0002 folded before Flop (didn't bet)
Seat 2: 29f0741 folded before Flop (didn't bet)
Seat 6: Hero folded before Flop (didn't bet)
Seat 7: 45fbc2a5(small blind)won ($16) with Pair of Jacks



Poker Hand #ring_910045835: NLH No Limit ($1/$2) - 2025/06/01 01:05:33
Table 'MR NLH 1/2' 7-max Seat #5 is the button
Seat 4: 7f307c7b ($627.6 in chips)
Seat 1: b80ccbd4 ($791.71 in chips)
Seat 3: 5d851de6 ($411.45 in chips)
Seat 5: ff2e0002 ($672.45 in chips)
Seat 2: 29f0741 ($376.97 in chips)
Seat 6: Hero ($611.7 in chips)
Seat 7: 45fbc2a5 ($164 in chips)
Hero: posts small blind $1
45fbc2a5: posts big blind $2
*** HOLE CARDS ***
Dealt to 7f307c7b 
Dealt to b80ccbd4 
Dealt to 5d851de6 
Dealt to ff2e0002 
Dealt to 29f0741 
Dealt to Hero [Kh 5d]
Dealt to 45fbc2a5 
b80ccbd4: raises $4 to $6
29f0741: folds
5d851de6: folds
7f307c7b: calls $6
ff2e0002: calls $6
Hero: folds
45fbc2a5: calls $4
*** FLOP *** [2c Jd 7s]
45fbc2a5: checks
b80ccbd4: checks
7f307c7b: checks
ff2e0002: checks
*** TURN *** [2c Jd 7s] [Ah]
45fbc2a5: checks
b80ccbd4: checks
7f307c7b: checks
ff2e0002: checks
*** RIVER *** [2c Jd 7s Ah] [Kc]
45fbc2a5: checks
b80ccbd4: checks
7f307c7b: checks
ff2e0002: checks
b80ccbd4: shows [Th 8c]
7f307c7b: shows [Ks 4s]
ff2e0002: shows [Ts 9s]
45fbc2a5: shows [5s 6s]
*** SHOWDOWN ***
7f307c7b collected $25 from pot
*** SUMMARY ***
Total pot $25
Board [2c Jd 7s Ah Kc]
Seat 4: 7f307c7b showed [Ks 4s] and won ($25) with Pair of Kings
Seat 1: b80ccbd4 showed [Th 8c] and lost with Ace-High
Seat 3: 5d851de6 folded before Flop (didn't bet)
Seat 5: ff2e0002 showed [Ts 9s] and lost with Ace-High
Seat 2: 29f0741 folded before Flop (didn't bet)
Seat 6: Hero(small blind) folded before Flop
Seat 7: 45fbc2a5(big blind) showed [5s 6s] and lost with Ace-High



Poker Hand #ring_910043970: NLH No Limit ($1/$2) - 2025/06/01 01:04:25
Table 'MR NLH 1/2' 7-max Seat #4 is the button
Seat 4: 7f307c7b ($633.1 in chips)
Seat 1: b80ccbd4 ($791.71 in chips)
Seat 3: 5d851de6 ($403.58 in chips)
Seat 5: ff2e0002 ($673.45 in chips)
Seat 2: 29f0741 ($376.97 in chips)
Seat 6: Hero ($613.7 in chips)
Seat 7: 45fbc2a5 ($164 in chips)
ff2e0002: posts small blind $1
Hero: posts big blind $2
*** HOLE CARDS ***
Dealt to 7f307c7b 
Dealt to b80ccbd4 
Dealt to 5d851de6 
Dealt to ff2e0002 
Dealt to 29f0741 
Dealt to Hero [3s 8s]
Dealt to 45fbc2a5 
45fbc2a5: folds
b80ccbd4: folds
29f0741: folds
5d851de6: calls $2
7f307c7b: calls $2
ff2e0002: folds
Hero: checks
*** FLOP *** [5h Ac Jc]
Hero: checks
5d851de6: checks
7f307c7b: checks
*** TURN *** [5h Ac Jc] [Qs]
Hero: checks
5d851de6: checks
7f307c7b: checks
*** RIVER *** [5h Ac Jc Qs] [2c]
Hero: checks
5d851de6: bets $3.5
7f307c7b: calls $3.5
Hero: folds
5d851de6: shows [2h 2s]
7f307c7b: shows [Js 4c]
*** SHOWDOWN ***
5d851de6 collected $14 from pot
*** SUMMARY ***
Total pot $14
Board [5h Ac Jc Qs 2c]
Seat 4: 7f307c7b showed [Js 4c] and lost with Pair of Jacks
Seat 1: b80ccbd4 folded before Flop (didn't bet)
Seat 3: 5d851de6 showed [2h 2s] and won ($14) with Three Twos
Seat 5: ff2e0002(small blind) folded before Flop
Seat 2: 29f0741 folded before Flop (didn't bet)
Seat 6: Hero(big blind) folded on the River
Seat 7: 45fbc2a5 folded before Flop (didn't bet)



Poker Hand #ring_910041874: NLH No Limit ($1/$2) - 2025/06/01 01:03:09
Table 'MR NLH 1/2' 7-max Seat #3 is the button
Seat 4: 7f307c7b ($634.1 in chips)
Seat 1: b80ccbd4 ($791.71 in chips)
Seat 3: 5d851de6 ($357.72 in chips)
Seat 5: ff2e0002 ($714.95 in chips)
Seat 2: 29f0741 ($376.97 in chips)
Seat 6: Hero ($613.7 in chips)
Seat 7: 45fbc2a5 ($172 in chips)
7f307c7b: posts small blind $1
ff2e0002: posts big blind $2
*** HOLE CARDS ***
Dealt to 7f307c7b 
Dealt to b80ccbd4 
Dealt to 5d851de6 
Dealt to ff2e0002 
Dealt to 29f0741 
Dealt to Hero [5s 9d]
Dealt to 45fbc2a5 
Hero: folds
45fbc2a5: raises $6 to $8
b80ccbd4: folds
29f0741: folds
5d851de6: calls $8
7f307c7b: folds
ff2e0002: calls $6
*** FLOP *** [9h Tc 3h]
ff2e0002: checks
45fbc2a5: checks
5d851de6: bets $12.5
ff2e0002: calls $12.5
45fbc2a5: folds
*** TURN *** [9h Tc 3h] [2h]
ff2e0002: bets $21
5d851de6: calls $21
*** RIVER *** [9h Tc 3h 2h] [3s]
ff2e0002: checks
5d851de6: bets $46
ff2e0002: folds
Uncalled bet ($46) returned to 5d851de6
*** SHOWDOWN ***
5d851de6 collected $92 from pot
*** SUMMARY ***
Total pot $92
Board [9h Tc 3h 2h 3s]
Seat 4: 7f307c7b(small blind) folded before Flop
Seat 1: b80ccbd4 folded before Flop (didn't bet)
Seat 3: 5d851de6won ($92) with Tens Full over Treys
Seat 5: ff2e0002(big blind) folded on the River
Seat 2: 29f0741 folded before Flop (didn't bet)
Seat 6: Hero folded before Flop (didn't bet)
Seat 7: 45fbc2a5 folded on the Flop



Poker Hand #ring_910038398: NLH No Limit ($1/$2) - 2025/06/01 01:01:03
Table 'MR NLH 1/2' 7-max Seat #2 is the button
Seat 4: 7f307c7b ($708.55 in chips)
Seat 1: b80ccbd4 ($791.71 in chips)
Seat 3: 5d851de6 ($358.72 in chips)
Seat 5: ff2e0002 ($714.95 in chips)
Seat 2: 29f0741 ($376.97 in chips)
Seat 6: Hero ($509.92 in chips)
Seat 7: 45fbc2a5 ($209.25 in chips)
5d851de6: posts small blind $1
7f307c7b: posts big blind $2
*** HOLE CARDS ***
Dealt to 7f307c7b 
Dealt to b80ccbd4 
Dealt to 5d851de6 
Dealt to ff2e0002 
Dealt to 29f0741 
Dealt to Hero [Ac Qs]
Dealt to 45fbc2a5 
ff2e0002: folds
Hero: raises $4 to $6
45fbc2a5: raises $11.25 to $17.25
b80ccbd4: folds
29f0741: folds
5d851de6: folds
7f307c7b: calls $15.25
Hero: calls $11.25
*** FLOP *** [4h Td Qh]
7f307c7b: checks
Hero: checks
45fbc2a5: bets $20
7f307c7b: calls $20
Hero: calls $20
*** TURN *** [4h Td Qh] [5d]
7f307c7b: bets $37.2
Hero: raises $82.11 to $119.31
45fbc2a5: folds
7f307c7b: folds
Uncalled bet ($82.11) returned to Hero
7f307c7b: shows [Ts]
*** SHOWDOWN ***
Hero collected $187.15 from pot
*** SUMMARY ***
Total pot $187.15
Board [4h Td Qh 5d]
Seat 4: 7f307c7b(big blind) folded on the Turn
Seat 1: b80ccbd4 folded before Flop (didn't bet)
Seat 3: 5d851de6(small blind) folded before Flop
Seat 5: ff2e0002 folded before Flop (didn't bet)
Seat 2: 29f0741 folded before Flop (didn't bet)
Seat 6: Herowon ($187.15) with Pair of Queens
Seat 7: 45fbc2a5 folded on the Turn



Poker Hand #ring_910036007: NLH No Limit ($1/$2) - 2025/06/01 00:59:38
Table 'MR NLH 1/2' 7-max Seat #1 is the button
Seat 4: 7f307c7b ($712.55 in chips)
Seat 1: b80ccbd4 ($779.89 in chips)
Seat 3: 5d851de6 ($367.01 in chips)
Seat 5: ff2e0002 ($714.95 in chips)
Seat 2: 29f0741 ($377.97 in chips)
Seat 6: Hero ($509.92 in chips)
Seat 7: 45fbc2a5 ($209.25 in chips)
29f0741: posts small blind $1
5d851de6: posts big blind $2
*** HOLE CARDS ***
Dealt to 7f307c7b 
Dealt to b80ccbd4 
Dealt to 5d851de6 
Dealt to ff2e0002 
Dealt to 29f0741 
Dealt to Hero [8c 3h]
Dealt to 45fbc2a5 
7f307c7b: calls $2
ff2e0002: folds
Hero: folds
45fbc2a5: folds
b80ccbd4: raises $2 to $4
29f0741: folds
5d851de6: calls $2
7f307c7b: calls $2
*** FLOP *** [4s 3d 4h]
5d851de6: checks
7f307c7b: checks
b80ccbd4: checks
*** TURN *** [4s 3d 4h] [7s]
5d851de6: bets $4.29
7f307c7b: folds
b80ccbd4: calls $4.29
*** RIVER *** [4s 3d 4h 7s] [4c]
5d851de6: checks
b80ccbd4: bets $21.58
5d851de6: folds
Uncalled bet ($21.58) returned to b80ccbd4
*** SHOWDOWN ***
b80ccbd4 collected $21.58 from pot
*** SUMMARY ***
Total pot $21.58
Board [4s 3d 4h 7s 4c]
Seat 4: 7f307c7b folded on the Turn
Seat 1: b80ccbd4won ($21.58) with Fours Full over Sevens
Seat 3: 5d851de6(big blind) folded on the River
Seat 5: ff2e0002 folded before Flop (didn't bet)
Seat 2: 29f0741(small blind) folded before Flop
Seat 6: Hero folded before Flop (didn't bet)
Seat 7: 45fbc2a5 folded before Flop (didn't bet)



Poker Hand #ring_910033775: NLH No Limit ($1/$2) - 2025/06/01 00:58:19
Table 'MR NLH 1/2' 7-max Seat #7 is the button
Seat 4: 7f307c7b ($732.05 in chips)
Seat 1: b80ccbd4 ($780.89 in chips)
Seat 3: 5d851de6 ($367.01 in chips)
Seat 5: ff2e0002 ($670.48 in chips)
Seat 2: 29f0741 ($379.97 in chips)
Seat 6: Hero ($529.42 in chips)
Seat 7: 45fbc2a5 ($215.25 in chips)
b80ccbd4: posts small blind $1
29f0741: posts big blind $2
*** HOLE CARDS ***
Dealt to 7f307c7b 
Dealt to b80ccbd4 
Dealt to 5d851de6 
Dealt to ff2e0002 
Dealt to 29f0741 
Dealt to Hero [Ah Ks]
Dealt to 45fbc2a5 
5d851de6: folds
7f307c7b: calls $2
ff2e0002: calls $2
Hero: raises $4 to $6
45fbc2a5: calls $6
b80ccbd4: folds
29f0741: folds
7f307c7b: calls $4
ff2e0002: calls $4
*** FLOP *** [Jd 3h 6c]
7f307c7b: checks
ff2e0002: checks
Hero: bets $13.5
45fbc2a5: folds
7f307c7b: calls $13.5
ff2e0002: calls $13.5
*** TURN *** [Jd 3h 6c] [9c]
7f307c7b: checks
ff2e0002: checks
Hero: checks
*** RIVER *** [Jd 3h 6c 9c] [9h]
7f307c7b: checks
ff2e0002: bets $54
Hero: folds
7f307c7b: folds
Uncalled bet ($54) returned to ff2e0002
7f307c7b: shows [3d]
*** SHOWDOWN ***
ff2e0002 collected $67.5 from pot
*** SUMMARY ***
Total pot $67.5
Board [Jd 3h 6c 9c 9h]
Seat 4: 7f307c7b folded on the River
Seat 1: b80ccbd4(small blind) folded before Flop
Seat 3: 5d851de6 folded before Flop (didn't bet)
Seat 5: ff2e0002won ($67.5) with Pair of Nines
Seat 2: 29f0741(big blind) folded before Flop
Seat 6: Hero folded on the River
Seat 7: 45fbc2a5 folded on the Flop



Poker Hand #ring_910031897: NLH No Limit ($1/$2) - 2025/06/01 00:57:11
Table 'MR NLH 1/2' 7-max Seat #6 is the button
Seat 4: 7f307c7b ($688.83 in chips)
Seat 1: b80ccbd4 ($785.89 in chips)
Seat 3: 5d851de6 ($367.01 in chips)
Seat 5: ff2e0002 ($670.48 in chips)
Seat 2: 29f0741 ($416.47 in chips)
Seat 6: Hero ($534.42 in chips)
Seat 7: 45fbc2a5 ($216.25 in chips)
45fbc2a5: posts small blind $1
b80ccbd4: posts big blind $2
*** HOLE CARDS ***
Dealt to 7f307c7b 
Dealt to b80ccbd4 
Dealt to 5d851de6 
Dealt to ff2e0002 
Dealt to 29f0741 
Dealt to Hero [Td 7d]
Dealt to 45fbc2a5 
29f0741: raises $3 to $5
5d851de6: folds
7f307c7b: calls $5
ff2e0002: folds
Hero: calls $5
45fbc2a5: folds
b80ccbd4: calls $3
*** FLOP *** [Ac 3h 2h]
b80ccbd4: checks
29f0741: checks
7f307c7b: bets $10.5
Hero: folds
b80ccbd4: folds
29f0741: calls $10.5
*** TURN *** [Ac 3h 2h] [2c]
29f0741: checks
7f307c7b: bets $21
29f0741: calls $21
*** RIVER *** [Ac 3h 2h 2c] [4d]
29f0741: checks
7f307c7b: bets $42
29f0741: folds
Uncalled bet ($42) returned to 7f307c7b
*** SHOWDOWN ***
7f307c7b collected $84 from pot
*** SUMMARY ***
Total pot $84
Board [Ac 3h 2h 2c 4d]
Seat 4: 7f307c7bwon ($84) with Fives-High Straight
Seat 1: b80ccbd4(big blind) folded on the Flop
Seat 3: 5d851de6 folded before Flop (didn't bet)
Seat 5: ff2e0002 folded before Flop (didn't bet)
Seat 2: 29f0741 folded on the River
Seat 6: Hero folded on the Flop
Seat 7: 45fbc2a5(small blind) folded before Flop



Poker Hand #ring_910030064: NLH No Limit ($1/$2) - 2025/06/01 00:56:05
Table 'MR NLH 1/2' 7-max Seat #5 is the button
Seat 4: 7f307c7b ($715.58 in chips)
Seat 1: b80ccbd4 ($735.54 in chips)
Seat 3: 5d851de6 ($367.01 in chips)
Seat 5: ff2e0002 ($670.48 in chips)
Seat 2: 29f0741 ($416.47 in chips)
Seat 6: Hero ($535.42 in chips)
Seat 7: 45fbc2a5 ($243 in chips)
Hero: posts small blind $1
45fbc2a5: posts big blind $2
*** HOLE CARDS ***
Dealt to 7f307c7b 
Dealt to b80ccbd4 
Dealt to 5d851de6 
Dealt to ff2e0002 
Dealt to 29f0741 
Dealt to Hero [4h 8d]
Dealt to 45fbc2a5 
b80ccbd4: raises $2 to $4
29f0741: folds
5d851de6: folds
7f307c7b: calls $4
ff2e0002: folds
Hero: folds
45fbc2a5: calls $2
*** FLOP *** [9s 6c 4d]
45fbc2a5: checks
b80ccbd4: bets $6.5
7f307c7b: calls $6.5
45fbc2a5: calls $6.5
*** TURN *** [9s 6c 4d] [Kd]
45fbc2a5: checks
b80ccbd4: checks
7f307c7b: bets $16.25
45fbc2a5: calls $16.25
b80ccbd4: calls $16.25
*** RIVER *** [9s 6c 4d Kd] [5d]
45fbc2a5: checks
b80ccbd4: bets $40.62
7f307c7b: folds
45fbc2a5: folds
Uncalled bet ($40.62) returned to b80ccbd4
*** SHOWDOWN ***
b80ccbd4 collected $81.25 from pot
*** SUMMARY ***
Total pot $81.25
Board [9s 6c 4d Kd 5d]
Seat 4: 7f307c7b folded on the River
Seat 1: b80ccbd4won ($81.25) with Nines-High Straight
Seat 3: 5d851de6 folded before Flop (didn't bet)
Seat 5: ff2e0002 folded before Flop (didn't bet)
Seat 2: 29f0741 folded before Flop (didn't bet)
Seat 6: Hero(small blind) folded before Flop
Seat 7: 45fbc2a5(big blind) folded on the River



Poker Hand #ring_910028676: NLH No Limit ($1/$2) - 2025/06/01 00:55:15
Table 'MR NLH 1/2' 7-max Seat #4 is the button
Seat 4: 7f307c7b ($717.58 in chips)
Seat 1: b80ccbd4 ($735.54 in chips)
Seat 3: 5d851de6 ($367.01 in chips)
Seat 5: ff2e0002 ($671.48 in chips)
Seat 2: 29f0741 ($416.47 in chips)
Seat 6: Hero ($530.73 in chips)
Seat 7: 45fbc2a5 ($245 in chips)
ff2e0002: posts small blind $1
Hero: posts big blind $2
*** HOLE CARDS ***
Dealt to 7f307c7b 
Dealt to b80ccbd4 
Dealt to 5d851de6 
Dealt to ff2e0002 
Dealt to 29f0741 
Dealt to Hero [6h Jd]
Dealt to 45fbc2a5 
45fbc2a5: calls $2
b80ccbd4: folds
29f0741: folds
5d851de6: folds
7f307c7b: calls $2
ff2e0002: folds
Hero: checks
*** FLOP *** [5h Ac 2s]
Hero: checks
45fbc2a5: checks
7f307c7b: checks
*** TURN *** [5h Ac 2s] [3c]
Hero: checks
45fbc2a5: checks
7f307c7b: checks
*** RIVER *** [5h Ac 2s 3c] [Th]
Hero: bets $3.5
45fbc2a5: folds
7f307c7b: folds
Uncalled bet ($3.5) returned to Hero
*** SHOWDOWN ***
Hero collected $7 from pot
*** SUMMARY ***
Total pot $7
Board [5h Ac 2s 3c Th]
Seat 4: 7f307c7b folded on the River
Seat 1: b80ccbd4 folded before Flop (didn't bet)
Seat 3: 5d851de6 folded before Flop (didn't bet)
Seat 5: ff2e0002(small blind) folded before Flop
Seat 2: 29f0741 folded before Flop (didn't bet)
Seat 6: Hero(big blind)won ($7) with Ace-High
Seat 7: 45fbc2a5 folded on the River



Poker Hand #ring_910027356: NLH No Limit ($1/$2) - 2025/06/01 00:54:27
Table 'MR NLH 1/2' 7-max Seat #3 is the button
Seat 4: 7f307c7b ($731.08 in chips)
Seat 1: b80ccbd4 ($735.54 in chips)
Seat 3: 5d851de6 ($372.01 in chips)
Seat 5: ff2e0002 ($673.48 in chips)
Seat 2: 29f0741 ($398 in chips)
Seat 6: Hero ($530.73 in chips)
Seat 7: 45fbc2a5 ($245 in chips)
7f307c7b: posts small blind $1
ff2e0002: posts big blind $2
*** HOLE CARDS ***
Dealt to 7f307c7b 
Dealt to b80ccbd4 
Dealt to 5d851de6 
Dealt to ff2e0002 
Dealt to 29f0741 
Dealt to Hero [Jh 8d]
Dealt to 45fbc2a5 
Hero: folds
45fbc2a5: folds
b80ccbd4: folds
29f0741: raises $3 to $5
5d851de6: calls $5
7f307c7b: calls $4
ff2e0002: folds
*** FLOP *** [9c Js 4h]
7f307c7b: bets $8.5
29f0741: calls $8.5
5d851de6: folds
*** TURN *** [9c Js 4h] [7c]
7f307c7b: checks
29f0741: bets $25.5
7f307c7b: folds
Uncalled bet ($25.5) returned to 29f0741
*** SHOWDOWN ***
29f0741 collected $34 from pot
*** SUMMARY ***
Total pot $34
Board [9c Js 4h 7c]
Seat 4: 7f307c7b(small blind) folded on the Turn
Seat 1: b80ccbd4 folded before Flop (didn't bet)
Seat 3: 5d851de6 folded on the Flop
Seat 5: ff2e0002(big blind) folded before Flop
Seat 2: 29f0741won ($34) with Pair of Jacks
Seat 6: Hero folded before Flop (didn't bet)
Seat 7: 45fbc2a5 folded before Flop (didn't bet)



Poker Hand #ring_910026083: NLH No Limit ($1/$2) - 2025/06/01 00:53:41
Table 'MR NLH 1/2' 7-max Seat #2 is the button
Seat 4: 7f307c7b ($711.44 in chips)
Seat 1: b80ccbd4 ($756.62 in chips)
Seat 3: 5d851de6 ($373.01 in chips)
Seat 5: ff2e0002 ($673.48 in chips)
Seat 2: 29f0741 ($398 in chips)
Seat 6: Hero ($530.73 in chips)
Seat 7: 45fbc2a5 ($245 in chips)
5d851de6: posts small blind $1
7f307c7b: posts big blind $2
*** HOLE CARDS ***
Dealt to 7f307c7b 
Dealt to b80ccbd4 
Dealt to 5d851de6 
Dealt to ff2e0002 
Dealt to 29f0741 
Dealt to Hero [Qc 7h]
Dealt to 45fbc2a5 
ff2e0002: folds
Hero: folds
45fbc2a5: folds
b80ccbd4: raises $4 to $6
29f0741: folds
5d851de6: folds
7f307c7b: calls $4
*** FLOP *** [Ac 7d 4d]
7f307c7b: checks
b80ccbd4: bets $6.5
7f307c7b: raises $8.58 to $15.08
b80ccbd4: calls $8.58
*** TURN *** [Ac 7d 4d] [As]
7f307c7b: checks
b80ccbd4: checks
*** RIVER *** [Ac 7d 4d As] [3d]
7f307c7b: bets $43.16
b80ccbd4: folds
Uncalled bet ($43.16) returned to 7f307c7b
*** SHOWDOWN ***
7f307c7b collected $43.16 from pot
*** SUMMARY ***
Total pot $43.16
Board [Ac 7d 4d As 3d]
Seat 4: 7f307c7b(big blind)won ($43.16) with Aces Full over Fours
Seat 1: b80ccbd4 folded on the River
Seat 3: 5d851de6(small blind) folded before Flop
Seat 5: ff2e0002 folded before Flop (didn't bet)
Seat 2: 29f0741 folded before Flop (didn't bet)
Seat 6: Hero folded before Flop (didn't bet)
Seat 7: 45fbc2a5 folded before Flop (didn't bet)



Poker Hand #ring_910024342: NLH No Limit ($1/$2) - 2025/06/01 00:52:40
Table 'MR NLH 1/2' 7-max Seat #1 is the button
Seat 4: 7f307c7b ($711.44 in chips)
Seat 1: b80ccbd4 ($762.12 in chips)
Seat 3: 5d851de6 ($365.14 in chips)
Seat 5: ff2e0002 ($673.48 in chips)
Seat 2: 29f0741 ($399 in chips)
Seat 6: Hero ($530.73 in chips)
Seat 7: 45fbc2a5 ($247 in chips)
29f0741: posts small blind $1
5d851de6: posts big blind $2
*** HOLE CARDS ***
Dealt to 7f307c7b 
Dealt to b80ccbd4 
Dealt to 5d851de6 
Dealt to ff2e0002 
Dealt to 29f0741 
Dealt to Hero [Jh 5d]
Dealt to 45fbc2a5 
7f307c7b: folds
ff2e0002: folds
Hero: folds
45fbc2a5: calls $2
b80ccbd4: calls $2
29f0741: folds
5d851de6: checks
*** FLOP *** [8h Ah Qd]
5d851de6: checks
45fbc2a5: checks
b80ccbd4: checks
*** TURN *** [8h Ah Qd] [Tc]
5d851de6: bets $3.5
45fbc2a5: folds
b80ccbd4: calls $3.5
*** RIVER *** [8h Ah Qd Tc] [Ac]
5d851de6: checks
b80ccbd4: checks
b80ccbd4: shows [Jc 2c]
5d851de6: shows [6h Qh]
*** SHOWDOWN ***
5d851de6 collected $14 from pot
*** SUMMARY ***
Total pot $14
Board [8h Ah Qd Tc Ac]
Seat 4: 7f307c7b folded before Flop (didn't bet)
Seat 1: b80ccbd4 showed [Jc 2c] and lost with Pair of Aces
Seat 3: 5d851de6(big blind) showed [6h Qh] and won ($14) with Pair of Aces and Pair of Queens
Seat 5: ff2e0002 folded before Flop (didn't bet)
Seat 2: 29f0741(small blind) folded before Flop
Seat 6: Hero folded before Flop (didn't bet)
Seat 7: 45fbc2a5 folded on the Turn



Poker Hand #ring_910022928: NLH No Limit ($1/$2) - 2025/06/01 00:51:48
Table 'MR NLH 1/2' 7-max Seat #7 is the button
Seat 4: 7f307c7b ($711.44 in chips)
Seat 1: b80ccbd4 ($760.12 in chips)
Seat 3: 5d851de6 ($365.14 in chips)
Seat 5: ff2e0002 ($673.48 in chips)
Seat 2: 29f0741 ($401 in chips)
Seat 6: Hero ($530.73 in chips)
Seat 7: 45fbc2a5 ($247 in chips)
b80ccbd4: posts small blind $1
29f0741: posts big blind $2
*** HOLE CARDS ***
Dealt to 7f307c7b 
Dealt to b80ccbd4 
Dealt to 5d851de6 
Dealt to ff2e0002 
Dealt to 29f0741 
Dealt to Hero [Tc 3h]
Dealt to 45fbc2a5 
5d851de6: folds
7f307c7b: folds
ff2e0002: folds
Hero: folds
45fbc2a5: folds
b80ccbd4: raises $4 to $6
29f0741: folds
Uncalled bet ($4) returned to b80ccbd4
*** SHOWDOWN ***
b80ccbd4 collected $4 from pot
*** SUMMARY ***
Total pot $4
Seat 4: 7f307c7b folded before Flop (didn't bet)
Seat 1: b80ccbd4(small blind)won ($4)
Seat 3: 5d851de6 folded before Flop (didn't bet)
Seat 5: ff2e0002 folded before Flop (didn't bet)
Seat 2: 29f0741(big blind) folded before Flop
Seat 6: Hero folded before Flop (didn't bet)
Seat 7: 45fbc2a5 folded before Flop (didn't bet)



Poker Hand #ring_910021990: NLH No Limit ($1/$2) - 2025/06/01 00:51:14
Table 'MR NLH 1/2' 7-max Seat #6 is the button
Seat 4: 7f307c7b ($711.44 in chips)
Seat 1: b80ccbd4 ($766.12 in chips)
Seat 3: 5d851de6 ($365.14 in chips)
Seat 5: ff2e0002 ($673.48 in chips)
Seat 2: 29f0741 ($401 in chips)
Seat 6: Hero ($524.31 in chips)
Seat 7: 45fbc2a5 ($248 in chips)
45fbc2a5: posts small blind $1
b80ccbd4: posts big blind $2
*** HOLE CARDS ***
Dealt to 7f307c7b 
Dealt to b80ccbd4 
Dealt to 5d851de6 
Dealt to ff2e0002 
Dealt to 29f0741 
Dealt to Hero [3h 5h]
Dealt to 45fbc2a5 
29f0741: folds
5d851de6: folds
7f307c7b: folds
ff2e0002: folds
Hero: raises $4 to $6
45fbc2a5: folds
b80ccbd4: calls $4
*** FLOP *** [4c 3c 4h]
b80ccbd4: checks
Hero: bets $6.5
b80ccbd4: folds
Uncalled bet ($6.5) returned to Hero
*** SHOWDOWN ***
Hero collected $13 from pot
*** SUMMARY ***
Total pot $13
Board [4c 3c 4h]
Seat 4: 7f307c7b folded before Flop (didn't bet)
Seat 1: b80ccbd4(big blind) folded on the Flop
Seat 3: 5d851de6 folded before Flop (didn't bet)
Seat 5: ff2e0002 folded before Flop (didn't bet)
Seat 2: 29f0741 folded before Flop (didn't bet)
Seat 6: Herowon ($13) with Pair of Fours and Pair of Treys
Seat 7: 45fbc2a5(small blind) folded before Flop



Poker Hand #ring_910020410: NLH No Limit ($1/$2) - 2025/06/01 00:50:16
Table 'MR NLH 1/2' 7-max Seat #5 is the button
Seat 4: 7f307c7b ($711.44 in chips)
Seat 1: b80ccbd4 ($770.12 in chips)
Seat 3: 5d851de6 ($402.59 in chips)
Seat 5: ff2e0002 ($633.21 in chips)
Seat 2: 29f0741 ($401 in chips)
Seat 6: Hero ($525.31 in chips)
Seat 7: 45fbc2a5 ($250 in chips)
Hero: posts small blind $1
45fbc2a5: posts big blind $2
*** HOLE CARDS ***
Dealt to 7f307c7b 
Dealt to b80ccbd4 
Dealt to 5d851de6 
Dealt to ff2e0002 
Dealt to 29f0741 
Dealt to Hero [8c 3h]
Dealt to 45fbc2a5 
b80ccbd4: raises $2 to $4
29f0741: folds
5d851de6: raises $8.25 to $12.25
7f307c7b: folds
ff2e0002: raises $25.2 to $37.45
Hero: folds
45fbc2a5: folds
b80ccbd4: folds
5d851de6: calls $25.2
*** FLOP *** [4h 5s 8h]
5d851de6: checks
ff2e0002: bets $55.7
5d851de6: folds
Uncalled bet ($55.7) returned to ff2e0002
*** SHOWDOWN ***
ff2e0002 collected $81.9 from pot
*** SUMMARY ***
Total pot $81.9
Board [4h 5s 8h]
Seat 4: 7f307c7b folded before Flop (didn't bet)
Seat 1: b80ccbd4 folded before Flop
Seat 3: 5d851de6 folded on the Flop
Seat 5: ff2e0002won ($81.9) with Ace-High
Seat 2: 29f0741 folded before Flop (didn't bet)
Seat 6: Hero(small blind) folded before Flop
Seat 7: 45fbc2a5(big blind) folded before Flop



Poker Hand #ring_910018750: NLH No Limit ($1/$2) - 2025/06/01 00:49:17
Table 'MR NLH 1/2' 7-max Seat #4 is the button
Seat 4: 7f307c7b ($757.34 in chips)
Seat 1: b80ccbd4 ($776.12 in chips)
Seat 3: 5d851de6 ($402.59 in chips)
Seat 5: ff2e0002 ($634.21 in chips)
Seat 2: 29f0741 ($401 in chips)
Seat 6: Hero ($477.35 in chips)
ff2e0002: posts small blind $1
Hero: posts big blind $2
*** HOLE CARDS ***
Dealt to 7f307c7b 
Dealt to b80ccbd4 
Dealt to 5d851de6 
Dealt to ff2e0002 
Dealt to 29f0741 
Dealt to Hero [4h 4s]
b80ccbd4: calls $2
29f0741: folds
5d851de6: folds
7f307c7b: calls $2
ff2e0002: folds
Hero: raises $4 to $6
b80ccbd4: calls $4
7f307c7b: calls $4
*** FLOP *** [2c Qd 4c]
Hero: bets $9.5
b80ccbd4: folds
7f307c7b: calls $9.5
*** TURN *** [2c Qd 4c] [4d]
Hero: bets $30.4
7f307c7b: calls $30.4
*** RIVER *** [2c Qd 4c 4d] [7h]
Hero: checks
7f307c7b: checks
7f307c7b: shows [Ts Qh]
Hero: shows [4h 4s]
*** SHOWDOWN ***
Hero collected $98.8 from pot
*** SUMMARY ***
Total pot $98.8
Board [2c Qd 4c 4d 7h]
Seat 4: 7f307c7b showed [Ts Qh] and lost with Pair of Queens and Pair of Fours
Seat 1: b80ccbd4 folded on the Flop
Seat 3: 5d851de6 folded before Flop (didn't bet)
Seat 5: ff2e0002(small blind) folded before Flop
Seat 2: 29f0741 folded before Flop (didn't bet)
Seat 6: Hero(big blind) showed [4h 4s] and won ($98.8) with Four Fours



Poker Hand #ring_910018080: NLH No Limit ($1/$2) - 2025/06/01 00:48:53
Table 'MR NLH 1/2' 7-max Seat #3 is the button
Seat 4: 7f307c7b ($761.34 in chips)
Seat 1: b80ccbd4 ($770.57 in chips)
Seat 3: 5d851de6 ($402.59 in chips)
Seat 5: ff2e0002 ($636.21 in chips)
Seat 2: 29f0741 ($401 in chips)
Seat 6: Hero ($477.35 in chips)
7f307c7b: posts small blind $1
ff2e0002: posts big blind $2
*** HOLE CARDS ***
Dealt to 7f307c7b 
Dealt to b80ccbd4 
Dealt to 5d851de6 
Dealt to ff2e0002 
Dealt to 29f0741 
Dealt to Hero [Qs 9d]
Hero: folds
b80ccbd4: raises $2 to $4
29f0741: folds
5d851de6: folds
7f307c7b: calls $3
ff2e0002: folds
*** FLOP *** [5h 5s 7d]
7f307c7b: checks
b80ccbd4: bets $5
7f307c7b: folds
Uncalled bet ($5) returned to b80ccbd4
*** SHOWDOWN ***
b80ccbd4 collected $10 from pot
*** SUMMARY ***
Total pot $10
Board [5h 5s 7d]
Seat 4: 7f307c7b(small blind) folded on the Flop
Seat 1: b80ccbd4won ($10) with Pair of Sevens and Pair of Fives
Seat 3: 5d851de6 folded before Flop (didn't bet)
Seat 5: ff2e0002(big blind) folded before Flop
Seat 2: 29f0741 folded before Flop (didn't bet)
Seat 6: Hero folded before Flop (didn't bet)



Poker Hand #ring_910015769: NLH No Limit ($1/$2) - 2025/06/01 00:47:28
Table 'MR NLH 1/2' 7-max Seat #2 is the button
Seat 4: 7f307c7b ($776.84 in chips)
Seat 1: b80ccbd4 ($770.57 in chips)
Seat 3: 5d851de6 ($403.59 in chips)
Seat 5: ff2e0002 ($651.71 in chips)
Seat 2: 29f0741 ($401 in chips)
Seat 6: Hero ($447.98 in chips)
5d851de6: posts small blind $1
7f307c7b: posts big blind $2
*** HOLE CARDS ***
Dealt to 7f307c7b 
Dealt to b80ccbd4 
Dealt to 5d851de6 
Dealt to ff2e0002 
Dealt to 29f0741 
Dealt to Hero [8d 6d]
ff2e0002: raises $4 to $6
Hero: calls $6
b80ccbd4: folds
29f0741: folds
5d851de6: folds
7f307c7b: calls $4
*** FLOP *** [Ts 6h 4s]
7f307c7b: checks
ff2e0002: checks
Hero: bets $9.5
7f307c7b: calls $9.5
ff2e0002: calls $9.5
*** TURN *** [Ts 6h 4s] [Jh]
7f307c7b: checks
ff2e0002: checks
Hero: checks
*** RIVER *** [Ts 6h 4s Jh] [6c]
7f307c7b: checks
ff2e0002: checks
Hero: bets $38
7f307c7b: folds
ff2e0002: folds
Uncalled bet ($38) returned to Hero
7f307c7b: shows [8s 5s]
*** SHOWDOWN ***
Hero collected $47.5 from pot
*** SUMMARY ***
Total pot $47.5
Board [Ts 6h 4s Jh 6c]
Seat 4: 7f307c7b(big blind) folded on the River
Seat 1: b80ccbd4 folded before Flop (didn't bet)
Seat 3: 5d851de6(small blind) folded before Flop
Seat 5: ff2e0002 folded on the River
Seat 2: 29f0741 folded before Flop (didn't bet)
Seat 6: Herowon ($47.5) with Three Sixes



Poker Hand #ring_910014820: NLH No Limit ($1/$2) - 2025/06/01 00:46:55
Table 'MR NLH 1/2' 7-max Seat #1 is the button
Seat 4: 7f307c7b ($778.84 in chips)
Seat 1: b80ccbd4 ($774.57 in chips)
Seat 3: 5d851de6 ($396.59 in chips)
Seat 5: ff2e0002 ($651.71 in chips)
Seat 2: 29f0741 ($402 in chips)
Seat 6: Hero ($447.98 in chips)
29f0741: posts small blind $1
5d851de6: posts big blind $2
*** HOLE CARDS ***
Dealt to 7f307c7b 
Dealt to b80ccbd4 
Dealt to 5d851de6 
Dealt to ff2e0002 
Dealt to 29f0741 
Dealt to Hero [2h 7s]
7f307c7b: calls $2
ff2e0002: folds
Hero: folds
b80ccbd4: raises $2 to $4
29f0741: folds
5d851de6: raises $8.25 to $12.25
7f307c7b: folds
b80ccbd4: folds
Uncalled bet ($8.25) returned to 5d851de6
*** SHOWDOWN ***
5d851de6 collected $11 from pot
*** SUMMARY ***
Total pot $11
Seat 4: 7f307c7b folded before Flop
Seat 1: b80ccbd4 folded before Flop
Seat 3: 5d851de6(big blind)won ($11)
Seat 5: ff2e0002 folded before Flop (didn't bet)
Seat 2: 29f0741(small blind) folded before Flop
Seat 6: Hero folded before Flop (didn't bet)



Poker Hand #ring_910013471: NLH No Limit ($1/$2) - 2025/06/01 00:46:08
Table 'MR NLH 1/2' 7-max Seat #6 is the button
Seat 4: 7f307c7b ($786.84 in chips)
Seat 1: b80ccbd4 ($775.57 in chips)
Seat 3: 5d851de6 ($396.59 in chips)
Seat 5: ff2e0002 ($651.71 in chips)
Seat 2: 29f0741 ($404 in chips)
Seat 6: Hero ($437.83 in chips)
b80ccbd4: posts small blind $1
29f0741: posts big blind $2
*** HOLE CARDS ***
Dealt to 7f307c7b 
Dealt to b80ccbd4 
Dealt to 5d851de6 
Dealt to ff2e0002 
Dealt to 29f0741 
Dealt to Hero [As 5s]
5d851de6: folds
7f307c7b: calls $2
ff2e0002: folds
Hero: raises $6 to $8
b80ccbd4: folds
29f0741: folds
7f307c7b: calls $6
*** FLOP *** [Qd 2h Ad]
7f307c7b: checks
Hero: checks
*** TURN *** [Qd 2h Ad] [3c]
7f307c7b: checks
Hero: bets $9.5
7f307c7b: folds
Uncalled bet ($9.5) returned to Hero
*** SHOWDOWN ***
Hero collected $19 from pot
*** SUMMARY ***
Total pot $19
Board [Qd 2h Ad 3c]
Seat 4: 7f307c7b folded on the Turn
Seat 1: b80ccbd4(small blind) folded before Flop
Seat 3: 5d851de6 folded before Flop (didn't bet)
Seat 5: ff2e0002 folded before Flop (didn't bet)
Seat 2: 29f0741(big blind) folded before Flop
Seat 6: Herowon ($19) with Pair of Aces



Poker Hand #ring_910012324: NLH No Limit ($1/$2) - 2025/06/01 00:45:28
Table 'MR NLH 1/2' 7-max Seat #5 is the button
Seat 4: 7f307c7b ($786.84 in chips)
Seat 1: b80ccbd4 ($780.57 in chips)
Seat 3: 5d851de6 ($396.59 in chips)
Seat 5: ff2e0002 ($646.2 in chips)
Seat 2: 29f0741 ($404 in chips)
Seat 6: Hero ($438.83 in chips)
Hero: posts small blind $1
b80ccbd4: posts big blind $2
*** HOLE CARDS ***
Dealt to 7f307c7b 
Dealt to b80ccbd4 
Dealt to 5d851de6 
Dealt to ff2e0002 
Dealt to 29f0741 
Dealt to Hero [2s 8s]
29f0741: folds
5d851de6: folds
7f307c7b: folds
ff2e0002: raises $3 to $5
Hero: folds
b80ccbd4: calls $3
*** FLOP *** [Ts 7d 9c]
b80ccbd4: checks
ff2e0002: checks
*** TURN *** [Ts 7d 9c] [Ac]
b80ccbd4: checks
ff2e0002: bets $8.8
b80ccbd4: folds
Uncalled bet ($8.8) returned to ff2e0002
*** SHOWDOWN ***
ff2e0002 collected $11 from pot
*** SUMMARY ***
Total pot $11
Board [Ts 7d 9c Ac]
Seat 4: 7f307c7b folded before Flop (didn't bet)
Seat 1: b80ccbd4(big blind) folded on the Turn
Seat 3: 5d851de6 folded before Flop (didn't bet)
Seat 5: ff2e0002won ($11) with Pair of Aces and Pair of Sevens
Seat 2: 29f0741 folded before Flop (didn't bet)
Seat 6: Hero(small blind) folded before Flop



Poker Hand #ring_910010901: NLH No Limit ($1/$2) - 2025/06/01 00:44:36
Table 'MR NLH 1/2' 7-max Seat #4 is the button
Seat 4: 7f307c7b ($799.34 in chips)
Seat 1: b80ccbd4 ($793.07 in chips)
Seat 3: 5d851de6 ($369 in chips)
Seat 5: ff2e0002 ($647.2 in chips)
Seat 2: 29f0741 ($404 in chips)
Seat 6: Hero ($442.83 in chips)
ff2e0002: posts small blind $1
Hero: posts big blind $2
*** HOLE CARDS ***
Dealt to 7f307c7b 
Dealt to b80ccbd4 
Dealt to 5d851de6 
Dealt to ff2e0002 
Dealt to 29f0741 
Dealt to Hero [4s 9s]
b80ccbd4: raises $2 to $4
29f0741: folds
5d851de6: calls $4
7f307c7b: calls $4
ff2e0002: folds
Hero: calls $2
*** FLOP *** [9d 8s Ah]
Hero: checks
b80ccbd4: checks
5d851de6: bets $8.5
7f307c7b: calls $8.5
Hero: folds
b80ccbd4: calls $8.5
*** TURN *** [9d 8s Ah] [Kd]
b80ccbd4: checks
5d851de6: bets $21.25
7f307c7b: folds
b80ccbd4: folds
Uncalled bet ($21.25) returned to 5d851de6
*** SHOWDOWN ***
5d851de6 collected $42.5 from pot
*** SUMMARY ***
Total pot $42.5
Board [9d 8s Ah Kd]
Seat 4: 7f307c7b folded on the Turn
Seat 1: b80ccbd4 folded on the Turn
Seat 3: 5d851de6won ($42.5) with Ace-High
Seat 5: ff2e0002(small blind) folded before Flop
Seat 2: 29f0741 folded before Flop (didn't bet)
Seat 6: Hero(big blind) folded on the Flop



Poker Hand #ring_910009071: NLH No Limit ($1/$2) - 2025/06/01 00:43:32
Table 'MR NLH 1/2' 7-max Seat #3 is the button
Seat 4: 7f307c7b ($805.34 in chips)
Seat 1: b80ccbd4 ($793.07 in chips)
Seat 3: 5d851de6 ($387 in chips)
Seat 5: ff2e0002 ($653.2 in chips)
Seat 2: 29f0741 ($404 in chips)
Seat 6: Hero ($415.49 in chips)
7f307c7b: posts small blind $1
ff2e0002: posts big blind $2
*** HOLE CARDS ***
Dealt to 7f307c7b 
Dealt to b80ccbd4 
Dealt to 5d851de6 
Dealt to ff2e0002 
Dealt to 29f0741 
Dealt to Hero [As Jh]
Hero: raises $4 to $6
b80ccbd4: folds
29f0741: folds
5d851de6: calls $6
7f307c7b: calls $5
ff2e0002: calls $4
*** FLOP *** [8s 9h 2s]
7f307c7b: checks
ff2e0002: checks
Hero: checks
5d851de6: checks
*** TURN *** [8s 9h 2s] [Ac]
7f307c7b: checks
ff2e0002: checks
Hero: bets $12
5d851de6: calls $12
7f307c7b: folds
ff2e0002: folds
*** RIVER *** [8s 9h 2s Ac] [5d]
Hero: checks
5d851de6: checks
5d851de6: shows [Ah 7d]
Hero: shows [As Jh]
*** SHOWDOWN ***
Hero collected $48 from pot
*** SUMMARY ***
Total pot $48
Board [8s 9h 2s Ac 5d]
Seat 4: 7f307c7b(small blind) folded on the Turn
Seat 1: b80ccbd4 folded before Flop (didn't bet)
Seat 3: 5d851de6 showed [Ah 7d] and lost with Pair of Aces
Seat 5: ff2e0002(big blind) folded on the Turn
Seat 2: 29f0741 folded before Flop (didn't bet)
Seat 6: Hero showed [As Jh] and won ($48) with Pair of Aces



Poker Hand #ring_910007552: NLH No Limit ($1/$2) - 2025/06/01 00:42:39
Table 'MR NLH 1/2' 7-max Seat #2 is the button
Seat 4: 7f307c7b ($807.34 in chips)
Seat 1: b80ccbd4 ($823.99 in chips)
Seat 3: 5d851de6 ($388 in chips)
Seat 5: ff2e0002 ($760.73 in chips)
Seat 2: 29f0741 ($404 in chips)
Seat 6: Hero ($285.74 in chips)
5d851de6: posts small blind $1
7f307c7b: posts big blind $2
*** HOLE CARDS ***
Dealt to 7f307c7b 
Dealt to b80ccbd4 
Dealt to 5d851de6 
Dealt to ff2e0002 
Dealt to 29f0741 
Dealt to Hero [7d Ad]
ff2e0002: raises $3 to $5
Hero: calls $5
b80ccbd4: calls $5
29f0741: folds
5d851de6: folds
7f307c7b: folds
*** FLOP *** [8h Ac 7s]
ff2e0002: bets $4.5
Hero: calls $4.5
b80ccbd4: calls $4.5
*** TURN *** [8h Ac 7s] [9d]
ff2e0002: bets $21.42
Hero: calls $21.42
b80ccbd4: calls $21.42
*** RIVER *** [8h Ac 7s 9d] [Ks]
ff2e0002: bets $76.61
Hero: calls $76.61
b80ccbd4: folds
ff2e0002: shows [Qh As]
Hero: shows [7d Ad]
*** SHOWDOWN ***
Hero collected $248.98 from pot
*** SUMMARY ***
Total pot $248.98
Board [8h Ac 7s 9d Ks]
Seat 4: 7f307c7b(big blind) folded before Flop
Seat 1: b80ccbd4 folded on the River
Seat 3: 5d851de6(small blind) folded before Flop
Seat 5: ff2e0002 showed [Qh As] and lost with Pair of Aces
Seat 2: 29f0741 folded before Flop (didn't bet)
Seat 6: Hero showed [7d Ad] and won ($248.98) with Pair of Aces and Pair of Sevens



Poker Hand #ring_910006708: NLH No Limit ($1/$2) - 2025/06/01 00:42:09
Table 'MR NLH 1/2' 7-max Seat #1 is the button
Seat 4: 7f307c7b ($809.34 in chips)
Seat 1: b80ccbd4 ($823.99 in chips)
Seat 3: 5d851de6 ($390 in chips)
Seat 5: ff2e0002 ($760.73 in chips)
Seat 2: 29f0741 ($400 in chips)
Seat 6: Hero ($285.74 in chips)
29f0741: posts small blind $1
5d851de6: posts big blind $2
*** HOLE CARDS ***
Dealt to 7f307c7b 
Dealt to b80ccbd4 
Dealt to 5d851de6 
Dealt to ff2e0002 
Dealt to 29f0741 
Dealt to Hero [5h 3d]
7f307c7b: calls $2
ff2e0002: folds
Hero: folds
b80ccbd4: folds
29f0741: raises $8 to $10
5d851de6: folds
7f307c7b: folds
Uncalled bet ($8) returned to 29f0741
*** SHOWDOWN ***
29f0741 collected $6 from pot
*** SUMMARY ***
Total pot $6
Seat 4: 7f307c7b folded before Flop
Seat 1: b80ccbd4 folded before Flop (didn't bet)
Seat 3: 5d851de6(big blind) folded before Flop
Seat 5: ff2e0002 folded before Flop (didn't bet)
Seat 2: 29f0741(small blind)won ($6)
Seat 6: Hero folded before Flop (didn't bet)



Poker Hand #ring_910004347: NLH No Limit ($1/$2) - 2025/06/01 00:40:42
Table 'MR NLH 1/2' 7-max Seat #7 is the button
Seat 4: 7f307c7b ($809.34 in chips)
Seat 1: b80ccbd4 ($839.99 in chips)
Seat 3: 5d851de6 ($396 in chips)
Seat 5: ff2e0002 ($760.73 in chips)
Seat 2: 29f0741 ($218 in chips)
Seat 6: Hero ($264.04 in chips)
Seat 7: 7638b364 ($713.28 in chips)
b80ccbd4: posts small blind $1
29f0741: posts big blind $2
*** HOLE CARDS ***
Dealt to 7f307c7b 
Dealt to b80ccbd4 
Dealt to 5d851de6 
Dealt to ff2e0002 
Dealt to 29f0741 
Dealt to Hero [5c Ac]
Dealt to 7638b364 
5d851de6: calls $2
7f307c7b: folds
ff2e0002: folds
Hero: raises $4 to $6
7638b364: folds
b80ccbd4: calls $5
29f0741: folds
5d851de6: calls $4
*** FLOP *** [As 8c 6s]
b80ccbd4: checks
5d851de6: checks
Hero: checks
*** TURN *** [As 8c 6s] [3c]
b80ccbd4: bets $10
5d851de6: folds
Hero: raises $30 to $40
b80ccbd4: folds
Uncalled bet ($30) returned to Hero
*** SHOWDOWN ***
Hero collected $40 from pot
*** SUMMARY ***
Total pot $40
Board [As 8c 6s 3c]
Seat 4: 7f307c7b folded before Flop (didn't bet)
Seat 1: b80ccbd4(small blind) folded on the Turn
Seat 3: 5d851de6 folded on the Turn
Seat 5: ff2e0002 folded before Flop (didn't bet)
Seat 2: 29f0741(big blind) folded before Flop
Seat 6: Herowon ($40) with Pair of Aces
Seat 7: 7638b364 folded before Flop (didn't bet)



Poker Hand #ring_910002216: NLH No Limit ($1/$2) - 2025/06/01 00:39:25
Table 'MR NLH 1/2' 7-max Seat #6 is the button
Seat 4: 7f307c7b ($809.34 in chips)
Seat 1: b80ccbd4 ($945.03 in chips)
Seat 3: 5d851de6 ($398 in chips)
Seat 5: ff2e0002 ($653.22 in chips)
Seat 6: Hero ($274.04 in chips)
Seat 7: 7638b364 ($714.28 in chips)
7638b364: posts small blind $1
b80ccbd4: posts big blind $2
*** HOLE CARDS ***
Dealt to 7f307c7b 
Dealt to b80ccbd4 
Dealt to 5d851de6 
Dealt to ff2e0002 
Dealt to Hero [5s 5h]
Dealt to 7638b364 
5d851de6: calls $2
7f307c7b: folds
ff2e0002: raises $8 to $10
Hero: calls $10
7638b364: folds
b80ccbd4: calls $8
5d851de6: folds
*** FLOP *** [8s 3h 7d]
b80ccbd4: checks
ff2e0002: bets $26.4
Hero: folds
b80ccbd4: calls $26.4
*** TURN *** [8s 3h 7d] [4c]
b80ccbd4: checks
ff2e0002: bets $68.64
b80ccbd4: calls $68.64
*** RIVER *** [8s 3h 7d 4c] [Tc]
b80ccbd4: checks
ff2e0002: checks
b80ccbd4: shows [Qc Qd]
ff2e0002: shows [As Ad]
*** SHOWDOWN ***
ff2e0002 collected $223.08 from pot
*** SUMMARY ***
Total pot $223.08
Board [8s 3h 7d 4c Tc]
Seat 4: 7f307c7b folded before Flop (didn't bet)
Seat 1: b80ccbd4(big blind) showed [Qc Qd] and lost with Pair of Queens
Seat 3: 5d851de6 folded before Flop
Seat 5: ff2e0002 showed [As Ad] and won ($223.08) with Pair of Aces
Seat 6: Hero folded on the Flop
Seat 7: 7638b364(small blind) folded before Flop



Poker Hand #ring_910001596: NLH No Limit ($1/$2) - 2025/06/01 00:39:04
Table 'MR NLH 1/2' 7-max Seat #5 is the button
Seat 4: 7f307c7b ($809.34 in chips)
Seat 1: b80ccbd4 ($942.03 in chips)
Seat 3: 5d851de6 ($398 in chips)
Seat 5: ff2e0002 ($653.22 in chips)
Seat 6: Hero ($275.04 in chips)
Seat 7: 7638b364 ($716.28 in chips)
Hero: posts small blind $1
7638b364: posts big blind $2
*** HOLE CARDS ***
Dealt to 7f307c7b 
Dealt to b80ccbd4 
Dealt to 5d851de6 
Dealt to ff2e0002 
Dealt to Hero [5d 9h]
Dealt to 7638b364 
b80ccbd4: raises $2 to $4
5d851de6: folds
7f307c7b: folds
ff2e0002: folds
Hero: folds
7638b364: folds
Uncalled bet ($2) returned to b80ccbd4
*** SHOWDOWN ***
b80ccbd4 collected $5 from pot
*** SUMMARY ***
Total pot $5
Seat 4: 7f307c7b folded before Flop (didn't bet)
Seat 1: b80ccbd4won ($5)
Seat 3: 5d851de6 folded before Flop (didn't bet)
Seat 5: ff2e0002 folded before Flop (didn't bet)
Seat 6: Hero(small blind) folded before Flop
Seat 7: 7638b364(big blind) folded before Flop



Poker Hand #ring_910000188: NLH No Limit ($1/$2) - 2025/06/01 00:38:12
Table 'MR NLH 1/2' 7-max Seat #4 is the button
Seat 4: 7f307c7b ($827.34 in chips)
Seat 1: b80ccbd4 ($950.03 in chips)
Seat 3: 5d851de6 ($400 in chips)
Seat 5: ff2e0002 ($654.22 in chips)
Seat 6: Hero ($283.04 in chips)
Seat 7: 7638b364 ($682.25 in chips)
ff2e0002: posts small blind $1
Hero: posts big blind $2
5d851de6: posts big blind $2
*** HOLE CARDS ***
Dealt to 7f307c7b 
Dealt to b80ccbd4 
Dealt to 5d851de6 
Dealt to ff2e0002 
Dealt to Hero [3s 4h]
Dealt to 7638b364 
7638b364: raises $6 to $8
b80ccbd4: calls $8
5d851de6: folds
7f307c7b: calls $8
ff2e0002: folds
Hero: calls $6
*** FLOP *** [Kc 5h 5s]
Hero: checks
7638b364: bets $10
b80ccbd4: folds
7f307c7b: calls $10
Hero: folds
*** TURN *** [Kc 5h 5s] [3h]
7638b364: checks
7f307c7b: checks
*** RIVER *** [Kc 5h 5s 3h] [8c]
7638b364: bets $2
7f307c7b: folds
Uncalled bet ($2) returned to 7638b364
*** SHOWDOWN ***
7638b364 collected $55 from pot
*** SUMMARY ***
Total pot $55
Board [Kc 5h 5s 3h 8c]
Seat 4: 7f307c7b folded on the River
Seat 1: b80ccbd4 folded on the Flop
Seat 3: 5d851de6 folded before Flop
Seat 5: ff2e0002(small blind) folded before Flop
Seat 6: Hero(big blind) folded on the Flop
Seat 7: 7638b364won ($55) with Pair of Fives



Poker Hand #ring_909998951: NLH No Limit ($1/$2) - 2025/06/01 00:37:26
Table 'MR NLH 1/2' 7-max Seat #0 is the button
Seat 4: 7f307c7b ($828.34 in chips)
Seat 1: b80ccbd4 ($950.03 in chips)
Seat 5: ff2e0002 ($658.62 in chips)
Seat 6: Hero ($278.08 in chips)
Seat 7: 7638b364 ($682.25 in chips)
7f307c7b: posts small blind $1
ff2e0002: posts big blind $2
*** HOLE CARDS ***
Dealt to 7f307c7b 
Dealt to b80ccbd4 
Dealt to ff2e0002 
Dealt to Hero [8h Ah]
Dealt to 7638b364 
Hero: raises $2.4 to $4.4
7638b364: folds
b80ccbd4: folds
7f307c7b: folds
ff2e0002: calls $2.4
*** FLOP *** [Jh 6s 4h]
ff2e0002: checks
Hero: bets $4.9
ff2e0002: folds
Uncalled bet ($4.9) returned to Hero
*** SHOWDOWN ***
Hero collected $9.8 from pot
*** SUMMARY ***
Total pot $9.8
Board [Jh 6s 4h]
Seat 4: 7f307c7b(small blind) folded before Flop
Seat 1: b80ccbd4 folded before Flop (didn't bet)
Seat 5: ff2e0002(big blind) folded on the Flop
Seat 6: Herowon ($9.8) with Ace-High
Seat 7: 7638b364 folded before Flop (didn't bet)



Poker Hand #ring_909996919: NLH No Limit ($1/$2) - 2025/06/01 00:36:10
Table 'MR NLH 1/2' 7-max Seat #1 is the button
Seat 4: 7f307c7b ($830.34 in chips)
Seat 1: b80ccbd4 ($950.03 in chips)
Seat 5: ff2e0002 ($658.62 in chips)
Seat 2: bdb104c3 ($268.07 in chips)
Seat 6: Hero ($284.08 in chips)
Seat 7: 7638b364 ($431.16 in chips)
bdb104c3: posts small blind $1
7f307c7b: posts big blind $2
*** HOLE CARDS ***
Dealt to 7f307c7b 
Dealt to b80ccbd4 
Dealt to ff2e0002 
Dealt to bdb104c3 
Dealt to Hero [Js Ts]
Dealt to 7638b364 
ff2e0002: folds
Hero: raises $4 to $6
7638b364: calls $6
b80ccbd4: folds
bdb104c3: raises $26 to $32
7f307c7b: folds
Hero: folds
7638b364: calls $26
*** FLOP *** [9s Qs 5s]
bdb104c3: bets $23.76
7638b364: calls $23.76
*** TURN *** [9s Qs 5s] [9d]
bdb104c3: bets $39.45
7638b364: calls $39.45
*** RIVER *** [9s Qs 5s 9d] [Jd]
bdb104c3: bets $172.86 and is all-in
7638b364: calls $172.86
bdb104c3: shows [As Ad]
7638b364: shows [8s Ks]
Hero: shows [Js Ts]
*** SHOWDOWN ***
7638b364 collected $544.14 from pot
*** SUMMARY ***
Total pot $544.14
Board [9s Qs 5s 9d Jd]
Seat 4: 7f307c7b(big blind) folded before Flop
Seat 1: b80ccbd4 folded before Flop (didn't bet)
Seat 5: ff2e0002 folded before Flop (didn't bet)
Seat 2: bdb104c3(small blind) showed [As Ad] and lost with Pair of Aces and Pair of Nines
Seat 6: Hero folded before Flop
Seat 7: 7638b364 showed [8s Ks] and won ($544.14) with King High Flush



Poker Hand #ring_909996418: NLH No Limit ($1/$2) - 2025/06/01 00:35:52
Table 'MR NLH 1/2' 7-max Seat #7 is the button
Seat 4: 7f307c7b ($830.34 in chips)
Seat 1: b80ccbd4 ($951.03 in chips)
Seat 5: ff2e0002 ($658.62 in chips)
Seat 2: bdb104c3 ($202 in chips)
Seat 6: Hero ($284.08 in chips)
Seat 7: 7638b364 ($428.16 in chips)
b80ccbd4: posts small blind $1
bdb104c3: posts big blind $2
*** HOLE CARDS ***
Dealt to 7f307c7b 
Dealt to b80ccbd4 
Dealt to ff2e0002 
Dealt to bdb104c3 
Dealt to Hero [Td 4s]
Dealt to 7638b364 
7f307c7b: folds
ff2e0002: folds
Hero: folds
7638b364: raises $6 to $8
b80ccbd4: folds
bdb104c3: folds
Uncalled bet ($6) returned to 7638b364
*** SHOWDOWN ***
7638b364 collected $5 from pot
*** SUMMARY ***
Total pot $5
Seat 4: 7f307c7b folded before Flop (didn't bet)
Seat 1: b80ccbd4(small blind) folded before Flop
Seat 5: ff2e0002 folded before Flop (didn't bet)
Seat 2: bdb104c3(big blind) folded before Flop
Seat 6: Hero folded before Flop (didn't bet)
Seat 7: 7638b364won ($5)



Poker Hand #ring_909994769: NLH No Limit ($1/$2) - 2025/06/01 00:34:51
Table 'MR NLH 1/2' 7-max Seat #6 is the button
Seat 4: 7f307c7b ($835.34 in chips)
Seat 1: b80ccbd4 ($956.03 in chips)
Seat 5: ff2e0002 ($679.62 in chips)
Seat 6: Hero ($284.08 in chips)
Seat 7: 7638b364 ($400 in chips)
7638b364: posts small blind $1
b80ccbd4: posts big blind $2
*** HOLE CARDS ***
Dealt to 7f307c7b 
Dealt to b80ccbd4 
Dealt to ff2e0002 
Dealt to Hero [Jh Td]
Dealt to 7638b364 
7f307c7b: calls $2
ff2e0002: raises $3 to $5
Hero: folds
7638b364: calls $4
b80ccbd4: calls $3
7f307c7b: calls $3
*** FLOP *** [8h Tc 7s]
7638b364: checks
b80ccbd4: checks
7f307c7b: checks
ff2e0002: checks
*** TURN *** [8h Tc 7s] [5d]
7638b364: checks
b80ccbd4: checks
7f307c7b: checks
ff2e0002: bets $16
7638b364: calls $16
b80ccbd4: folds
7f307c7b: folds
*** RIVER *** [8h Tc 7s 5d] [8s]
7638b364: bets $38
ff2e0002: folds
Uncalled bet ($38) returned to 7638b364
7f307c7b: shows [7d]
*** SHOWDOWN ***
7638b364 collected $52 from pot
*** SUMMARY ***
Total pot $52
Board [8h Tc 7s 5d 8s]
Seat 4: 7f307c7b folded on the Turn
Seat 1: b80ccbd4(big blind) folded on the Turn
Seat 5: ff2e0002 folded on the River
Seat 6: Hero folded before Flop (didn't bet)
Seat 7: 7638b364(small blind)won ($52) with Three Eights



Poker Hand #ring_909993334: NLH No Limit ($1/$2) - 2025/06/01 00:33:58
Table 'MR NLH 1/2' 7-max Seat #5 is the button
Seat 4: 7f307c7b ($816.64 in chips)
Seat 1: b80ccbd4 ($956.03 in chips)
Seat 5: ff2e0002 ($679.62 in chips)
Seat 6: Hero ($303.08 in chips)
Seat 7: 7638b364 ($53.96 in chips)
Hero: posts small blind $1
7638b364: posts big blind $2
*** HOLE CARDS ***
Dealt to 7f307c7b 
Dealt to b80ccbd4 
Dealt to ff2e0002 
Dealt to Hero [Ts Th]
Dealt to 7638b364 
b80ccbd4: folds
7f307c7b: calls $2
ff2e0002: folds
Hero: raises $7 to $9
7638b364: folds
7f307c7b: calls $7
*** FLOP *** [3c 5h Jc]
Hero: checks
7f307c7b: checks
*** TURN *** [3c 5h Jc] [6h]
Hero: checks
7f307c7b: checks
*** RIVER *** [3c 5h Jc 6h] [As]
Hero: bets $10
7f307c7b: calls $10
7f307c7b: shows [2s Ac]
Hero: shows [Ts Th]
*** SHOWDOWN ***
7f307c7b collected $40 from pot
*** SUMMARY ***
Total pot $40
Board [3c 5h Jc 6h As]
Seat 4: 7f307c7b showed [2s Ac] and won ($40) with Pair of Aces
Seat 1: b80ccbd4 folded before Flop (didn't bet)
Seat 5: ff2e0002 folded before Flop (didn't bet)
Seat 6: Hero(small blind) showed [Ts Th] and lost with Pair of Tens
Seat 7: 7638b364(big blind) folded before Flop



Poker Hand #ring_909992308: NLH No Limit ($1/$2) - 2025/06/01 00:33:20
Table 'MR NLH 1/2' 7-max Seat #4 is the button
Seat 4: 7f307c7b ($765.43 in chips)
Seat 1: b80ccbd4 ($956.03 in chips)
Seat 5: ff2e0002 ($680.62 in chips)
Seat 6: Hero ($311.08 in chips)
Seat 7: 7638b364 ($101.33 in chips)
ff2e0002: posts small blind $1
Hero: posts big blind $2
*** HOLE CARDS ***
Dealt to 7f307c7b 
Dealt to b80ccbd4 
Dealt to ff2e0002 
Dealt to Hero [6d 5c]
Dealt to 7638b364 
7638b364: raises $6 to $8
b80ccbd4: folds
7f307c7b: calls $8
ff2e0002: folds
Hero: calls $6
*** FLOP *** [2c 9h 7c]
Hero: checks
7638b364: bets $18.75
7f307c7b: calls $18.75
Hero: folds
*** TURN *** [2c 9h 7c] [Ks]
7638b364: bets $20.62
7f307c7b: calls $20.62
*** RIVER *** [2c 9h 7c Ks] [Jh]
7638b364: checks
7f307c7b: checks
7f307c7b: shows [Ts Tc]
7638b364: shows [9d Ad]
*** SHOWDOWN ***
7f307c7b collected $103.74 from pot
*** SUMMARY ***
Total pot $103.74
Board [2c 9h 7c Ks Jh]
Seat 4: 7f307c7b showed [Ts Tc] and won ($103.74) with Pair of Tens
Seat 1: b80ccbd4 folded before Flop (didn't bet)
Seat 5: ff2e0002(small blind) folded before Flop
Seat 6: Hero(big blind) folded on the Flop
Seat 7: 7638b364 showed [9d Ad] and lost with Pair of Nines



Poker Hand #ring_909991815: NLH No Limit ($1/$2) - 2025/06/01 00:33:03
Table 'MR NLH 1/2' 7-max Seat #1 is the button
Seat 4: 7f307c7b ($763.43 in chips)
Seat 1: b80ccbd4 ($956.03 in chips)
Seat 5: ff2e0002 ($682.62 in chips)
Seat 6: Hero ($311.08 in chips)
Seat 7: 7638b364 ($101.33 in chips)
7f307c7b: posts small blind $1
ff2e0002: posts big blind $2
*** HOLE CARDS ***
Dealt to 7f307c7b 
Dealt to b80ccbd4 
Dealt to ff2e0002 
Dealt to Hero [Qd 7h]
Dealt to 7638b364 
Hero: folds
7638b364: folds
b80ccbd4: folds
7f307c7b: raises $4 to $6
ff2e0002: folds
Uncalled bet ($4) returned to 7f307c7b
*** SHOWDOWN ***
7f307c7b collected $4 from pot
*** SUMMARY ***
Total pot $4
Seat 4: 7f307c7b(small blind)won ($4)
Seat 1: b80ccbd4 folded before Flop (didn't bet)
Seat 5: ff2e0002(big blind) folded before Flop
Seat 6: Hero folded before Flop (didn't bet)
Seat 7: 7638b364 folded before Flop (didn't bet)



Poker Hand #ring_909990130: NLH No Limit ($1/$2) - 2025/06/01 00:32:01
Table 'MR NLH 1/2' 7-max Seat #7 is the button
Seat 4: 7f307c7b ($627.52 in chips)
Seat 1: b80ccbd4 ($957.03 in chips)
Seat 5: ff2e0002 ($697.37 in chips)
Seat 6: Hero ($311.08 in chips)
Seat 7: 7638b364 ($234.7 in chips)
b80ccbd4: posts small blind $1
7f307c7b: posts big blind $2
*** HOLE CARDS ***
Dealt to 7f307c7b 
Dealt to b80ccbd4 
Dealt to ff2e0002 
Dealt to Hero [Qc Td]
Dealt to 7638b364 
ff2e0002: raises $3 to $5
Hero: folds
7638b364: raises $9.75 to $14.75
b80ccbd4: folds
7f307c7b: calls $12.75
ff2e0002: calls $9.75
*** FLOP *** [Ah 4s As]
7f307c7b: checks
ff2e0002: checks
7638b364: bets $18
7f307c7b: calls $18
ff2e0002: folds
*** TURN *** [Ah 4s As] [8h]
7f307c7b: checks
7638b364: bets $40.62
7f307c7b: calls $40.62
*** RIVER *** [Ah 4s As 8h] [Th]
7f307c7b: checks
7638b364: bets $60
7f307c7b: calls $60
7f307c7b: shows [4d 4c]
7638b364: shows [5c 6c]
*** SHOWDOWN ***
7f307c7b collected $282.49 from pot
*** SUMMARY ***
Total pot $282.49
Board [Ah 4s As 8h Th]
Seat 4: 7f307c7b(big blind) showed [4d 4c] and won ($282.49) with Fours Full over Aces
Seat 1: b80ccbd4(small blind) folded before Flop
Seat 5: ff2e0002 folded on the Flop
Seat 6: Hero folded before Flop (didn't bet)
Seat 7: 7638b364 showed [5c 6c] and lost with Pair of Aces



Poker Hand #ring_909989385: NLH No Limit ($1/$2) - 2025/06/01 00:31:33
Table 'MR NLH 1/2' 7-max Seat #6 is the button
Seat 4: 7f307c7b ($627.52 in chips)
Seat 1: b80ccbd4 ($962.03 in chips)
Seat 5: ff2e0002 ($702.37 in chips)
Seat 6: Hero ($311.08 in chips)
Seat 7: 7638b364 ($225.37 in chips)
7638b364: posts small blind $1
b80ccbd4: posts big blind $2
*** HOLE CARDS ***
Dealt to 7f307c7b 
Dealt to b80ccbd4 
Dealt to ff2e0002 
Dealt to Hero [5d Js]
Dealt to 7638b364 
7f307c7b: folds
ff2e0002: raises $3 to $5
Hero: folds
7638b364: calls $4
b80ccbd4: calls $3
*** FLOP *** [5c 4s 4d]
7638b364: checks
b80ccbd4: checks
ff2e0002: checks
*** TURN *** [5c 4s 4d] [Ah]
7638b364: bets $2
b80ccbd4: folds
ff2e0002: folds
Uncalled bet ($2) returned to 7638b364
*** SHOWDOWN ***
7638b364 collected $15 from pot
*** SUMMARY ***
Total pot $15
Board [5c 4s 4d Ah]
Seat 4: 7f307c7b folded before Flop (didn't bet)
Seat 1: b80ccbd4(big blind) folded on the Turn
Seat 5: ff2e0002 folded on the Turn
Seat 6: Hero folded before Flop (didn't bet)
Seat 7: 7638b364(small blind)won ($15) with Pair of Fives and Pair of Fours



Poker Hand #ring_909987788: NLH No Limit ($1/$2) - 2025/06/01 00:30:32
Table 'MR NLH 1/2' 7-max Seat #5 is the button
Seat 4: 7f307c7b ($627.52 in chips)
Seat 1: b80ccbd4 ($962.03 in chips)
Seat 5: ff2e0002 ($707.37 in chips)
Seat 6: Hero ($160.63 in chips)
Seat 7: 7638b364 ($386 in chips)
Hero: posts small blind $1
7638b364: posts big blind $2
*** HOLE CARDS ***
Dealt to 7f307c7b 
Dealt to b80ccbd4 
Dealt to ff2e0002 
Dealt to Hero [Ah Ad]
Dealt to 7638b364 
b80ccbd4: folds
7f307c7b: folds
ff2e0002: raises $3 to $5
Hero: raises $17.4 to $22.4
7638b364: raises $42.6 to $65
ff2e0002: folds
Hero: raises $95.63 to $160.63 and is all-in
7638b364: calls $95.63
Hero: shows [Ah Ad]
7638b364: shows [Ac Kd]
*** FLOP *** [4d 7d Qc]
*** TURN *** [4d 7d Qc] [8c]
*** RIVER *** [4d 7d Qc 8c] [6c]
*** SHOWDOWN ***
Hero collected $326.26 from pot
*** SUMMARY ***
Total pot $326.26
Board [4d 7d Qc 8c 6c]
Seat 4: 7f307c7b folded before Flop (didn't bet)
Seat 1: b80ccbd4 folded before Flop (didn't bet)
Seat 5: ff2e0002 folded before Flop
Seat 6: Hero(small blind) showed [Ah Ad] and won ($326.26) with Pair of Aces
Seat 7: 7638b364(big blind) showed [Ac Kd] and lost with Ace-High



Poker Hand #ring_909986824: NLH No Limit ($1/$2) - 2025/06/01 00:29:55
Table 'MR NLH 1/2' 7-max Seat #4 is the button
Seat 4: 7f307c7b ($642.12 in chips)
Seat 1: b80ccbd4 ($962.03 in chips)
Seat 5: ff2e0002 ($708.37 in chips)
Seat 6: Hero ($146.88 in chips)
Seat 7: 7638b364 ($386 in chips)
ff2e0002: posts small blind $1
Hero: posts big blind $2
*** HOLE CARDS ***
Dealt to 7f307c7b 
Dealt to b80ccbd4 
Dealt to ff2e0002 
Dealt to Hero [Ad Qh]
Dealt to 7638b364 
7638b364: folds
b80ccbd4: folds
7f307c7b: calls $2
ff2e0002: folds
Hero: raises $5.05 to $7.05
7f307c7b: calls $5.05
*** FLOP *** [2c Ac 7c]
Hero: checks
7f307c7b: checks
*** TURN *** [2c Ac 7c] [Qd]
Hero: bets $7.55
7f307c7b: calls $7.55
*** RIVER *** [2c Ac 7c Qd] [7s]
Hero: checks
7f307c7b: checks
7f307c7b: shows [Qc Ts]
Hero: shows [Ad Qh]
*** SHOWDOWN ***
Hero collected $30.2 from pot
*** SUMMARY ***
Total pot $30.2
Board [2c Ac 7c Qd 7s]
Seat 4: 7f307c7b showed [Qc Ts] and lost with Pair of Queens and Pair of Sevens
Seat 1: b80ccbd4 folded before Flop (didn't bet)
Seat 5: ff2e0002(small blind) folded before Flop
Seat 6: Hero(big blind) showed [Ad Qh] and won ($30.2) with Pair of Aces and Pair of Queens
Seat 7: 7638b364 folded before Flop (didn't bet)



Poker Hand #ring_909986355: NLH No Limit ($1/$2) - 2025/06/01 00:29:37
Table 'MR NLH 1/2' 7-max Seat #0 is the button
Seat 4: 7f307c7b ($643.12 in chips)
Seat 1: b80ccbd4 ($959.03 in chips)
Seat 5: ff2e0002 ($710.37 in chips)
Seat 6: Hero ($146.88 in chips)
Seat 7: 7638b364 ($386 in chips)
7f307c7b: posts small blind $1
ff2e0002: posts big blind $2
*** HOLE CARDS ***
Dealt to 7f307c7b 
Dealt to b80ccbd4 
Dealt to ff2e0002 
Dealt to Hero [Jh 5c]
Dealt to 7638b364 
Hero: folds
7638b364: folds
b80ccbd4: raises $2 to $4
7f307c7b: folds
ff2e0002: folds
Uncalled bet ($2) returned to b80ccbd4
*** SHOWDOWN ***
b80ccbd4 collected $5 from pot
*** SUMMARY ***
Total pot $5
Seat 4: 7f307c7b(small blind) folded before Flop
Seat 1: b80ccbd4won ($5)
Seat 5: ff2e0002(big blind) folded before Flop
Seat 6: Hero folded before Flop (didn't bet)
Seat 7: 7638b364 folded before Flop (didn't bet)



Poker Hand #ring_909984674: NLH No Limit ($1/$2) - 2025/06/01 00:28:35
Table 'MR NLH 1/2' 7-max Seat #0 is the button
Seat 4: 7f307c7b ($665.44 in chips)
Seat 1: b80ccbd4 ($867.01 in chips)
Seat 5: ff2e0002 ($782.31 in chips)
Seat 6: Hero ($152.88 in chips)
Seat 7: 7638b364 ($386 in chips)
7f307c7b: posts big blind $2
*** HOLE CARDS ***
Dealt to 7f307c7b 
Dealt to b80ccbd4 
Dealt to ff2e0002 
Dealt to Hero [Qd Ac]
Dealt to 7638b364 
ff2e0002: raises $4 to $6
Hero: calls $6
7638b364: folds
b80ccbd4: calls $6
7f307c7b: calls $4
*** FLOP *** [2d 8d Kh]
7f307c7b: checks
ff2e0002: bets $16.32
Hero: folds
b80ccbd4: calls $16.32
7f307c7b: calls $16.32
*** TURN *** [2d 8d Kh] [As]
7f307c7b: checks
ff2e0002: bets $49.62
b80ccbd4: calls $49.62
7f307c7b: folds
*** RIVER *** [2d 8d Kh As] [6c]
ff2e0002: checks
b80ccbd4: checks
b80ccbd4: shows [5d Ad]
ff2e0002: shows [Qc Kc]
Hero: shows [Ac]
*** SHOWDOWN ***
b80ccbd4 collected $172.2 from pot
*** SUMMARY ***
Total pot $172.2
Board [2d 8d Kh As 6c]
Seat 4: 7f307c7b(big blind) folded on the Turn
Seat 1: b80ccbd4 showed [5d Ad] and won ($172.2) with Pair of Aces
Seat 5: ff2e0002 showed [Qc Kc] and lost with Pair of Kings
Seat 6: Hero folded on the Flop
Seat 7: 7638b364 folded before Flop (didn't bet)



Poker Hand #ring_909982192: NLH No Limit ($1/$2) - 2025/06/01 00:27:04
Table 'MR NLH 1/2' 7-max Seat #1 is the button
Seat 4: 7f307c7b ($669.44 in chips)
Seat 1: b80ccbd4 ($504.96 in chips)
Seat 5: ff2e0002 ($782.31 in chips)
Seat 6: Hero ($156.88 in chips)
Seat 3: fe7749c ($375.31 in chips)
Seat 7: 7638b364 ($400 in chips)
fe7749c: posts big blind $2
7638b364: posts big blind $2
*** HOLE CARDS ***
Dealt to 7f307c7b 
Dealt to b80ccbd4 
Dealt to ff2e0002 
Dealt to Hero [9d Ah]
Dealt to fe7749c 
Dealt to 7638b364 
7f307c7b: calls $2
ff2e0002: folds
Hero: calls $2
7638b364: checks
b80ccbd4: raises $2 to $4
fe7749c: calls $2
7f307c7b: calls $2
Hero: calls $2
7638b364: calls $2
*** FLOP *** [Ts 3c 4s]
fe7749c: checks
7f307c7b: checks
Hero: checks
7638b364: checks
b80ccbd4: bets $10
fe7749c: calls $10
7f307c7b: folds
Hero: folds
7638b364: calls $10
*** TURN *** [Ts 3c 4s] [8d]
fe7749c: checks
7638b364: checks
b80ccbd4: bets $75
fe7749c: raises $200 to $275
7638b364: folds
b80ccbd4: raises $215.96 to $490.96 and is all-in
fe7749c: calls $86.31 and is all-in
Uncalled bet ($129.65) returned to b80ccbd4
b80ccbd4: shows [3h 3s]
fe7749c: shows [Jd Tc]
*** RIVER *** [Ts 3c 4s 8d] [Ks]
*** SHOWDOWN ***
b80ccbd4 collected $772.62 from pot
*** SUMMARY ***
Total pot $772.62
Board [Ts 3c 4s 8d Ks]
Seat 4: 7f307c7b folded on the Flop
Seat 1: b80ccbd4 showed [3h 3s] and won ($772.62) with Three Treys
Seat 5: ff2e0002 folded before Flop (didn't bet)
Seat 6: Hero folded on the Flop
Seat 3: fe7749c(big blind) showed [Jd Tc] and lost with Pair of Tens
Seat 7: 7638b364 folded on the Turn



Poker Hand #ring_909979573: NLH No Limit ($1/$2) - 2025/06/01 00:25:28
Table 'MR NLH 1/2' 7-max Seat #6 is the button
Seat 4: 7f307c7b ($671.44 in chips)
Seat 1: b80ccbd4 ($405.51 in chips)
Seat 2: a8a1b6be ($101.43 in chips)
Seat 5: ff2e0002 ($782.31 in chips)
Seat 6: Hero ($162.88 in chips)
Seat 3: fe7749c ($375.31 in chips)
b80ccbd4: posts small blind $1
a8a1b6be: posts big blind $2
*** HOLE CARDS ***
Dealt to 7f307c7b 
Dealt to b80ccbd4 
Dealt to a8a1b6be 
Dealt to ff2e0002 
Dealt to Hero [Qs Ts]
Dealt to fe7749c 
fe7749c: folds
7f307c7b: calls $2
ff2e0002: folds
Hero: raises $4 to $6
b80ccbd4: calls $5
a8a1b6be: raises $15 to $21
7f307c7b: folds
Hero: folds
b80ccbd4: calls $15
*** FLOP *** [9c 9h 6d]
b80ccbd4: checks
a8a1b6be: checks
*** TURN *** [9c 9h 6d] [Qh]
b80ccbd4: checks
a8a1b6be: bets $25
b80ccbd4: raises $100 to $125
a8a1b6be: calls $55.43 and is all-in
Uncalled bet ($44.57) returned to b80ccbd4
b80ccbd4: shows [As 9s]
a8a1b6be: shows [Kh 2h]
*** RIVER *** [9c 9h 6d Qh] [6s]
*** SHOWDOWN ***
b80ccbd4 collected $210.86 from pot
*** SUMMARY ***
Total pot $210.86
Board [9c 9h 6d Qh 6s]
Seat 4: 7f307c7b folded before Flop
Seat 1: b80ccbd4(small blind) showed [As 9s] and won ($210.86) with Nines Full over Sixes
Seat 2: a8a1b6be(big blind) showed [Kh 2h] and lost with Pair of Nines and Pair of Sixes
Seat 5: ff2e0002 folded before Flop (didn't bet)
Seat 6: Hero folded before Flop
Seat 3: fe7749c folded before Flop (didn't bet)



Poker Hand #ring_909978610: NLH No Limit ($1/$2) - 2025/06/01 00:24:52
Table 'MR NLH 1/2' 7-max Seat #5 is the button
Seat 4: 7f307c7b ($671.44 in chips)
Seat 1: b80ccbd4 ($400 in chips)
Seat 5: ff2e0002 ($787.31 in chips)
Seat 6: Hero ($163.88 in chips)
Seat 3: fe7749c ($375.31 in chips)
Hero: posts small blind $1
b80ccbd4: posts big blind $2
*** HOLE CARDS ***
Dealt to 7f307c7b 
Dealt to b80ccbd4 
Dealt to ff2e0002 
Dealt to Hero [Td 7s]
Dealt to fe7749c 
fe7749c: folds
7f307c7b: folds
ff2e0002: raises $3 to $5
Hero: folds
b80ccbd4: calls $3
*** FLOP *** [2c 5h Kd]
b80ccbd4: checks
ff2e0002: checks
*** TURN *** [2c 5h Kd] [Ad]
b80ccbd4: bets $11
ff2e0002: folds
Uncalled bet ($11) returned to b80ccbd4
*** SHOWDOWN ***
b80ccbd4 collected $11 from pot
*** SUMMARY ***
Total pot $11
Board [2c 5h Kd Ad]
Seat 4: 7f307c7b folded before Flop (didn't bet)
Seat 1: b80ccbd4(big blind)won ($11) with Pair of Aces
Seat 5: ff2e0002 folded on the Turn
Seat 6: Hero(small blind) folded before Flop
Seat 3: fe7749c folded before Flop (didn't bet)



Poker Hand #ring_909978140: NLH No Limit ($1/$2) - 2025/06/01 00:24:35
Table 'MR NLH 1/2' 7-max Seat #4 is the button
Seat 4: 7f307c7b ($671.44 in chips)
Seat 5: ff2e0002 ($785.31 in chips)
Seat 6: Hero ($165.88 in chips)
Seat 3: fe7749c ($375.31 in chips)
ff2e0002: posts small blind $1
Hero: posts big blind $2
*** HOLE CARDS ***
Dealt to 7f307c7b 
Dealt to ff2e0002 
Dealt to Hero [3h Td]
Dealt to fe7749c 
fe7749c: folds
7f307c7b: folds
ff2e0002: raises $5 to $7
Hero: folds
Uncalled bet ($5) returned to ff2e0002
*** SHOWDOWN ***
ff2e0002 collected $4 from pot
*** SUMMARY ***
Total pot $4
Seat 4: 7f307c7b folded before Flop (didn't bet)
Seat 5: ff2e0002(small blind)won ($4)
Seat 6: Hero(big blind) folded before Flop
Seat 3: fe7749c folded before Flop (didn't bet)



Poker Hand #ring_909977334: NLH No Limit ($1/$2) - 2025/06/01 00:24:05
Table 'MR NLH 1/2' 7-max Seat #3 is the button
Seat 4: 7f307c7b ($669.62 in chips)
Seat 5: ff2e0002 ($787.31 in chips)
Seat 6: Hero ($165.88 in chips)
Seat 3: fe7749c ($375.31 in chips)
7f307c7b: posts small blind $1
ff2e0002: posts big blind $2
*** HOLE CARDS ***
Dealt to 7f307c7b 
Dealt to ff2e0002 
Dealt to Hero [4d 2h]
Dealt to fe7749c 
Hero: folds
fe7749c: folds
7f307c7b: calls $1
ff2e0002: checks
*** FLOP *** [5c 7c 7d]
7f307c7b: checks
ff2e0002: checks
*** TURN *** [5c 7c 7d] [3d]
7f307c7b: checks
ff2e0002: checks
*** RIVER *** [5c 7c 7d 3d] [Qh]
7f307c7b: checks
ff2e0002: checks
7f307c7b: shows [4s Ts]
ff2e0002: shows [2s 8c]
*** SHOWDOWN ***
7f307c7b collected $4 from pot
*** SUMMARY ***
Total pot $4
Board [5c 7c 7d 3d Qh]
Seat 4: 7f307c7b(small blind) showed [4s Ts] and won ($4) with Pair of Sevens
Seat 5: ff2e0002(big blind) showed [2s 8c] and lost with Pair of Sevens
Seat 6: Hero folded before Flop (didn't bet)
Seat 3: fe7749c folded before Flop (didn't bet)



Poker Hand #ring_909976539: NLH No Limit ($1/$2) - 2025/06/01 00:23:36
Table 'MR NLH 1/2' 7-max Seat #0 is the button
Seat 4: 7f307c7b ($677.62 in chips)
Seat 5: ff2e0002 ($787.31 in chips)
Seat 6: Hero ($165.88 in chips)
Seat 3: fe7749c ($368.03 in chips)
fe7749c: posts small blind $1
7f307c7b: posts big blind $2
*** HOLE CARDS ***
Dealt to 7f307c7b 
Dealt to ff2e0002 
Dealt to Hero [Qs 6s]
Dealt to fe7749c 
ff2e0002: folds
Hero: folds
fe7749c: raises $6 to $8
7f307c7b: calls $6
*** FLOP *** [5d Jh Ks]
fe7749c: bets $5.28
7f307c7b: folds
Uncalled bet ($5.28) returned to fe7749c
*** SHOWDOWN ***
fe7749c collected $16 from pot
*** SUMMARY ***
Total pot $16
Board [5d Jh Ks]
Seat 4: 7f307c7b(big blind) folded on the Flop
Seat 5: ff2e0002 folded before Flop (didn't bet)
Seat 6: Hero folded before Flop (didn't bet)
Seat 3: fe7749c(small blind)won ($16) with Pair of Nines



Poker Hand #ring_909975334: NLH No Limit ($1/$2) - 2025/06/01 00:22:51
Table 'MR NLH 1/2' 7-max Seat #6 is the button
Seat 4: 7f307c7b ($679.62 in chips)
Seat 5: ff2e0002 ($787.31 in chips)
Seat 6: Hero ($165.88 in chips)
Seat 3: fe7749c ($366.21 in chips)
fe7749c: posts big blind $2
*** HOLE CARDS ***
Dealt to 7f307c7b 
Dealt to ff2e0002 
Dealt to Hero [Ts 2s]
Dealt to fe7749c 
7f307c7b: calls $2
ff2e0002: folds
Hero: folds
fe7749c: checks
*** FLOP *** [2d Qc 9s]
fe7749c: checks
7f307c7b: checks
*** TURN *** [2d Qc 9s] [8h]
fe7749c: checks
7f307c7b: checks
*** RIVER *** [2d Qc 9s 8h] [4d]
fe7749c: checks
7f307c7b: checks
fe7749c: shows [4s 3c]
7f307c7b: shows [Jc 6c]
*** SHOWDOWN ***
fe7749c collected $4 from pot
*** SUMMARY ***
Total pot $4
Board [2d Qc 9s 8h 4d]
Seat 4: 7f307c7b showed [Jc 6c] and lost with Queen-High
Seat 5: ff2e0002 folded before Flop (didn't bet)
Seat 6: Hero folded before Flop (didn't bet)
Seat 3: fe7749c(big blind) showed [4s 3c] and won ($4) with Pair of Fours



Poker Hand #ring_909973336: NLH No Limit ($1/$2) - 2025/06/01 00:21:38
Table 'MR NLH 1/2' 7-max Seat #5 is the button
Seat 4: 7f307c7b ($679.62 in chips)
Seat 1: 13a92b05 ($828.73 in chips)
Seat 2: 2c570fdb ($383.32 in chips)
Seat 5: ff2e0002 ($787.31 in chips)
Seat 6: Hero ($220.48 in chips)
Seat 3: fe7749c ($311.29 in chips)
Hero: posts small blind $1
13a92b05: posts big blind $2
*** HOLE CARDS ***
Dealt to 7f307c7b 
Dealt to 13a92b05 
Dealt to 2c570fdb 
Dealt to ff2e0002 
Dealt to Hero [8c 7c]
Dealt to fe7749c 
2c570fdb: folds
fe7749c: raises $4 to $6
7f307c7b: folds
ff2e0002: folds
Hero: calls $5
13a92b05: calls $4
*** FLOP *** [8d Tc 2h]
Hero: checks
13a92b05: checks
fe7749c: bets $9
Hero: calls $9
13a92b05: folds
*** TURN *** [8d Tc 2h] [9d]
Hero: bets $18
fe7749c: calls $18
*** RIVER *** [8d Tc 2h 9d] [7d]
Hero: bets $21.6
fe7749c: calls $21.6
fe7749c: shows [Ts Js]
Hero: shows [8c 7c]
*** SHOWDOWN ***
fe7749c collected $115.2 from pot
*** SUMMARY ***
Total pot $115.2
Board [8d Tc 2h 9d 7d]
Seat 4: 7f307c7b folded before Flop (didn't bet)
Seat 1: 13a92b05(big blind) folded on the Flop
Seat 2: 2c570fdb folded before Flop (didn't bet)
Seat 5: ff2e0002 folded before Flop (didn't bet)
Seat 6: Hero(small blind) showed [8c 7c] and lost with Pair of Eights and Pair of Sevens
Seat 3: fe7749c showed [Ts Js] and won ($115.2) with Jacks-High Straight



Poker Hand #ring_909971536: NLH No Limit ($1/$2) - 2025/06/01 00:20:31
Table 'MR NLH 1/2' 7-max Seat #4 is the button
Seat 4: 7f307c7b ($652.68 in chips)
Seat 1: 13a92b05 ($855.73 in chips)
Seat 2: 2c570fdb ($383.32 in chips)
Seat 7: 29d4d404 ($109.53 in chips)
Seat 5: ff2e0002 ($788.31 in chips)
Seat 6: Hero ($222.48 in chips)
Seat 3: fe7749c ($311.29 in chips)
ff2e0002: posts small blind $1
Hero: posts big blind $2
*** HOLE CARDS ***
Dealt to 7f307c7b 
Dealt to 13a92b05 
Dealt to 2c570fdb 
Dealt to 29d4d404 
Dealt to ff2e0002 
Dealt to Hero [3h 2h]
Dealt to fe7749c 
29d4d404: folds
13a92b05: raises $6 to $8
2c570fdb: folds
fe7749c: folds
7f307c7b: calls $8
ff2e0002: folds
Hero: folds
*** FLOP *** [Ks 2c Th]
13a92b05: checks
7f307c7b: checks
*** TURN *** [Ks 2c Th] [Qc]
13a92b05: checks
7f307c7b: checks
*** RIVER *** [Ks 2c Th Qc] [7h]
13a92b05: checks
7f307c7b: bets $19
13a92b05: calls $19
13a92b05: shows [8d 7d]
7f307c7b: shows [9d Jc]
*** SHOWDOWN ***
7f307c7b collected $57 from pot
*** SUMMARY ***
Total pot $57
Board [Ks 2c Th Qc 7h]
Seat 4: 7f307c7b showed [9d Jc] and won ($57) with Kings-High Straight
Seat 1: 13a92b05 showed [8d 7d] and lost with Pair of Sevens
Seat 2: 2c570fdb folded before Flop (didn't bet)
Seat 7: 29d4d404 folded before Flop (didn't bet)
Seat 5: ff2e0002(small blind) folded before Flop
Seat 6: Hero(big blind) folded before Flop
Seat 3: fe7749c folded before Flop (didn't bet)



Poker Hand #ring_909969627: NLH No Limit ($1/$2) - 2025/06/01 00:19:21
Table 'MR NLH 1/2' 7-max Seat #3 is the button
Seat 4: 7f307c7b ($626.7 in chips)
Seat 1: 13a92b05 ($855.73 in chips)
Seat 2: 2c570fdb ($383.32 in chips)
Seat 7: 29d4d404 ($109.53 in chips)
Seat 5: ff2e0002 ($790.31 in chips)
Seat 6: Hero ($249.48 in chips)
Seat 3: fe7749c ($311.29 in chips)
7f307c7b: posts small blind $1
ff2e0002: posts big blind $2
*** HOLE CARDS ***
Dealt to 7f307c7b 
Dealt to 13a92b05 
Dealt to 2c570fdb 
Dealt to 29d4d404 
Dealt to ff2e0002 
Dealt to Hero [9d Td]
Dealt to fe7749c 
Hero: raises $4 to $6
29d4d404: folds
13a92b05: folds
2c570fdb: folds
fe7749c: folds
7f307c7b: calls $5
ff2e0002: folds
*** FLOP *** [Th 6s 7c]
7f307c7b: checks
Hero: bets $7
7f307c7b: calls $7
*** TURN *** [Th 6s 7c] [Jc]
7f307c7b: checks
Hero: bets $14
7f307c7b: calls $14
*** RIVER *** [Th 6s 7c Jc] [4s]
7f307c7b: checks
Hero: checks
7f307c7b: shows [Jh 8d]
Hero: shows [9d Td]
*** SHOWDOWN ***
7f307c7b collected $56 from pot
*** SUMMARY ***
Total pot $56
Board [Th 6s 7c Jc 4s]
Seat 4: 7f307c7b(small blind) showed [Jh 8d] and won ($56) with Pair of Jacks
Seat 1: 13a92b05 folded before Flop (didn't bet)
Seat 2: 2c570fdb folded before Flop (didn't bet)
Seat 7: 29d4d404 folded before Flop (didn't bet)
Seat 5: ff2e0002(big blind) folded before Flop
Seat 6: Hero showed [9d Td] and lost with Pair of Tens
Seat 3: fe7749c folded before Flop (didn't bet)



Poker Hand #ring_909968397: NLH No Limit ($1/$2) - 2025/06/01 00:18:35
Table 'MR NLH 1/2' 7-max Seat #2 is the button
Seat 4: 7f307c7b ($628.7 in chips)
Seat 1: 13a92b05 ($855.73 in chips)
Seat 2: 2c570fdb ($383.32 in chips)
Seat 7: 29d4d404 ($109.53 in chips)
Seat 5: ff2e0002 ($790.31 in chips)
Seat 6: Hero ($243.02 in chips)
Seat 3: fe7749c ($316.29 in chips)
fe7749c: posts small blind $1
7f307c7b: posts big blind $2
*** HOLE CARDS ***
Dealt to 7f307c7b 
Dealt to 13a92b05 
Dealt to 2c570fdb 
Dealt to 29d4d404 
Dealt to ff2e0002 
Dealt to Hero [Ah 5h]
Dealt to fe7749c 
ff2e0002: folds
Hero: raises $3 to $5
29d4d404: folds
13a92b05: folds
2c570fdb: folds
fe7749c: calls $4
7f307c7b: folds
*** FLOP *** [2c Ks Qc]
fe7749c: checks
Hero: bets $6
fe7749c: folds
Uncalled bet ($6) returned to Hero
*** SHOWDOWN ***
Hero collected $12 from pot
*** SUMMARY ***
Total pot $12
Board [2c Ks Qc]
Seat 4: 7f307c7b(big blind) folded before Flop
Seat 1: 13a92b05 folded before Flop (didn't bet)
Seat 2: 2c570fdb folded before Flop (didn't bet)
Seat 7: 29d4d404 folded before Flop (didn't bet)
Seat 5: ff2e0002 folded before Flop (didn't bet)
Seat 6: Herowon ($12) with Ace-High
Seat 3: fe7749c(small blind) folded on the Flop



Poker Hand #ring_909966890: NLH No Limit ($1/$2) - 2025/06/01 00:17:39
Table 'MR NLH 1/2' 7-max Seat #1 is the button
Seat 4: 7f307c7b ($641.7 in chips)
Seat 1: 13a92b05 ($841.53 in chips)
Seat 2: 2c570fdb ($384.32 in chips)
Seat 7: 29d4d404 ($109.53 in chips)
Seat 5: ff2e0002 ($790.31 in chips)
Seat 6: Hero ($243.02 in chips)
Seat 3: fe7749c ($318.29 in chips)
2c570fdb: posts small blind $1
fe7749c: posts big blind $2
*** HOLE CARDS ***
Dealt to 7f307c7b 
Dealt to 13a92b05 
Dealt to 2c570fdb 
Dealt to 29d4d404 
Dealt to ff2e0002 
Dealt to Hero [9s 5d]
Dealt to fe7749c 
7f307c7b: calls $2
ff2e0002: folds
Hero: folds
29d4d404: folds
13a92b05: raises $11 to $13
2c570fdb: folds
fe7749c: folds
7f307c7b: calls $11
*** FLOP *** [Qs Ac 9d]
7f307c7b: checks
13a92b05: bets $9.57
7f307c7b: folds
Uncalled bet ($9.57) returned to 13a92b05
*** SHOWDOWN ***
13a92b05 collected $29 from pot
*** SUMMARY ***
Total pot $29
Board [Qs Ac 9d]
Seat 4: 7f307c7b folded on the Flop
Seat 1: 13a92b05won ($29) with Pair of Tens
Seat 2: 2c570fdb(small blind) folded before Flop
Seat 7: 29d4d404 folded before Flop (didn't bet)
Seat 5: ff2e0002 folded before Flop (didn't bet)
Seat 6: Hero folded before Flop (didn't bet)
Seat 3: fe7749c(big blind) folded before Flop



Poker Hand #ring_909965330: NLH No Limit ($1/$2) - 2025/06/01 00:16:42
Table 'MR NLH 1/2' 7-max Seat #7 is the button
Seat 4: 7f307c7b ($641.7 in chips)
Seat 1: 13a92b05 ($846.53 in chips)
Seat 2: 2c570fdb ($386.32 in chips)
Seat 7: 29d4d404 ($109.53 in chips)
Seat 5: ff2e0002 ($783.85 in chips)
Seat 6: Hero ($243.02 in chips)
Seat 3: fe7749c ($318.29 in chips)
13a92b05: posts small blind $1
2c570fdb: posts big blind $2
*** HOLE CARDS ***
Dealt to 7f307c7b 
Dealt to 13a92b05 
Dealt to 2c570fdb 
Dealt to 29d4d404 
Dealt to ff2e0002 
Dealt to Hero [Ad 6c]
Dealt to fe7749c 
fe7749c: folds
7f307c7b: folds
ff2e0002: raises $3 to $5
Hero: folds
29d4d404: folds
13a92b05: calls $4
2c570fdb: folds
*** FLOP *** [5c Kc 4c]
13a92b05: checks
ff2e0002: checks
*** TURN *** [5c Kc 4c] [5d]
13a92b05: checks
ff2e0002: checks
*** RIVER *** [5c Kc 4c 5d] [Kd]
13a92b05: checks
ff2e0002: checks
13a92b05: shows [Ac 7h]
ff2e0002: shows [7d 7c]
7f307c7b: shows [5h]
*** SHOWDOWN ***
ff2e0002 collected $12 from pot
*** SUMMARY ***
Total pot $12
Board [5c Kc 4c 5d Kd]
Seat 4: 7f307c7b folded before Flop (didn't bet)
Seat 1: 13a92b05(small blind) showed [Ac 7h] and lost with Pair of Kings and Pair of Fives
Seat 2: 2c570fdb(big blind) folded before Flop
Seat 7: 29d4d404 folded before Flop (didn't bet)
Seat 5: ff2e0002 showed [7d 7c] and won ($12) with Pair of Kings and Pair of Sevens
Seat 6: Hero folded before Flop (didn't bet)
Seat 3: fe7749c folded before Flop (didn't bet)



Poker Hand #ring_909964290: NLH No Limit ($1/$2) - 2025/06/01 00:16:04
Table 'MR NLH 1/2' 7-max Seat #6 is the button
Seat 4: 7f307c7b ($641.7 in chips)
Seat 1: 13a92b05 ($848.53 in chips)
Seat 2: 2c570fdb ($391.32 in chips)
Seat 7: 29d4d404 ($110.53 in chips)
Seat 5: ff2e0002 ($783.85 in chips)
Seat 6: Hero ($243.02 in chips)
Seat 3: fe7749c ($310.29 in chips)
29d4d404: posts small blind $1
13a92b05: posts big blind $2
*** HOLE CARDS ***
Dealt to 7f307c7b 
Dealt to 13a92b05 
Dealt to 2c570fdb 
Dealt to 29d4d404 
Dealt to ff2e0002 
Dealt to Hero [6s As]
Dealt to fe7749c 
2c570fdb: raises $3 to $5
fe7749c: raises $15 to $20
7f307c7b: folds
ff2e0002: folds
Hero: folds
29d4d404: folds
13a92b05: folds
2c570fdb: folds
Uncalled bet ($15) returned to fe7749c
*** SHOWDOWN ***
fe7749c collected $13 from pot
*** SUMMARY ***
Total pot $13
Seat 4: 7f307c7b folded before Flop (didn't bet)
Seat 1: 13a92b05(big blind) folded before Flop
Seat 2: 2c570fdb folded before Flop
Seat 7: 29d4d404(small blind) folded before Flop
Seat 5: ff2e0002 folded before Flop (didn't bet)
Seat 6: Hero folded before Flop (didn't bet)
Seat 3: fe7749cwon ($13)



Poker Hand #ring_909963610: NLH No Limit ($1/$2) - 2025/06/01 00:15:37
Table 'MR NLH 1/2' 7-max Seat #5 is the button
Seat 4: 7f307c7b ($642.7 in chips)
Seat 1: 13a92b05 ($848.53 in chips)
Seat 2: 2c570fdb ($391.32 in chips)
Seat 7: 29d4d404 ($112.53 in chips)
Seat 5: ff2e0002 ($783.85 in chips)
Seat 6: Hero ($244.02 in chips)
Seat 3: fe7749c ($306.29 in chips)
Hero: posts small blind $1
29d4d404: posts big blind $2
7f307c7b: posts big blind $0
7f307c7b: posts small blind $1
*** HOLE CARDS ***
Dealt to 7f307c7b 
Dealt to 13a92b05 
Dealt to 2c570fdb 
Dealt to 29d4d404 
Dealt to ff2e0002 
Dealt to Hero [8h 3s]
Dealt to fe7749c 
13a92b05: folds
2c570fdb: folds
fe7749c: raises $4 to $6
7f307c7b: folds
ff2e0002: folds
Hero: folds
29d4d404: folds
Uncalled bet ($4) returned to fe7749c
*** SHOWDOWN ***
fe7749c collected $6 from pot
*** SUMMARY ***
Total pot $5
Seat 4: 7f307c7b folded before Flop (didn't bet)
Seat 1: 13a92b05 folded before Flop (didn't bet)
Seat 2: 2c570fdb folded before Flop (didn't bet)
Seat 7: 29d4d404(big blind) folded before Flop
Seat 5: ff2e0002 folded before Flop (didn't bet)
Seat 6: Hero(small blind) folded before Flop
Seat 3: fe7749cwon ($6)



Poker Hand #ring_909962659: NLH No Limit ($1/$2) - 2025/06/01 00:15:01
Table 'MR NLH 1/2' 7-max Seat #0 is the button
Seat 1: 13a92b05 ($848.53 in chips)
Seat 2: 2c570fdb ($391.32 in chips)
Seat 7: 29d4d404 ($114.53 in chips)
Seat 5: ff2e0002 ($784.85 in chips)
Seat 6: Hero ($241.24 in chips)
Seat 3: fe7749c ($306.29 in chips)
ff2e0002: posts small blind $1
Hero: posts big blind $2
*** HOLE CARDS ***
Dealt to 13a92b05 
Dealt to 2c570fdb 
Dealt to 29d4d404 
Dealt to ff2e0002 
Dealt to Hero [Kd 5s]
Dealt to fe7749c 
29d4d404: calls $2
13a92b05: folds
2c570fdb: folds
fe7749c: folds
ff2e0002: folds
Hero: checks
*** FLOP *** [5d 4c 8d]
Hero: checks
29d4d404: checks
*** TURN *** [5d 4c 8d] [Kh]
Hero: bets $2.5
29d4d404: folds
Uncalled bet ($2.5) returned to Hero
*** SHOWDOWN ***
Hero collected $5 from pot
*** SUMMARY ***
Total pot $5
Board [5d 4c 8d Kh]
Seat 1: 13a92b05 folded before Flop (didn't bet)
Seat 2: 2c570fdb folded before Flop (didn't bet)
Seat 7: 29d4d404 folded on the Turn
Seat 5: ff2e0002(small blind) folded before Flop
Seat 6: Hero(big blind)won ($5) with Pair of Kings and Pair of Fives
Seat 3: fe7749c folded before Flop (didn't bet)



Poker Hand #ring_909961734: NLH No Limit ($1/$2) - 2025/06/01 00:14:27
Table 'MR NLH 1/2' 7-max Seat #3 is the button
Seat 1: 13a92b05 ($843.07 in chips)
Seat 2: 2c570fdb ($391.32 in chips)
Seat 7: 29d4d404 ($114.53 in chips)
Seat 5: ff2e0002 ($790.85 in chips)
Seat 6: Hero ($241.24 in chips)
Seat 3: fe7749c ($306.29 in chips)
ff2e0002: posts big blind $2
*** HOLE CARDS ***
Dealt to 13a92b05 
Dealt to 2c570fdb 
Dealt to 29d4d404 
Dealt to ff2e0002 
Dealt to Hero [6s 7c]
Dealt to fe7749c 
Hero: folds
29d4d404: folds
13a92b05: raises $4 to $6
2c570fdb: folds
fe7749c: folds
ff2e0002: calls $4
*** FLOP *** [4s 5h Js]
ff2e0002: checks
13a92b05: bets $12
ff2e0002: folds
Uncalled bet ($12) returned to 13a92b05
*** SHOWDOWN ***
13a92b05 collected $12 from pot
*** SUMMARY ***
Total pot $12
Board [4s 5h Js]
Seat 1: 13a92b05won ($12) with Pair of Jacks and Pair of Fours
Seat 2: 2c570fdb folded before Flop (didn't bet)
Seat 7: 29d4d404 folded before Flop (didn't bet)
Seat 5: ff2e0002(big blind) folded on the Flop
Seat 6: Hero folded before Flop (didn't bet)
Seat 3: fe7749c folded before Flop (didn't bet)



Poker Hand #ring_909960284: NLH No Limit ($1/$2) - 2025/06/01 00:13:34
Table 'MR NLH 1/2' 7-max Seat #2 is the button
Seat 4: 7f307c7b ($644.7 in chips)
Seat 1: 13a92b05 ($851.32 in chips)
Seat 2: 2c570fdb ($391.32 in chips)
Seat 7: 29d4d404 ($114.53 in chips)
Seat 5: ff2e0002 ($780.47 in chips)
Seat 6: Hero ($241.24 in chips)
Seat 3: fe7749c ($307.29 in chips)
fe7749c: posts small blind $1
7f307c7b: posts big blind $2
*** HOLE CARDS ***
Dealt to 7f307c7b 
Dealt to 13a92b05 
Dealt to 2c570fdb 
Dealt to 29d4d404 
Dealt to ff2e0002 
Dealt to Hero [9s Td]
Dealt to fe7749c 
ff2e0002: raises $3 to $5
Hero: folds
29d4d404: folds
13a92b05: calls $5
2c570fdb: folds
fe7749c: folds
7f307c7b: folds
*** FLOP *** [Ad Ks 5c]
ff2e0002: bets $3.25
13a92b05: calls $3.25
*** TURN *** [Ad Ks 5c] [4c]
ff2e0002: bets $15.6
13a92b05: folds
Uncalled bet ($15.6) returned to ff2e0002
*** SHOWDOWN ***
ff2e0002 collected $19.5 from pot
*** SUMMARY ***
Total pot $19.5
Board [Ad Ks 5c 4c]
Seat 4: 7f307c7b(big blind) folded before Flop
Seat 1: 13a92b05 folded on the Turn
Seat 2: 2c570fdb folded before Flop (didn't bet)
Seat 7: 29d4d404 folded before Flop (didn't bet)
Seat 5: ff2e0002won ($19.5) with Ace-High
Seat 6: Hero folded before Flop (didn't bet)
Seat 3: fe7749c(small blind) folded before Flop



Poker Hand #ring_909958725: NLH No Limit ($1/$2) - 2025/06/01 00:12:34
Table 'MR NLH 1/2' 7-max Seat #1 is the button
Seat 4: 7f307c7b ($644.7 in chips)
Seat 1: 13a92b05 ($851.32 in chips)
Seat 2: 2c570fdb ($385.86 in chips)
Seat 7: 29d4d404 ($114.53 in chips)
Seat 5: ff2e0002 ($780.47 in chips)
Seat 6: Hero ($241.24 in chips)
Seat 3: fe7749c ($313.29 in chips)
2c570fdb: posts small blind $1
fe7749c: posts big blind $2
*** HOLE CARDS ***
Dealt to 7f307c7b 
Dealt to 13a92b05 
Dealt to 2c570fdb 
Dealt to 29d4d404 
Dealt to ff2e0002 
Dealt to Hero [8d Ah]
Dealt to fe7749c 
7f307c7b: folds
ff2e0002: folds
Hero: folds
29d4d404: folds
13a92b05: folds
2c570fdb: raises $4 to $6
fe7749c: calls $4
*** FLOP *** [6c Ac Kd]
2c570fdb: bets $9
fe7749c: folds
Uncalled bet ($9) returned to 2c570fdb
*** SHOWDOWN ***
2c570fdb collected $12 from pot
*** SUMMARY ***
Total pot $12
Board [6c Ac Kd]
Seat 4: 7f307c7b folded before Flop (didn't bet)
Seat 1: 13a92b05 folded before Flop (didn't bet)
Seat 2: 2c570fdb(small blind)won ($12) with Ace-High
Seat 7: 29d4d404 folded before Flop (didn't bet)
Seat 5: ff2e0002 folded before Flop (didn't bet)
Seat 6: Hero folded before Flop (didn't bet)
Seat 3: fe7749c(big blind) folded on the Flop



Poker Hand #ring_909957208: NLH No Limit ($1/$2) - 2025/06/01 00:11:37
Table 'MR NLH 1/2' 7-max Seat #7 is the button
Seat 4: 7f307c7b ($654.7 in chips)
Seat 1: 13a92b05 ($831.26 in chips)
Seat 2: 2c570fdb ($387.86 in chips)
Seat 7: 29d4d404 ($124.53 in chips)
Seat 5: ff2e0002 ($780.47 in chips)
Seat 6: Hero ($241.24 in chips)
Seat 3: fe7749c ($313.29 in chips)
13a92b05: posts small blind $1
2c570fdb: posts big blind $2
*** HOLE CARDS ***
Dealt to 7f307c7b 
Dealt to 13a92b05 
Dealt to 2c570fdb 
Dealt to 29d4d404 
Dealt to ff2e0002 
Dealt to Hero [Js Tc]
Dealt to fe7749c 
fe7749c: folds
7f307c7b: calls $2
ff2e0002: folds
Hero: folds
29d4d404: calls $2
13a92b05: raises $8 to $10
2c570fdb: folds
7f307c7b: calls $8
29d4d404: calls $8
*** FLOP *** [9d 3c Ad]
13a92b05: bets $24
7f307c7b: folds
29d4d404: folds
Uncalled bet ($24) returned to 13a92b05
*** SHOWDOWN ***
13a92b05 collected $32 from pot
*** SUMMARY ***
Total pot $32
Board [9d 3c Ad]
Seat 4: 7f307c7b folded on the Flop
Seat 1: 13a92b05(small blind)won ($32) with Three Nines
Seat 2: 2c570fdb(big blind) folded before Flop
Seat 7: 29d4d404 folded on the Flop
Seat 5: ff2e0002 folded before Flop (didn't bet)
Seat 6: Hero folded before Flop (didn't bet)
Seat 3: fe7749c folded before Flop (didn't bet)



Poker Hand #ring_909955603: NLH No Limit ($1/$2) - 2025/06/01 00:10:37
Table 'MR NLH 1/2' 7-max Seat #6 is the button
Seat 4: 7f307c7b ($651.92 in chips)
Seat 1: 13a92b05 ($833.26 in chips)
Seat 2: 2c570fdb ($387.86 in chips)
Seat 7: 29d4d404 ($125.53 in chips)
Seat 5: ff2e0002 ($780.47 in chips)
Seat 6: Hero ($241.24 in chips)
Seat 3: fe7749c ($313.29 in chips)
29d4d404: posts small blind $1
13a92b05: posts big blind $2
*** HOLE CARDS ***
Dealt to 7f307c7b 
Dealt to 13a92b05 
Dealt to 2c570fdb 
Dealt to 29d4d404 
Dealt to ff2e0002 
Dealt to Hero [4d 6c]
Dealt to fe7749c 
2c570fdb: folds
fe7749c: folds
7f307c7b: calls $2
ff2e0002: folds
Hero: folds
29d4d404: folds
13a92b05: checks
*** FLOP *** [Ac Kc 9d]
13a92b05: checks
7f307c7b: checks
*** TURN *** [Ac Kc 9d] [8s]
13a92b05: checks
7f307c7b: checks
*** RIVER *** [Ac Kc 9d 8s] [7c]
13a92b05: checks
7f307c7b: bets $5
13a92b05: folds
Uncalled bet ($5) returned to 7f307c7b
*** SHOWDOWN ***
7f307c7b collected $5 from pot
*** SUMMARY ***
Total pot $5
Board [Ac Kc 9d 8s 7c]
Seat 4: 7f307c7bwon ($5) with Ace High Flush
Seat 1: 13a92b05(big blind) folded on the River
Seat 2: 2c570fdb folded before Flop (didn't bet)
Seat 7: 29d4d404(small blind) folded before Flop
Seat 5: ff2e0002 folded before Flop (didn't bet)
Seat 6: Hero folded before Flop (didn't bet)
Seat 3: fe7749c folded before Flop (didn't bet)



Poker Hand #ring_909954039: NLH No Limit ($1/$2) - 2025/06/01 00:09:38
Table 'MR NLH 1/2' 7-max Seat #5 is the button
Seat 4: 7f307c7b ($651.92 in chips)
Seat 1: 13a92b05 ($856.76 in chips)
Seat 2: 2c570fdb ($387.86 in chips)
Seat 7: 29d4d404 ($97 in chips)
Seat 5: ff2e0002 ($787.47 in chips)
Seat 6: Hero ($242.24 in chips)
Seat 3: fe7749c ($313.29 in chips)
Hero: posts small blind $1
29d4d404: posts big blind $2
*** HOLE CARDS ***
Dealt to 7f307c7b 
Dealt to 13a92b05 
Dealt to 2c570fdb 
Dealt to 29d4d404 
Dealt to ff2e0002 
Dealt to Hero [3h 8h]
Dealt to fe7749c 
13a92b05: calls $2
2c570fdb: folds
fe7749c: folds
7f307c7b: folds
ff2e0002: raises $5 to $7
Hero: folds
29d4d404: calls $5
13a92b05: calls $5
*** FLOP *** [5c Ah 6h]
29d4d404: checks
13a92b05: checks
ff2e0002: checks
*** TURN *** [5c Ah 6h] [8c]
29d4d404: bets $16.5
13a92b05: calls $16.5
ff2e0002: folds
*** RIVER *** [5c Ah 6h 8c] [4s]
29d4d404: bets $27.5
13a92b05: folds
Uncalled bet ($27.5) returned to 29d4d404
*** SHOWDOWN ***
29d4d404 collected $55 from pot
*** SUMMARY ***
Total pot $55
Board [5c Ah 6h 8c 4s]
Seat 4: 7f307c7b folded before Flop (didn't bet)
Seat 1: 13a92b05 folded on the River
Seat 2: 2c570fdb folded before Flop (didn't bet)
Seat 7: 29d4d404(big blind)won ($55) with Pair of Aces
Seat 5: ff2e0002 folded on the Turn
Seat 6: Hero(small blind) folded before Flop
Seat 3: fe7749c folded before Flop (didn't bet)



Poker Hand #ring_909952876: NLH No Limit ($1/$2) - 2025/06/01 00:08:54
Table 'MR NLH 1/2' 7-max Seat #4 is the button
Seat 4: 7f307c7b ($643.68 in chips)
Seat 1: 13a92b05 ($856.76 in chips)
Seat 2: 2c570fdb ($387.86 in chips)
Seat 7: 29d4d404 ($97 in chips)
Seat 5: ff2e0002 ($788.47 in chips)
Seat 6: Hero ($250.24 in chips)
Seat 3: fe7749c ($313.29 in chips)
ff2e0002: posts small blind $1
Hero: posts big blind $2
*** HOLE CARDS ***
Dealt to 7f307c7b 
Dealt to 13a92b05 
Dealt to 2c570fdb 
Dealt to 29d4d404 
Dealt to ff2e0002 
Dealt to Hero [Ad Jd]
Dealt to fe7749c 
29d4d404: folds
13a92b05: folds
2c570fdb: folds
fe7749c: folds
7f307c7b: calls $2
ff2e0002: folds
Hero: raises $6 to $8
7f307c7b: calls $6
*** FLOP *** [9s Qc 5d]
Hero: checks
7f307c7b: bets $17
Hero: folds
Uncalled bet ($17) returned to 7f307c7b
*** SHOWDOWN ***
7f307c7b collected $17 from pot
*** SUMMARY ***
Total pot $17
Board [9s Qc 5d]
Seat 4: 7f307c7bwon ($17) with Pair of Queens
Seat 1: 13a92b05 folded before Flop (didn't bet)
Seat 2: 2c570fdb folded before Flop (didn't bet)
Seat 7: 29d4d404 folded before Flop (didn't bet)
Seat 5: ff2e0002(small blind) folded before Flop
Seat 6: Hero(big blind) folded on the Flop
Seat 3: fe7749c folded before Flop (didn't bet)



Poker Hand #ring_909950915: NLH No Limit ($1/$2) - 2025/06/01 00:07:41
Table 'MR NLH 1/2' 7-max Seat #3 is the button
Seat 4: 7f307c7b ($627.58 in chips)
Seat 1: 13a92b05 ($856.76 in chips)
Seat 2: 2c570fdb ($387.86 in chips)
Seat 7: 29d4d404 ($97 in chips)
Seat 5: ff2e0002 ($794.47 in chips)
Seat 6: Hero ($250.24 in chips)
Seat 3: fe7749c ($325.23 in chips)
7f307c7b: posts small blind $1
ff2e0002: posts big blind $2
*** HOLE CARDS ***
Dealt to 7f307c7b 
Dealt to 13a92b05 
Dealt to 2c570fdb 
Dealt to 29d4d404 
Dealt to ff2e0002 
Dealt to Hero [Js 7h]
Dealt to fe7749c 
Hero: folds
29d4d404: folds
13a92b05: folds
2c570fdb: folds
fe7749c: raises $4 to $6
7f307c7b: calls $5
ff2e0002: calls $4
*** FLOP *** [6d 3d 9h]
7f307c7b: checks
ff2e0002: checks
fe7749c: bets $5.94
7f307c7b: calls $5.94
ff2e0002: folds
*** TURN *** [6d 3d 9h] [4c]
7f307c7b: checks
fe7749c: checks
*** RIVER *** [6d 3d 9h 4c] [2d]
7f307c7b: bets $9.86
fe7749c: folds
Uncalled bet ($9.86) returned to 7f307c7b
7f307c7b: shows [Ac]
*** SHOWDOWN ***
7f307c7b collected $29.88 from pot
*** SUMMARY ***
Total pot $29.88
Board [6d 3d 9h 4c 2d]
Seat 4: 7f307c7b(small blind) showed [Ac] and won ($29.88) with Pair of Sixes
Seat 1: 13a92b05 folded before Flop (didn't bet)
Seat 2: 2c570fdb folded before Flop (didn't bet)
Seat 7: 29d4d404 folded before Flop (didn't bet)
Seat 5: ff2e0002(big blind) folded on the Flop
Seat 6: Hero folded before Flop (didn't bet)
Seat 3: fe7749c folded on the River



Poker Hand #ring_909950039: NLH No Limit ($1/$2) - 2025/06/01 00:07:07
Table 'MR NLH 1/2' 7-max Seat #2 is the button
Seat 4: 7f307c7b ($629.58 in chips)
Seat 1: 13a92b05 ($853.76 in chips)
Seat 2: 2c570fdb ($387.86 in chips)
Seat 7: 29d4d404 ($97 in chips)
Seat 5: ff2e0002 ($794.47 in chips)
Seat 6: Hero ($250.24 in chips)
Seat 3: fe7749c ($326.23 in chips)
fe7749c: posts small blind $1
7f307c7b: posts big blind $2
*** HOLE CARDS ***
Dealt to 7f307c7b 
Dealt to 13a92b05 
Dealt to 2c570fdb 
Dealt to 29d4d404 
Dealt to ff2e0002 
Dealt to Hero [8h 7c]
Dealt to fe7749c 
ff2e0002: folds
Hero: folds
29d4d404: folds
13a92b05: raises $6 to $8
2c570fdb: folds
fe7749c: folds
7f307c7b: folds
Uncalled bet ($6) returned to 13a92b05
*** SHOWDOWN ***
13a92b05 collected $5 from pot
*** SUMMARY ***
Total pot $5
Seat 4: 7f307c7b(big blind) folded before Flop
Seat 1: 13a92b05won ($5)
Seat 2: 2c570fdb folded before Flop (didn't bet)
Seat 7: 29d4d404 folded before Flop (didn't bet)
Seat 5: ff2e0002 folded before Flop (didn't bet)
Seat 6: Hero folded before Flop (didn't bet)
Seat 3: fe7749c(small blind) folded before Flop



Poker Hand #ring_909947786: NLH No Limit ($1/$2) - 2025/06/01 00:05:40
Table 'MR NLH 1/2' 7-max Seat #1 is the button
Seat 4: 7f307c7b ($587.11 in chips)
Seat 1: 13a92b05 ($875.26 in chips)
Seat 2: 2c570fdb ($388.86 in chips)
Seat 7: 29d4d404 ($97 in chips)
Seat 5: ff2e0002 ($794.47 in chips)
Seat 6: Hero ($271.74 in chips)
Seat 3: fe7749c ($328.23 in chips)
2c570fdb: posts small blind $1
fe7749c: posts big blind $2
*** HOLE CARDS ***
Dealt to 7f307c7b 
Dealt to 13a92b05 
Dealt to 2c570fdb 
Dealt to 29d4d404 
Dealt to ff2e0002 
Dealt to Hero [Kd Qd]
Dealt to fe7749c 
7f307c7b: calls $2
ff2e0002: folds
Hero: raises $6 to $8
29d4d404: folds
13a92b05: calls $8
2c570fdb: folds
fe7749c: folds
7f307c7b: calls $6
*** FLOP *** [Ks 5h Ad]
7f307c7b: checks
Hero: bets $13.5
13a92b05: calls $13.5
7f307c7b: calls $13.5
*** TURN *** [Ks 5h Ad] [6h]
7f307c7b: checks
Hero: checks
13a92b05: checks
*** RIVER *** [Ks 5h Ad 6h] [9h]
7f307c7b: bets $33.75
Hero: folds
13a92b05: folds
Uncalled bet ($33.75) returned to 7f307c7b
*** SHOWDOWN ***
7f307c7b collected $67.5 from pot
*** SUMMARY ***
Total pot $67.5
Board [Ks 5h Ad 6h 9h]
Seat 4: 7f307c7bwon ($67.5) with Nine High Flush
Seat 1: 13a92b05 folded on the River
Seat 2: 2c570fdb(small blind) folded before Flop
Seat 7: 29d4d404 folded before Flop (didn't bet)
Seat 5: ff2e0002 folded before Flop (didn't bet)
Seat 6: Hero folded on the River
Seat 3: fe7749c(big blind) folded before Flop



Poker Hand #ring_909945918: NLH No Limit ($1/$2) - 2025/06/01 00:04:31
Table 'MR NLH 1/2' 7-max Seat #7 is the button
Seat 4: 7f307c7b ($580.92 in chips)
Seat 1: 13a92b05 ($876.26 in chips)
Seat 2: 2c570fdb ($394.61 in chips)
Seat 7: 29d4d404 ($97 in chips)
Seat 5: ff2e0002 ($794.47 in chips)
Seat 6: Hero ($271.74 in chips)
Seat 3: fe7749c ($328.23 in chips)
13a92b05: posts small blind $1
2c570fdb: posts big blind $2
*** HOLE CARDS ***
Dealt to 7f307c7b 
Dealt to 13a92b05 
Dealt to 2c570fdb 
Dealt to 29d4d404 
Dealt to ff2e0002 
Dealt to Hero [9s Kd]
Dealt to fe7749c 
fe7749c: folds
7f307c7b: calls $2
ff2e0002: folds
Hero: folds
29d4d404: folds
13a92b05: folds
2c570fdb: checks
*** FLOP *** [6s 3h Ac]
2c570fdb: checks
7f307c7b: bets $3.75
2c570fdb: calls $3.75
*** TURN *** [6s 3h Ac] [4s]
2c570fdb: checks
7f307c7b: bets $9.37
2c570fdb: folds
Uncalled bet ($9.37) returned to 7f307c7b
*** SHOWDOWN ***
7f307c7b collected $12.5 from pot
*** SUMMARY ***
Total pot $12.5
Board [6s 3h Ac 4s]
Seat 4: 7f307c7bwon ($12.5) with Pair of Aces
Seat 1: 13a92b05(small blind) folded before Flop
Seat 2: 2c570fdb(big blind) folded on the Turn
Seat 7: 29d4d404 folded before Flop (didn't bet)
Seat 5: ff2e0002 folded before Flop (didn't bet)
Seat 6: Hero folded before Flop (didn't bet)
Seat 3: fe7749c folded before Flop (didn't bet)



Poker Hand #ring_909943503: NLH No Limit ($1/$2) - 2025/06/01 00:02:56
Table 'MR NLH 1/2' 7-max Seat #6 is the button
Seat 1: 13a92b05 ($844.97 in chips)
Seat 2: 2c570fdb ($428.49 in chips)
Seat 7: 29d4d404 ($98 in chips)
Seat 5: ff2e0002 ($794.47 in chips)
Seat 6: Hero ($271.74 in chips)
Seat 3: fe7749c ($328.23 in chips)
29d4d404: posts small blind $1
13a92b05: posts big blind $2
*** HOLE CARDS ***
Dealt to 13a92b05 
Dealt to 2c570fdb 
Dealt to 29d4d404 
Dealt to ff2e0002 
Dealt to Hero [2h 8h]
Dealt to fe7749c 
2c570fdb: raises $3 to $5
fe7749c: folds
ff2e0002: folds
Hero: folds
29d4d404: folds
13a92b05: calls $3
*** FLOP *** [Ac Qc 7h]
13a92b05: checks
2c570fdb: bets $8.25
13a92b05: calls $8.25
*** TURN *** [Ac Qc 7h] [8d]
13a92b05: checks
2c570fdb: bets $20.63
13a92b05: calls $20.63
*** RIVER *** [Ac Qc 7h 8d] [Tc]
13a92b05: bets $811.09 and is all-in
2c570fdb: folds
Uncalled bet ($811.09) returned to 13a92b05
*** SHOWDOWN ***
13a92b05 collected $68.76 from pot
*** SUMMARY ***
Total pot $68.76
Board [Ac Qc 7h 8d Tc]
Seat 1: 13a92b05(big blind)won ($68.76) with Ace High Flush
Seat 2: 2c570fdb folded on the River
Seat 7: 29d4d404(small blind) folded before Flop
Seat 5: ff2e0002 folded before Flop (didn't bet)
Seat 6: Hero folded before Flop (didn't bet)
Seat 3: fe7749c folded before Flop (didn't bet)



Poker Hand #ring_909942061: NLH No Limit ($1/$2) - 2025/06/01 00:02:02
Table 'MR NLH 1/2' 7-max Seat #5 is the button
Seat 4: 7f307c7b ($580.92 in chips)
Seat 1: 13a92b05 ($835.78 in chips)
Seat 2: 2c570fdb ($428.49 in chips)
Seat 7: 29d4d404 ($100 in chips)
Seat 5: ff2e0002 ($794.47 in chips)
Seat 6: Hero ($279.74 in chips)
Seat 3: fe7749c ($328.23 in chips)
Hero: posts small blind $1
29d4d404: posts big blind $2
*** HOLE CARDS ***
Dealt to 7f307c7b 
Dealt to 13a92b05 
Dealt to 2c570fdb 
Dealt to 29d4d404 
Dealt to ff2e0002 
Dealt to Hero [7h 8h]
Dealt to fe7749c 
13a92b05: raises $6 to $8
2c570fdb: folds
fe7749c: folds
7f307c7b: folds
ff2e0002: folds
Hero: calls $7
29d4d404: folds
*** FLOP *** [3c Qc Qd]
Hero: checks
13a92b05: bets $9
Hero: folds
Uncalled bet ($9) returned to 13a92b05
*** SHOWDOWN ***
13a92b05 collected $18 from pot
*** SUMMARY ***
Total pot $18
Board [3c Qc Qd]
Seat 4: 7f307c7b folded before Flop (didn't bet)
Seat 1: 13a92b05won ($18) with Pair of Queens
Seat 2: 2c570fdb folded before Flop (didn't bet)
Seat 7: 29d4d404(big blind) folded before Flop
Seat 5: ff2e0002 folded before Flop (didn't bet)
Seat 6: Hero(small blind) folded on the Flop
Seat 3: fe7749c folded before Flop (didn't bet)



Poker Hand #ring_909941277: NLH No Limit ($1/$2) - 2025/06/01 00:01:31
Table 'MR NLH 1/2' 7-max Seat #4 is the button
Seat 4: 7f307c7b ($580.92 in chips)
Seat 1: 13a92b05 ($835.78 in chips)
Seat 2: 2c570fdb ($428.49 in chips)
Seat 5: ff2e0002 ($795.47 in chips)
Seat 6: Hero ($278.74 in chips)
Seat 3: fe7749c ($328.23 in chips)
ff2e0002: posts small blind $1
Hero: posts big blind $2
*** HOLE CARDS ***
Dealt to 7f307c7b 
Dealt to 13a92b05 
Dealt to 2c570fdb 
Dealt to ff2e0002 
Dealt to Hero [4d 4s]
Dealt to fe7749c 
13a92b05: folds
2c570fdb: folds
fe7749c: folds
7f307c7b: folds
ff2e0002: folds
*** SHOWDOWN ***
Hero collected $3 from pot
*** SUMMARY ***
Total pot $3
Seat 4: 7f307c7b folded before Flop (didn't bet)
Seat 1: 13a92b05 folded before Flop (didn't bet)
Seat 2: 2c570fdb folded before Flop (didn't bet)
Seat 5: ff2e0002(small blind) folded before Flop
Seat 6: Hero(big blind)won ($3)
Seat 3: fe7749c folded before Flop (didn't bet)



Poker Hand #ring_909940143: NLH No Limit ($1/$2) - 2025/06/01 00:00:48
Table 'MR NLH 1/2' 7-max Seat #3 is the button
Seat 4: 7f307c7b ($582.92 in chips)
Seat 1: 13a92b05 ($835.78 in chips)
Seat 2: 2c570fdb ($428.49 in chips)
Seat 5: ff2e0002 ($793.65 in chips)
Seat 6: Hero ($278.74 in chips)
Seat 7: 6111ce36 ($241.38 in chips)
Seat 3: fe7749c ($328.23 in chips)
7f307c7b: posts small blind $1
ff2e0002: posts big blind $2
*** HOLE CARDS ***
Dealt to 7f307c7b 
Dealt to 13a92b05 
Dealt to 2c570fdb 
Dealt to ff2e0002 
Dealt to Hero [Js Th]
Dealt to 6111ce36 
Dealt to fe7749c 
Hero: folds
6111ce36: folds
13a92b05: folds
2c570fdb: folds
fe7749c: folds
7f307c7b: calls $1
ff2e0002: checks
*** FLOP *** [3s Ad 2s]
7f307c7b: checks
ff2e0002: bets $2.72
7f307c7b: folds
Uncalled bet ($2.72) returned to ff2e0002
*** SHOWDOWN ***
ff2e0002 collected $4 from pot
*** SUMMARY ***
Total pot $4
Board [3s Ad 2s]
Seat 4: 7f307c7b(small blind) folded on the Flop
Seat 1: 13a92b05 folded before Flop (didn't bet)
Seat 2: 2c570fdb folded before Flop (didn't bet)
Seat 5: ff2e0002(big blind)won ($4) with Pair of Aces and Pair of Twos
Seat 6: Hero folded before Flop (didn't bet)
Seat 7: 6111ce36 folded before Flop (didn't bet)
Seat 3: fe7749c folded before Flop (didn't bet)



Poker Hand #ring_909938896: NLH No Limit ($1/$2) - 2025/05/31 23:59:59
Table 'MR NLH 1/2' 7-max Seat #2 is the button
Seat 4: 7f307c7b ($584.92 in chips)
Seat 2: 2c570fdb ($428.49 in chips)
Seat 5: ff2e0002 ($793.65 in chips)
Seat 6: Hero ($284.74 in chips)
Seat 7: 6111ce36 ($277.38 in chips)
Seat 3: fe7749c ($288.33 in chips)
fe7749c: posts small blind $1
7f307c7b: posts big blind $2
*** HOLE CARDS ***
Dealt to 7f307c7b 
Dealt to 2c570fdb 
Dealt to ff2e0002 
Dealt to Hero [3d 5d]
Dealt to 6111ce36 
Dealt to fe7749c 
ff2e0002: folds
Hero: raises $4 to $6
6111ce36: calls $6
2c570fdb: folds
fe7749c: raises $30 to $36
7f307c7b: folds
Hero: folds
6111ce36: calls $30
*** FLOP *** [Kh 4d Qd]
fe7749c: bets $26.4
6111ce36: folds
Uncalled bet ($26.4) returned to fe7749c
*** SHOWDOWN ***
fe7749c collected $80 from pot
*** SUMMARY ***
Total pot $80
Board [Kh 4d Qd]
Seat 4: 7f307c7b(big blind) folded before Flop
Seat 2: 2c570fdb folded before Flop (didn't bet)
Seat 5: ff2e0002 folded before Flop (didn't bet)
Seat 6: Hero folded before Flop
Seat 7: 6111ce36 folded on the Flop
Seat 3: fe7749c(small blind)won ($80) with Pair of Nines



Poker Hand #ring_909937879: NLH No Limit ($1/$2) - 2025/05/31 23:59:21
Table 'MR NLH 1/2' 7-max Seat #0 is the button
Seat 4: 7f307c7b ($584.92 in chips)
Seat 2: 2c570fdb ($429.49 in chips)
Seat 5: ff2e0002 ($788.14 in chips)
Seat 6: Hero ($284.74 in chips)
Seat 7: 6111ce36 ($277.38 in chips)
Seat 3: fe7749c ($293.33 in chips)
2c570fdb: posts small blind $1
fe7749c: posts big blind $2
*** HOLE CARDS ***
Dealt to 7f307c7b 
Dealt to 2c570fdb 
Dealt to ff2e0002 
Dealt to Hero [4c 8c]
Dealt to 6111ce36 
Dealt to fe7749c 
7f307c7b: folds
ff2e0002: raises $3 to $5
Hero: folds
6111ce36: folds
2c570fdb: folds
fe7749c: calls $3
*** FLOP *** [Kd Jh Jd]
fe7749c: checks
ff2e0002: bets $2.75
fe7749c: folds
Uncalled bet ($2.75) returned to ff2e0002
*** SHOWDOWN ***
ff2e0002 collected $11 from pot
*** SUMMARY ***
Total pot $11
Board [Kd Jh Jd]
Seat 4: 7f307c7b folded before Flop (didn't bet)
Seat 2: 2c570fdb(small blind) folded before Flop
Seat 5: ff2e0002won ($11) with Pair of Jacks
Seat 6: Hero folded before Flop (didn't bet)
Seat 7: 6111ce36 folded before Flop (didn't bet)
Seat 3: fe7749c(big blind) folded on the Flop



Poker Hand #ring_909935762: NLH No Limit ($1/$2) - 2025/05/31 23:57:59
Table 'MR NLH 1/2' 7-max Seat #7 is the button
Seat 4: 7f307c7b ($572.73 in chips)
Seat 1: 13a92b05 ($836.78 in chips)
Seat 2: 2c570fdb ($431.49 in chips)
Seat 5: ff2e0002 ($793.14 in chips)
Seat 6: Hero ($284.74 in chips)
Seat 7: 6111ce36 ($282.38 in chips)
Seat 3: fe7749c ($293.33 in chips)
13a92b05: posts small blind $1
2c570fdb: posts big blind $2
*** HOLE CARDS ***
Dealt to 7f307c7b 
Dealt to 13a92b05 
Dealt to 2c570fdb 
Dealt to ff2e0002 
Dealt to Hero [Qc 2c]
Dealt to 6111ce36 
Dealt to fe7749c 
fe7749c: folds
7f307c7b: calls $2
ff2e0002: raises $3 to $5
Hero: folds
6111ce36: calls $5
13a92b05: folds
2c570fdb: folds
7f307c7b: calls $3
*** FLOP *** [4s 3d Qs]
7f307c7b: checks
ff2e0002: checks
6111ce36: checks
*** TURN *** [4s 3d Qs] [Ad]
7f307c7b: checks
ff2e0002: checks
6111ce36: checks
*** RIVER *** [4s 3d Qs Ad] [Qd]
7f307c7b: bets $9
ff2e0002: folds
6111ce36: folds
Uncalled bet ($9) returned to 7f307c7b
*** SHOWDOWN ***
7f307c7b collected $18 from pot
*** SUMMARY ***
Total pot $18
Board [4s 3d Qs Ad Qd]
Seat 4: 7f307c7bwon ($18) with Ace High Flush
Seat 1: 13a92b05(small blind) folded before Flop
Seat 2: 2c570fdb(big blind) folded before Flop
Seat 5: ff2e0002 folded on the River
Seat 6: Hero folded before Flop (didn't bet)
Seat 7: 6111ce36 folded on the River
Seat 3: fe7749c folded before Flop (didn't bet)



Poker Hand #ring_909933594: NLH No Limit ($1/$2) - 2025/05/31 23:56:35
Table 'MR NLH 1/2' 7-max Seat #6 is the button
Seat 4: 7f307c7b ($572.73 in chips)
Seat 1: 13a92b05 ($838.78 in chips)
Seat 2: 2c570fdb ($450.58 in chips)
Seat 5: ff2e0002 ($812.23 in chips)
Seat 6: Hero ($284.74 in chips)
Seat 7: 6111ce36 ($283.38 in chips)
Seat 3: fe7749c ($293.33 in chips)
6111ce36: posts small blind $1
13a92b05: posts big blind $2
*** HOLE CARDS ***
Dealt to 7f307c7b 
Dealt to 13a92b05 
Dealt to 2c570fdb 
Dealt to ff2e0002 
Dealt to Hero [Td 2h]
Dealt to 6111ce36 
Dealt to fe7749c 
2c570fdb: raises $3 to $5
fe7749c: folds
7f307c7b: folds
ff2e0002: raises $19 to $24
Hero: folds
6111ce36: folds
13a92b05: folds
2c570fdb: raises $26 to $50
ff2e0002: calls $26
*** FLOP *** [Th Qs Jd]
2c570fdb: bets $77.25
ff2e0002: raises $684.98 to $762.23 and is all-in
2c570fdb: calls $323.33 and is all-in
Uncalled bet ($361.65) returned to ff2e0002
2c570fdb: shows [Ad Ks] (Aces-High Straight)
ff2e0002: shows [Kh Ah] (Aces-High Straight)
*** TURN *** [Th Qs Jd] [8d]
*** RIVER *** [Th Qs Jd 8d] [4h]
*** SHOWDOWN ***
2c570fdb collected $452.08 from pot
ff2e0002 collected $452.08 from pot
*** SUMMARY ***
Total pot $904.16
Board [Th Qs Jd 8d 4h]
Seat 4: 7f307c7b folded before Flop (didn't bet)
Seat 1: 13a92b05(big blind) folded before Flop
Seat 2: 2c570fdb showed [Ad Ks] and won ($452.08) with Aces-High Straight
Seat 5: ff2e0002 showed [Kh Ah] and won ($452.08) with Aces-High Straight
Seat 6: Hero folded before Flop (didn't bet)
Seat 7: 6111ce36(small blind) folded before Flop
Seat 3: fe7749c folded before Flop (didn't bet)



Poker Hand #ring_909931751: NLH No Limit ($1/$2) - 2025/05/31 23:55:24
Table 'MR NLH 1/2' 7-max Seat #5 is the button
Seat 4: 7f307c7b ($635.73 in chips)
Seat 1: 13a92b05 ($838.78 in chips)
Seat 2: 2c570fdb ($450.58 in chips)
Seat 5: ff2e0002 ($812.23 in chips)
Seat 6: Hero ($226 in chips)
Seat 7: 6111ce36 ($285.38 in chips)
Seat 3: fe7749c ($293.33 in chips)
Hero: posts small blind $1
6111ce36: posts big blind $2
*** HOLE CARDS ***
Dealt to 7f307c7b 
Dealt to 13a92b05 
Dealt to 2c570fdb 
Dealt to ff2e0002 
Dealt to Hero [9d Kd]
Dealt to 6111ce36 
Dealt to fe7749c 
13a92b05: folds
2c570fdb: folds
fe7749c: folds
7f307c7b: raises $4 to $6
ff2e0002: folds
Hero: raises $13 to $19
6111ce36: folds
7f307c7b: calls $13
*** FLOP *** [9s 3s Qs]
Hero: bets $12
7f307c7b: calls $12
*** TURN *** [9s 3s Qs] [Qc]
Hero: bets $32
7f307c7b: calls $32
*** RIVER *** [9s 3s Qs Qc] [Td]
Hero: checks
7f307c7b: checks
7f307c7b: shows [Jh 9h]
Hero: shows [9d Kd]
*** SHOWDOWN ***
Hero collected $128 from pot
*** SUMMARY ***
Total pot $128
Board [9s 3s Qs Qc Td]
Seat 4: 7f307c7b showed [Jh 9h] and lost with Pair of Queens and Pair of Nines
Seat 1: 13a92b05 folded before Flop (didn't bet)
Seat 2: 2c570fdb folded before Flop (didn't bet)
Seat 5: ff2e0002 folded before Flop (didn't bet)
Seat 6: Hero(small blind) showed [9d Kd] and won ($128) with Pair of Queens and Pair of Nines
Seat 7: 6111ce36(big blind) folded before Flop
Seat 3: fe7749c folded before Flop (didn't bet)



Poker Hand #ring_909930450: NLH No Limit ($1/$2) - 2025/05/31 23:54:35
Table 'MR NLH 1/2' 7-max Seat #4 is the button
Seat 4: 7f307c7b ($623.58 in chips)
Seat 1: 13a92b05 ($838.78 in chips)
Seat 2: 2c570fdb ($450.58 in chips)
Seat 5: ff2e0002 ($813.23 in chips)
Seat 6: Hero ($232 in chips)
Seat 7: 6111ce36 ($285.38 in chips)
Seat 3: fe7749c ($299.33 in chips)
ff2e0002: posts small blind $1
Hero: posts big blind $2
*** HOLE CARDS ***
Dealt to 7f307c7b 
Dealt to 13a92b05 
Dealt to 2c570fdb 
Dealt to ff2e0002 
Dealt to Hero [9s 7h]
Dealt to 6111ce36 
Dealt to fe7749c 
6111ce36: folds
13a92b05: folds
2c570fdb: folds
fe7749c: raises $4 to $6
7f307c7b: calls $6
ff2e0002: folds
Hero: calls $4
*** FLOP *** [Tc 5s 2c]
Hero: checks
fe7749c: checks
7f307c7b: checks
*** TURN *** [Tc 5s 2c] [Qh]
Hero: checks
fe7749c: checks
7f307c7b: bets $9.5
Hero: folds
fe7749c: folds
Uncalled bet ($9.5) returned to 7f307c7b
*** SHOWDOWN ***
7f307c7b collected $19 from pot
*** SUMMARY ***
Total pot $19
Board [Tc 5s 2c Qh]
Seat 4: 7f307c7bwon ($19) with Pair of Queens
Seat 1: 13a92b05 folded before Flop (didn't bet)
Seat 2: 2c570fdb folded before Flop (didn't bet)
Seat 5: ff2e0002(small blind) folded before Flop
Seat 6: Hero(big blind) folded on the Turn
Seat 7: 6111ce36 folded before Flop (didn't bet)
Seat 3: fe7749c folded on the Turn



