Poker Hand #ring_895963913: NLH No Limit ($1/$2) - 2025/05/24 13:35:41
Table 'MR NLH BOMBPOT 1/2' 7-max Seat #1 is the button
Seat 2: 709d54ca ($1,760.3 in chips)
Seat 6: 73cd3bbe ($218 in chips)
Seat 3: eecac25e ($200 in chips)
Seat 7: 9e4285fe ($53.58 in chips)
Seat 5: 7f9b974b ($362.29 in chips)
Seat 1: b8ce0905 ($228.34 in chips)
Seat 4: Hero ($397.6 in chips)
709d54ca: posts small blind $1
eecac25e: posts big blind $2
*** HOLE CARDS ***
Dealt to 709d54ca 
Dealt to 73cd3bbe 
Dealt to eecac25e 
Dealt to 9e4285fe 
Dealt to 7f9b974b 
Dealt to b8ce0905 
Dealt to Hero [4d Th]
Hero: folds
7f9b974b: folds
73cd3bbe: raises $216 to $218 and is all-in
9e4285fe: folds
b8ce0905: folds
709d54ca: folds
eecac25e: folds
Uncalled bet ($216) returned to 73cd3bbe
73cd3bbe: shows [Tc Qd]
*** SHOWDOWN ***
73cd3bbe collected $5 from pot
*** SUMMARY ***
Total pot $5
Seat 2: 709d54ca(small blind) folded before Flop
Seat 6: 73cd3bbe showed [Tc Qd] and won ($5)
Seat 3: eecac25e(big blind) folded before Flop
Seat 7: 9e4285fe folded before Flop (didn't bet)
Seat 5: 7f9b974b folded before Flop (didn't bet)
Seat 1: b8ce0905 folded before Flop (didn't bet)
Seat 4: Hero folded before Flop (didn't bet)



Poker Hand #ring_895962840: NLH No Limit ($1/$2) - 2025/05/24 13:34:26
Table 'MR NLH BOMBPOT 1/2' 7-max Seat #7 is the button
Seat 2: 709d54ca ($1,708.4 in chips)
Seat 6: 73cd3bbe ($226 in chips)
Seat 3: eecac25e ($200 in chips)
Seat 7: 9e4285fe ($53.58 in chips)
Seat 5: 7f9b974b ($386.29 in chips)
Seat 1: b8ce0905 ($252.34 in chips)
Seat 4: Hero ($397.6 in chips)
b8ce0905: posts small blind $1
709d54ca: posts big blind $2
73cd3bbe: posts big blind $2
*** HOLE CARDS ***
Dealt to 709d54ca 
Dealt to 73cd3bbe 
Dealt to eecac25e 
Dealt to 9e4285fe 
Dealt to 7f9b974b 
Dealt to b8ce0905 
Dealt to Hero [Ah 5d]
eecac25e: folds
Hero: folds
7f9b974b: calls $2
73cd3bbe: checks
9e4285fe: folds
b8ce0905: raises $6 to $8
709d54ca: calls $6
7f9b974b: calls $6
73cd3bbe: calls $6
*** FLOP *** [7d Jd 9d]
b8ce0905: bets $16
709d54ca: calls $16
7f9b974b: calls $16
73cd3bbe: folds
*** TURN *** [7d Jd 9d] [7s]
b8ce0905: checks
709d54ca: bets $56
7f9b974b: folds
b8ce0905: folds
Uncalled bet ($56) returned to 709d54ca
*** SHOWDOWN ***
709d54ca collected $80 from pot
*** SUMMARY ***
Total pot $80
Board [7d Jd 9d 7s]
Seat 2: 709d54ca(big blind)won ($80) with Pair of Sevens
Seat 6: 73cd3bbe folded on the Flop
Seat 3: eecac25e folded before Flop (didn't bet)
Seat 7: 9e4285fe folded before Flop (didn't bet)
Seat 5: 7f9b974b folded on the Turn
Seat 1: b8ce0905(small blind) folded on the Turn
Seat 4: Hero folded before Flop (didn't bet)



Poker Hand #ring_895961971: NLH No Limit ($1/$2) - 2025/05/24 13:33:24
Table 'MR NLH BOMBPOT 1/2' 7-max Seat #5 is the button
Seat 2: 709d54ca ($1,679.24 in chips)
Seat 3: eecac25e ($200 in chips)
Seat 7: 9e4285fe ($59.58 in chips)
Seat 5: 7f9b974b ($406.29 in chips)
Seat 1: b8ce0905 ($258.34 in chips)
Seat 4: Hero ($397.6 in chips)
9e4285fe: posts small blind $1
b8ce0905: posts big blind $2
*** HOLE CARDS ***
Dealt to 709d54ca 
Dealt to eecac25e 
Dealt to 9e4285fe 
Dealt to 7f9b974b 
Dealt to b8ce0905 
Dealt to Hero [Jc Qd]
709d54ca: raises $4 to $6
eecac25e: folds
Hero: folds
7f9b974b: calls $6
9e4285fe: calls $5
b8ce0905: calls $4
*** FLOP *** [7s 8c Kd]
9e4285fe: checks
b8ce0905: checks
709d54ca: bets $14
7f9b974b: calls $14
9e4285fe: folds
b8ce0905: folds
*** TURN *** [7s 8c Kd] [2c]
709d54ca: bets $40
7f9b974b: folds
Uncalled bet ($40) returned to 709d54ca
*** SHOWDOWN ***
709d54ca collected $52 from pot
*** SUMMARY ***
Total pot $52
Board [7s 8c Kd 2c]
Seat 2: 709d54cawon ($52) with Ace-High
Seat 3: eecac25e folded before Flop (didn't bet)
Seat 7: 9e4285fe(small blind) folded on the Flop
Seat 5: 7f9b974b folded on the Turn
Seat 1: b8ce0905(big blind) folded on the Flop
Seat 4: Hero folded before Flop (didn't bet)



Poker Hand #ring_895961189: NLH No Limit ($1/$2) - 2025/05/24 13:32:29
Table 'MR NLH BOMBPOT 1/2' 7-max Seat #4 is the button
Seat 2: 709d54ca ($1,666.91 in chips)
Seat 3: eecac25e ($202 in chips)
Seat 7: 9e4285fe ($70.53 in chips)
Seat 5: 7f9b974b ($407.29 in chips)
Seat 1: b8ce0905 ($258.34 in chips)
Seat 4: Hero ($397.6 in chips)
7f9b974b: posts small blind $1
9e4285fe: posts big blind $2
eecac25e: posts big blind $2
*** HOLE CARDS ***
Dealt to 709d54ca 
Dealt to eecac25e 
Dealt to 9e4285fe 
Dealt to 7f9b974b 
Dealt to b8ce0905 
Dealt to Hero [4d Qc]
b8ce0905: folds
709d54ca: raises $4 to $6
eecac25e: folds
Hero: folds
7f9b974b: folds
9e4285fe: calls $4
*** FLOP *** [2d Ah 4s]
9e4285fe: checks
709d54ca: checks
*** TURN *** [2d Ah 4s] [Qd]
9e4285fe: bets $4.95
709d54ca: calls $4.95
*** RIVER *** [2d Ah 4s Qd] [7h]
9e4285fe: checks
709d54ca: bets $18
9e4285fe: folds
Uncalled bet ($18) returned to 709d54ca
*** SHOWDOWN ***
709d54ca collected $24.9 from pot
*** SUMMARY ***
Total pot $24.9
Board [2d Ah 4s Qd 7h]
Seat 2: 709d54cawon ($24.9) with Pair of Aces
Seat 3: eecac25e folded before Flop
Seat 7: 9e4285fe(big blind) folded on the River
Seat 5: 7f9b974b(small blind) folded before Flop
Seat 1: b8ce0905 folded before Flop (didn't bet)
Seat 4: Hero folded before Flop (didn't bet)



Poker Hand #ring_895960172: NLH No Limit ($1/$2) - 2025/05/24 13:31:15
Table 'MR NLH BOMBPOT 1/2' 7-max Seat #2 is the button
Seat 2: 709d54ca ($1,676.91 in chips)
Seat 7: 9e4285fe ($59.12 in chips)
Seat 5: 7f9b974b ($417.29 in chips)
Seat 1: b8ce0905 ($268.34 in chips)
Seat 4: Hero ($386.18 in chips)
Hero: posts the ante $10
7f9b974b: posts the ante $10
9e4285fe: posts the ante $10
b8ce0905: posts the ante $10
709d54ca: posts the ante $10
*** HOLE CARDS ***
Dealt to 709d54ca 
Dealt to 9e4285fe 
Dealt to 7f9b974b 
Dealt to b8ce0905 
Dealt to Hero [2c Ad]
*** FIRST FLOP *** [2s 9s 5c]
Hero: checks
7f9b974b: checks
9e4285fe: bets $49.12 and is all-in
b8ce0905: folds
709d54ca: folds
Hero: calls $49.12
7f9b974b: folds
Hero: shows [2c Ad] (Pair of Twos)
9e4285fe: shows [Qs 8s] (Queen-High)
*** FIRST TURN *** [2s 9s 5c] [Jh]
*** SECOND TURN *** [2s 9s 5c] [Ts]
*** FIRST RIVER *** [2s 9s 5c Jh] [Jc]
*** SECOND RIVER *** [2s 9s 5c Ts] [Kh]
*** FIRST SHOWDOWN ***
Hero collected $74.38 from pot
*** SECOND SHOWDOWN ***
9e4285fe collected $73.86 from pot
*** SUMMARY ***
Total pot $148.24
Hand was run two timesFIRST Board [2s 9s 5c Jh Jc]
SECOND Board [Ts Kh]
Seat 2: 709d54ca folded on the Flop
Seat 7: 9e4285fe showed [Qs 8s] and won ($73.86) with Pair of Jacks / Queen High Flush
Seat 5: 7f9b974b(big blind) folded on the Flop
Seat 1: b8ce0905 folded on the Flop
Seat 4: Hero(small blind) showed [2c Ad] and won ($74.38) with Pair of Jacks and Pair of Twos / Pair of Twos



Poker Hand #ring_895959501: NLH No Limit ($1/$2) - 2025/05/24 13:30:27
Table 'MR NLH BOMBPOT 1/2' 7-max Seat #1 is the button
Seat 2: 709d54ca ($1,685.91 in chips)
Seat 7: 9e4285fe ($47.61 in chips)
Seat 5: 7f9b974b ($419.29 in chips)
Seat 1: b8ce0905 ($268.34 in chips)
Seat 4: Hero ($388.18 in chips)
709d54ca: posts small blind $1
Hero: posts big blind $2
*** HOLE CARDS ***
Dealt to 709d54ca 
Dealt to 9e4285fe 
Dealt to 7f9b974b 
Dealt to b8ce0905 
Dealt to Hero [5c 9h]
7f9b974b: calls $2
9e4285fe: raises $7 to $9
b8ce0905: folds
709d54ca: calls $8
Hero: folds
7f9b974b: folds
*** FLOP *** [2c Tc Ad]
709d54ca: checks
9e4285fe: bets $11
709d54ca: folds
Uncalled bet ($11) returned to 9e4285fe
*** SHOWDOWN ***
9e4285fe collected $22 from pot
*** SUMMARY ***
Total pot $22
Board [2c Tc Ad]
Seat 2: 709d54ca(small blind) folded on the Flop
Seat 7: 9e4285fewon ($22) with Ace-High
Seat 5: 7f9b974b folded before Flop
Seat 1: b8ce0905 folded before Flop (didn't bet)
Seat 4: Hero(big blind) folded before Flop



Poker Hand #ring_895958806: NLH No Limit ($1/$2) - 2025/05/24 13:29:39
Table 'MR NLH BOMBPOT 1/2' 7-max Seat #7 is the button
Seat 2: 709d54ca ($1,683.13 in chips)
Seat 7: 9e4285fe ($47.61 in chips)
Seat 5: 7f9b974b ($421.29 in chips)
Seat 1: b8ce0905 ($269.34 in chips)
Seat 4: Hero ($388.18 in chips)
b8ce0905: posts small blind $1
709d54ca: posts big blind $2
*** HOLE CARDS ***
Dealt to 709d54ca 
Dealt to 9e4285fe 
Dealt to 7f9b974b 
Dealt to b8ce0905 
Dealt to Hero [6d 4c]
Hero: folds
7f9b974b: calls $2
9e4285fe: folds
b8ce0905: folds
709d54ca: checks
*** FLOP *** [2d 8d Ac]
709d54ca: checks
7f9b974b: checks
*** TURN *** [2d 8d Ac] [3c]
709d54ca: bets $4
7f9b974b: folds
Uncalled bet ($4) returned to 709d54ca
*** SHOWDOWN ***
709d54ca collected $5 from pot
*** SUMMARY ***
Total pot $5
Board [2d 8d Ac 3c]
Seat 2: 709d54ca(big blind)won ($5) with Pair of Treys and Pair of Twos
Seat 7: 9e4285fe folded before Flop (didn't bet)
Seat 5: 7f9b974b folded on the Turn
Seat 1: b8ce0905(small blind) folded before Flop
Seat 4: Hero folded before Flop (didn't bet)



Poker Hand #ring_895958096: NLH No Limit ($1/$2) - 2025/05/24 13:28:52
Table 'MR NLH BOMBPOT 1/2' 7-max Seat #5 is the button
Seat 2: 709d54ca ($1,683.13 in chips)
Seat 7: 9e4285fe ($52.61 in chips)
Seat 5: 7f9b974b ($411.96 in chips)
Seat 1: b8ce0905 ($274.34 in chips)
Seat 4: Hero ($388.18 in chips)
9e4285fe: posts small blind $1
b8ce0905: posts big blind $2
*** HOLE CARDS ***
Dealt to 709d54ca 
Dealt to 9e4285fe 
Dealt to 7f9b974b 
Dealt to b8ce0905 
Dealt to Hero [Td 2s]
709d54ca: folds
Hero: folds
7f9b974b: raises $3 to $5
9e4285fe: calls $4
b8ce0905: calls $3
*** FLOP *** [6c Ac As]
9e4285fe: checks
b8ce0905: checks
7f9b974b: bets $7.5
9e4285fe: folds
b8ce0905: folds
Uncalled bet ($7.5) returned to 7f9b974b
*** SHOWDOWN ***
7f9b974b collected $15 from pot
*** SUMMARY ***
Total pot $15
Board [6c Ac As]
Seat 2: 709d54ca folded before Flop (didn't bet)
Seat 7: 9e4285fe(small blind) folded on the Flop
Seat 5: 7f9b974bwon ($15) with Pair of Aces and Pair of Nines
Seat 1: b8ce0905(big blind) folded on the Flop
Seat 4: Hero folded before Flop (didn't bet)



Poker Hand #ring_895957600: NLH No Limit ($1/$2) - 2025/05/24 13:28:19
Table 'MR NLH BOMBPOT 1/2' 7-max Seat #4 is the button
Seat 2: 709d54ca ($1,683.13 in chips)
Seat 7: 9e4285fe ($58.61 in chips)
Seat 5: 7f9b974b ($412.96 in chips)
Seat 1: b8ce0905 ($274.34 in chips)
Seat 4: Hero ($381.76 in chips)
7f9b974b: posts small blind $1
9e4285fe: posts big blind $2
*** HOLE CARDS ***
Dealt to 709d54ca 
Dealt to 9e4285fe 
Dealt to 7f9b974b 
Dealt to b8ce0905 
Dealt to Hero [9c Kc]
b8ce0905: folds
709d54ca: folds
Hero: raises $4 to $6
7f9b974b: folds
9e4285fe: calls $4
*** FLOP *** [2h Td 8h]
9e4285fe: checks
Hero: bets $6.5
9e4285fe: folds
Uncalled bet ($6.5) returned to Hero
*** SHOWDOWN ***
Hero collected $13 from pot
*** SUMMARY ***
Total pot $13
Board [2h Td 8h]
Seat 2: 709d54ca folded before Flop (didn't bet)
Seat 7: 9e4285fe(big blind) folded on the Flop
Seat 5: 7f9b974b(small blind) folded before Flop
Seat 1: b8ce0905 folded before Flop (didn't bet)
Seat 4: Herowon ($13) with King-High



Poker Hand #ring_895957015: NLH No Limit ($1/$2) - 2025/05/24 13:27:35
Table 'MR NLH BOMBPOT 1/2' 7-max Seat #2 is the button
Seat 2: 709d54ca ($1,683.13 in chips)
Seat 7: 9e4285fe ($58.61 in chips)
Seat 5: 7f9b974b ($408.41 in chips)
Seat 1: b8ce0905 ($274.34 in chips)
Seat 4: Hero ($386.76 in chips)
Hero: posts small blind $1
7f9b974b: posts big blind $2
*** HOLE CARDS ***
Dealt to 709d54ca 
Dealt to 9e4285fe 
Dealt to 7f9b974b 
Dealt to b8ce0905 
Dealt to Hero [7c Kc]
9e4285fe: folds
b8ce0905: folds
709d54ca: folds
Hero: calls $1
7f9b974b: checks
*** FLOP *** [Qd 9d 7h]
Hero: checks
7f9b974b: bets $3
Hero: calls $3
*** TURN *** [Qd 9d 7h] [2h]
Hero: checks
7f9b974b: bets $7.5
Hero: folds
Uncalled bet ($7.5) returned to 7f9b974b
*** SHOWDOWN ***
7f9b974b collected $10 from pot
*** SUMMARY ***
Total pot $10
Board [Qd 9d 7h 2h]
Seat 2: 709d54ca folded before Flop (didn't bet)
Seat 7: 9e4285fe folded before Flop (didn't bet)
Seat 5: 7f9b974b(big blind)won ($10) with Pair of Nines and Pair of Twos
Seat 1: b8ce0905 folded before Flop (didn't bet)
Seat 4: Hero(small blind) folded on the Turn



Poker Hand #ring_895956293: NLH No Limit ($1/$2) - 2025/05/24 13:26:43
Table 'MR NLH BOMBPOT 1/2' 7-max Seat #1 is the button
Seat 2: 709d54ca ($1,673.94 in chips)
Seat 7: 9e4285fe ($58.61 in chips)
Seat 5: 7f9b974b ($410.41 in chips)
Seat 1: b8ce0905 ($274.34 in chips)
Seat 4: Hero ($394.76 in chips)
709d54ca: posts small blind $1
Hero: posts big blind $2
*** HOLE CARDS ***
Dealt to 709d54ca 
Dealt to 9e4285fe 
Dealt to 7f9b974b 
Dealt to b8ce0905 
Dealt to Hero [Qh 6h]
7f9b974b: calls $2
9e4285fe: folds
b8ce0905: folds
709d54ca: calls $1
Hero: checks
*** FLOP *** [Jd 4s Qc]
709d54ca: checks
Hero: checks
7f9b974b: checks
*** TURN *** [Jd 4s Qc] [9d]
709d54ca: bets $6
Hero: calls $6
7f9b974b: folds
*** RIVER *** [Jd 4s Qc 9d] [7c]
709d54ca: bets $26
Hero: folds
Uncalled bet ($26) returned to 709d54ca
*** SHOWDOWN ***
709d54ca collected $18 from pot
*** SUMMARY ***
Total pot $18
Board [Jd 4s Qc 9d 7c]
Seat 2: 709d54ca(small blind)won ($18) with Queen-High
Seat 7: 9e4285fe folded before Flop (didn't bet)
Seat 5: 7f9b974b folded on the Turn
Seat 1: b8ce0905 folded before Flop (didn't bet)
Seat 4: Hero(big blind) folded on the River



Poker Hand #ring_895955845: NLH No Limit ($1/$2) - 2025/05/24 13:26:11
Table 'MR NLH BOMBPOT 1/2' 7-max Seat #7 is the button
Seat 2: 709d54ca ($1,675.94 in chips)
Seat 7: 9e4285fe ($58.61 in chips)
Seat 5: 7f9b974b ($418.41 in chips)
Seat 1: b8ce0905 ($265.15 in chips)
Seat 4: Hero ($394.76 in chips)
b8ce0905: posts small blind $1
709d54ca: posts big blind $2
*** HOLE CARDS ***
Dealt to 709d54ca 
Dealt to 9e4285fe 
Dealt to 7f9b974b 
Dealt to b8ce0905 
Dealt to Hero [3d 9c]
Hero: folds
7f9b974b: calls $2
9e4285fe: folds
b8ce0905: raises $6 to $8
709d54ca: folds
7f9b974b: calls $6
*** FLOP *** [5s Ks Ad]
b8ce0905: bets $11.88
7f9b974b: folds
Uncalled bet ($11.88) returned to b8ce0905
*** SHOWDOWN ***
b8ce0905 collected $18 from pot
*** SUMMARY ***
Total pot $18
Board [5s Ks Ad]
Seat 2: 709d54ca(big blind) folded before Flop
Seat 7: 9e4285fe folded before Flop (didn't bet)
Seat 5: 7f9b974b folded on the Flop
Seat 1: b8ce0905(small blind)won ($18) with Pair of Aces
Seat 4: Hero folded before Flop (didn't bet)



Poker Hand #ring_895955391: NLH No Limit ($1/$2) - 2025/05/24 13:25:39
Table 'MR NLH BOMBPOT 1/2' 7-max Seat #5 is the button
Seat 2: 709d54ca ($1,675.94 in chips)
Seat 7: 9e4285fe ($60.61 in chips)
Seat 5: 7f9b974b ($418.41 in chips)
Seat 1: b8ce0905 ($263.15 in chips)
Seat 4: Hero ($394.76 in chips)
9e4285fe: posts small blind $1
b8ce0905: posts big blind $2
*** HOLE CARDS ***
Dealt to 709d54ca 
Dealt to 9e4285fe 
Dealt to 7f9b974b 
Dealt to b8ce0905 
Dealt to Hero [2d 9d]
709d54ca: folds
Hero: folds
7f9b974b: folds
9e4285fe: calls $1
b8ce0905: raises $6 to $8
9e4285fe: folds
Uncalled bet ($6) returned to b8ce0905
*** SHOWDOWN ***
b8ce0905 collected $4 from pot
*** SUMMARY ***
Total pot $4
Seat 2: 709d54ca folded before Flop (didn't bet)
Seat 7: 9e4285fe(small blind) folded before Flop
Seat 5: 7f9b974b folded before Flop (didn't bet)
Seat 1: b8ce0905(big blind)won ($4)
Seat 4: Hero folded before Flop (didn't bet)



Poker Hand #ring_895955021: NLH No Limit ($1/$2) - 2025/05/24 13:25:12
Table 'MR NLH BOMBPOT 1/2' 7-max Seat #4 is the button
Seat 2: 709d54ca ($1,675.94 in chips)
Seat 7: 9e4285fe ($62.61 in chips)
Seat 5: 7f9b974b ($416.59 in chips)
Seat 1: b8ce0905 ($263.15 in chips)
Seat 4: Hero ($394.76 in chips)
7f9b974b: posts small blind $1
9e4285fe: posts big blind $2
*** HOLE CARDS ***
Dealt to 709d54ca 
Dealt to 9e4285fe 
Dealt to 7f9b974b 
Dealt to b8ce0905 
Dealt to Hero [5c Ts]
b8ce0905: folds
709d54ca: folds
Hero: folds
7f9b974b: calls $1
9e4285fe: checks
*** FLOP *** [Js 3s 2s]
7f9b974b: bets $3
9e4285fe: folds
Uncalled bet ($3) returned to 7f9b974b
*** SHOWDOWN ***
7f9b974b collected $4 from pot
*** SUMMARY ***
Total pot $4
Board [Js 3s 2s]
Seat 2: 709d54ca folded before Flop (didn't bet)
Seat 7: 9e4285fe(big blind) folded on the Flop
Seat 5: 7f9b974b(small blind)won ($4) with Pair of Jacks
Seat 1: b8ce0905 folded before Flop (didn't bet)
Seat 4: Hero folded before Flop (didn't bet)



Poker Hand #ring_895954221: NLH No Limit ($1/$2) - 2025/05/24 13:24:16
Table 'MR NLH BOMBPOT 1/2' 7-max Seat #2 is the button
Seat 2: 709d54ca ($1,685.94 in chips)
Seat 7: 9e4285fe ($97.61 in chips)
Seat 5: 7f9b974b ($426.59 in chips)
Seat 1: b8ce0905 ($203.15 in chips)
Seat 4: Hero ($404.76 in chips)
Hero: posts the ante $10
7f9b974b: posts the ante $10
9e4285fe: posts the ante $10
b8ce0905: posts the ante $10
709d54ca: posts the ante $10
*** HOLE CARDS ***
Dealt to 709d54ca 
Dealt to 9e4285fe 
Dealt to 7f9b974b 
Dealt to b8ce0905 
Dealt to Hero [4d Qh]
*** FLOP *** [6s Ts 8h]
Hero: checks
7f9b974b: checks
9e4285fe: checks
b8ce0905: checks
709d54ca: checks
*** TURN *** [6s Ts 8h] [3h]
Hero: checks
7f9b974b: checks
9e4285fe: checks
b8ce0905: bets $25
709d54ca: folds
Hero: folds
7f9b974b: folds
9e4285fe: calls $25
*** RIVER *** [6s Ts 8h 3h] [2d]
9e4285fe: checks
b8ce0905: bets $66
9e4285fe: folds
Uncalled bet ($66) returned to b8ce0905
*** SHOWDOWN ***
b8ce0905 collected $100 from pot
*** SUMMARY ***
Total pot $100
Board [6s Ts 8h 3h 2d]
Seat 2: 709d54ca folded on the Turn
Seat 7: 9e4285fe folded on the River
Seat 5: 7f9b974b(big blind) folded on the Turn
Seat 1: b8ce0905won ($100) with Pair of Sixes and Pair of Treys
Seat 4: Hero(small blind) folded on the Turn



Poker Hand #ring_895953833: NLH No Limit ($1/$2) - 2025/05/24 13:23:48
Table 'MR NLH BOMBPOT 1/2' 7-max Seat #1 is the button
Seat 2: 709d54ca ($1,679.94 in chips)
Seat 7: 9e4285fe ($97.61 in chips)
Seat 5: 7f9b974b ($430.59 in chips)
Seat 1: b8ce0905 ($203.15 in chips)
Seat 4: Hero ($406.76 in chips)
709d54ca: posts small blind $1
Hero: posts big blind $2
*** HOLE CARDS ***
Dealt to 709d54ca 
Dealt to 9e4285fe 
Dealt to 7f9b974b 
Dealt to b8ce0905 
Dealt to Hero [2d Jh]
7f9b974b: raises $2 to $4
9e4285fe: folds
b8ce0905: folds
709d54ca: raises $16 to $20
Hero: folds
7f9b974b: folds
Uncalled bet ($16) returned to 709d54ca
*** SHOWDOWN ***
709d54ca collected $10 from pot
*** SUMMARY ***
Total pot $10
Seat 2: 709d54ca(small blind)won ($10)
Seat 7: 9e4285fe folded before Flop (didn't bet)
Seat 5: 7f9b974b folded before Flop
Seat 1: b8ce0905 folded before Flop (didn't bet)
Seat 4: Hero(big blind) folded before Flop



Poker Hand #ring_895953405: NLH No Limit ($1/$2) - 2025/05/24 13:23:18
Table 'MR NLH BOMBPOT 1/2' 7-max Seat #7 is the button
Seat 2: 709d54ca ($1,681.94 in chips)
Seat 7: 9e4285fe ($94.61 in chips)
Seat 5: 7f9b974b ($430.59 in chips)
Seat 1: b8ce0905 ($204.15 in chips)
Seat 4: Hero ($406.76 in chips)
b8ce0905: posts small blind $1
709d54ca: posts big blind $2
*** HOLE CARDS ***
Dealt to 709d54ca 
Dealt to 9e4285fe 
Dealt to 7f9b974b 
Dealt to b8ce0905 
Dealt to Hero [5c Qd]
Hero: folds
7f9b974b: folds
9e4285fe: raises $8 to $10
b8ce0905: folds
709d54ca: folds
Uncalled bet ($8) returned to 9e4285fe
*** SHOWDOWN ***
9e4285fe collected $5 from pot
*** SUMMARY ***
Total pot $5
Seat 2: 709d54ca(big blind) folded before Flop
Seat 7: 9e4285fewon ($5)
Seat 5: 7f9b974b folded before Flop (didn't bet)
Seat 1: b8ce0905(small blind) folded before Flop
Seat 4: Hero folded before Flop (didn't bet)



Poker Hand #ring_895952861: NLH No Limit ($1/$2) - 2025/05/24 13:22:39
Table 'MR NLH BOMBPOT 1/2' 7-max Seat #5 is the button
Seat 2: 709d54ca ($1,681.94 in chips)
Seat 7: 9e4285fe ($96.61 in chips)
Seat 5: 7f9b974b ($426.86 in chips)
Seat 1: b8ce0905 ($206.15 in chips)
Seat 4: Hero ($406.76 in chips)
9e4285fe: posts small blind $1
b8ce0905: posts big blind $2
*** HOLE CARDS ***
Dealt to 709d54ca 
Dealt to 9e4285fe 
Dealt to 7f9b974b 
Dealt to b8ce0905 
Dealt to Hero [Qh 7d]
709d54ca: folds
Hero: folds
7f9b974b: calls $2
9e4285fe: calls $1
b8ce0905: checks
*** FLOP *** [As 2c Td]
9e4285fe: checks
b8ce0905: checks
7f9b974b: bets $4.5
9e4285fe: folds
b8ce0905: folds
Uncalled bet ($4.5) returned to 7f9b974b
*** SHOWDOWN ***
7f9b974b collected $6 from pot
*** SUMMARY ***
Total pot $6
Board [As 2c Td]
Seat 2: 709d54ca folded before Flop (didn't bet)
Seat 7: 9e4285fe(small blind) folded on the Flop
Seat 5: 7f9b974bwon ($6) with Pair of Aces
Seat 1: b8ce0905(big blind) folded on the Flop
Seat 4: Hero folded before Flop (didn't bet)



Poker Hand #ring_895952049: NLH No Limit ($1/$2) - 2025/05/24 13:21:44
Table 'MR NLH BOMBPOT 1/2' 7-max Seat #4 is the button
Seat 2: 709d54ca ($1,687.94 in chips)
Seat 7: 9e4285fe ($102.61 in chips)
Seat 5: 7f9b974b ($427.86 in chips)
Seat 1: b8ce0905 ($194 in chips)
Seat 3: 855e99a9 ($400 in chips)
Seat 4: Hero ($406.76 in chips)
7f9b974b: posts small blind $1
9e4285fe: posts big blind $2
b8ce0905: posts big blind $2
*** HOLE CARDS ***
Dealt to 709d54ca 
Dealt to 9e4285fe 
Dealt to 7f9b974b 
Dealt to b8ce0905 
Dealt to 855e99a9 
Dealt to Hero [Jd 6c]
b8ce0905: checks
709d54ca: raises $4 to $6
855e99a9: folds
Hero: folds
7f9b974b: folds
9e4285fe: calls $4
b8ce0905: calls $4
*** FLOP *** [Td Ac 6s]
9e4285fe: checks
b8ce0905: checks
709d54ca: checks
*** TURN *** [Td Ac 6s] [Js]
9e4285fe: checks
b8ce0905: bets $9.5
709d54ca: folds
9e4285fe: folds
Uncalled bet ($9.5) returned to b8ce0905
*** SHOWDOWN ***
b8ce0905 collected $19 from pot
*** SUMMARY ***
Total pot $19
Board [Td Ac 6s Js]
Seat 2: 709d54ca folded on the Turn
Seat 7: 9e4285fe(big blind) folded on the Turn
Seat 5: 7f9b974b(small blind) folded before Flop
Seat 1: b8ce0905won ($19) with Pair of Aces
Seat 3: 855e99a9 folded before Flop (didn't bet)
Seat 4: Hero folded before Flop (didn't bet)



Poker Hand #ring_895951086: NLH No Limit ($1/$2) - 2025/05/24 13:20:38
Table 'MR NLH BOMBPOT 1/2' 7-max Seat #3 is the button
Seat 2: 709d54ca ($1,687.94 in chips)
Seat 7: 9e4285fe ($102.61 in chips)
Seat 5: 7f9b974b ($429.86 in chips)
Seat 6: 1289c7ee ($34.45 in chips)
Seat 3: 855e99a9 ($481.61 in chips)
Seat 4: Hero ($195 in chips)
Hero: posts small blind $1
7f9b974b: posts big blind $2
*** HOLE CARDS ***
Dealt to 709d54ca 
Dealt to 9e4285fe 
Dealt to 7f9b974b 
Dealt to 1289c7ee 
Dealt to 855e99a9 
Dealt to Hero [Kh Ah]
1289c7ee: calls $2
9e4285fe: folds
709d54ca: folds
855e99a9: raises $6 to $8
Hero: raises $17 to $25
7f9b974b: folds
1289c7ee: raises $9.45 to $34.45 and is all-in
855e99a9: raises $173.55 to $208
Hero: calls $170 and is all-in
Uncalled bet ($13) returned to 855e99a9
855e99a9: shows [Qc Ac]
Hero: shows [Kh Ah]
1289c7ee: shows [Ks 7d]
*** FLOP *** [4s As 5s]
*** TURN *** [4s As 5s] [Jd]
*** RIVER *** [4s As 5s Jd] [3h]
*** SHOWDOWN ***
Hero collected $105.35 from pot
Hero collected $321.1 from pot
*** SUMMARY ***
Total pot $426.45
Board [4s As 5s Jd 3h]
Seat 2: 709d54ca folded before Flop (didn't bet)
Seat 7: 9e4285fe folded before Flop (didn't bet)
Seat 5: 7f9b974b(big blind) folded before Flop
Seat 6: 1289c7ee showed [Ks 7d] and lost with Ace-High
Seat 3: 855e99a9 showed [Qc Ac] and lost with Pair of Aces
Seat 4: Hero(small blind) showed [Kh Ah] and won ($105.35) with Pair of Aces



Poker Hand #ring_895950393: NLH No Limit ($1/$2) - 2025/05/24 13:19:51
Table 'MR NLH BOMBPOT 1/2' 7-max Seat #2 is the button
Seat 2: 709d54ca ($1,687.94 in chips)
Seat 7: 9e4285fe ($102.61 in chips)
Seat 5: 7f9b974b ($426.13 in chips)
Seat 6: 1289c7ee ($34.45 in chips)
Seat 3: 855e99a9 ($483.61 in chips)
Seat 4: Hero ($197 in chips)
855e99a9: posts small blind $1
Hero: posts big blind $2
*** HOLE CARDS ***
Dealt to 709d54ca 
Dealt to 9e4285fe 
Dealt to 7f9b974b 
Dealt to 1289c7ee 
Dealt to 855e99a9 
Dealt to Hero [3d 9s]
7f9b974b: calls $2
1289c7ee: folds
9e4285fe: folds
709d54ca: folds
855e99a9: calls $1
Hero: checks
*** FLOP *** [5h 2s Ah]
855e99a9: checks
Hero: checks
7f9b974b: checks
*** TURN *** [5h 2s Ah] [Ts]
855e99a9: checks
Hero: checks
7f9b974b: checks
*** RIVER *** [5h 2s Ah Ts] [7h]
855e99a9: checks
Hero: checks
7f9b974b: bets $3
855e99a9: folds
Hero: folds
Uncalled bet ($3) returned to 7f9b974b
*** SHOWDOWN ***
7f9b974b collected $6 from pot
*** SUMMARY ***
Total pot $6
Board [5h 2s Ah Ts 7h]
Seat 2: 709d54ca folded before Flop (didn't bet)
Seat 7: 9e4285fe folded before Flop (didn't bet)
Seat 5: 7f9b974bwon ($6) with Pair of Sevens
Seat 6: 1289c7ee folded before Flop (didn't bet)
Seat 3: 855e99a9(small blind) folded on the River
Seat 4: Hero(big blind) folded on the River



Poker Hand #ring_895949960: NLH No Limit ($1/$2) - 2025/05/24 13:19:22
Table 'MR NLH BOMBPOT 1/2' 7-max Seat #7 is the button
Seat 2: 709d54ca ($1,688.94 in chips)
Seat 7: 9e4285fe ($102.61 in chips)
Seat 5: 7f9b974b ($426.13 in chips)
Seat 6: 1289c7ee ($34.45 in chips)
Seat 3: 855e99a9 ($485.61 in chips)
Seat 4: Hero ($194 in chips)
709d54ca: posts small blind $1
855e99a9: posts big blind $2
*** HOLE CARDS ***
Dealt to 709d54ca 
Dealt to 9e4285fe 
Dealt to 7f9b974b 
Dealt to 1289c7ee 
Dealt to 855e99a9 
Dealt to Hero [6s 5s]
Hero: raises $4 to $6
7f9b974b: folds
1289c7ee: folds
9e4285fe: folds
709d54ca: folds
855e99a9: folds
Uncalled bet ($4) returned to Hero
*** SHOWDOWN ***
Hero collected $5 from pot
*** SUMMARY ***
Total pot $5
Seat 2: 709d54ca(small blind) folded before Flop
Seat 7: 9e4285fe folded before Flop (didn't bet)
Seat 5: 7f9b974b folded before Flop (didn't bet)
Seat 6: 1289c7ee folded before Flop (didn't bet)
Seat 3: 855e99a9(big blind) folded before Flop
Seat 4: Herowon ($5)



Poker Hand #ring_895949288: NLH No Limit ($1/$2) - 2025/05/24 13:18:36
Table 'MR NLH BOMBPOT 1/2' 7-max Seat #6 is the button
Seat 2: 709d54ca ($1,690.94 in chips)
Seat 7: 9e4285fe ($103.61 in chips)
Seat 5: 7f9b974b ($431.13 in chips)
Seat 6: 1289c7ee ($34.45 in chips)
Seat 3: 855e99a9 ($478.19 in chips)
Seat 4: Hero ($194 in chips)
9e4285fe: posts small blind $1
709d54ca: posts big blind $2
*** HOLE CARDS ***
Dealt to 709d54ca 
Dealt to 9e4285fe 
Dealt to 7f9b974b 
Dealt to 1289c7ee 
Dealt to 855e99a9 
Dealt to Hero [9c Td]
855e99a9: raises $3 to $5
Hero: folds
7f9b974b: calls $5
1289c7ee: folds
9e4285fe: folds
709d54ca: folds
*** FLOP *** [Ad Tc Kh]
855e99a9: bets $4.29
7f9b974b: folds
Uncalled bet ($4.29) returned to 855e99a9
*** SHOWDOWN ***
855e99a9 collected $13 from pot
*** SUMMARY ***
Total pot $13
Board [Ad Tc Kh]
Seat 2: 709d54ca(big blind) folded before Flop
Seat 7: 9e4285fe(small blind) folded before Flop
Seat 5: 7f9b974b folded on the Flop
Seat 6: 1289c7ee folded before Flop (didn't bet)
Seat 3: 855e99a9won ($13) with Pair of Fours
Seat 4: Hero folded before Flop (didn't bet)



Poker Hand #ring_895947890: NLH No Limit ($1/$2) - 2025/05/24 13:17:03
Table 'MR NLH BOMBPOT 1/2' 7-max Seat #5 is the button
Seat 2: 709d54ca ($1,690.94 in chips)
Seat 7: 9e4285fe ($105.61 in chips)
Seat 5: 7f9b974b ($219.98 in chips)
Seat 6: 1289c7ee ($254.43 in chips)
Seat 3: 855e99a9 ($486.19 in chips)
Seat 4: Hero ($196 in chips)
1289c7ee: posts small blind $1
9e4285fe: posts big blind $2
Hero: posts big blind $2
*** HOLE CARDS ***
Dealt to 709d54ca 
Dealt to 9e4285fe 
Dealt to 7f9b974b 
Dealt to 1289c7ee 
Dealt to 855e99a9 
Dealt to Hero [2s Kc]
709d54ca: folds
855e99a9: raises $6 to $8
Hero: folds
7f9b974b: raises $15.75 to $23.75
1289c7ee: calls $22.75
9e4285fe: folds
855e99a9: folds
*** FLOP *** [3s 5c 9s]
1289c7ee: checks
7f9b974b: bets $29.75
1289c7ee: calls $29.75
*** TURN *** [3s 5c 9s] [Tc]
1289c7ee: checks
7f9b974b: bets $75
1289c7ee: raises $125.93 to $200.93 and is all-in
7f9b974b: calls $91.48 and is all-in
Uncalled bet ($34.45) returned to 1289c7ee
7f9b974b: shows [Kh Ks]
1289c7ee: shows [Ts Kd]
*** RIVER *** [3s 5c 9s Tc] [9d]
*** SHOWDOWN ***
7f9b974b collected $451.96 from pot
*** SUMMARY ***
Total pot $451.96
Board [3s 5c 9s Tc 9d]
Seat 2: 709d54ca folded before Flop (didn't bet)
Seat 7: 9e4285fe(big blind) folded before Flop
Seat 5: 7f9b974b showed [Kh Ks] and won ($451.96) with Pair of Kings and Pair of Nines
Seat 6: 1289c7ee(small blind) showed [Ts Kd] and lost with Pair of Tens and Pair of Nines
Seat 3: 855e99a9 folded before Flop
Seat 4: Hero folded before Flop



Poker Hand #ring_895944435: NLH No Limit ($1/$2) - 2025/05/24 13:13:16
Table 'MR NLH BOMBPOT 1/2' 7-max Seat #7 is the button
Seat 2: 709d54ca ($1,679.32 in chips)
Seat 7: 9e4285fe ($115.61 in chips)
Seat 5: 7f9b974b ($229.61 in chips)
Seat 6: 1289c7ee ($142.56 in chips)
Seat 3: 855e99a9 ($503.19 in chips)
Seat 4: Hero ($120.82 in chips)
709d54ca: posts small blind $1
855e99a9: posts big blind $2
*** HOLE CARDS ***
Dealt to 709d54ca 
Dealt to 9e4285fe 
Dealt to 7f9b974b 
Dealt to 1289c7ee 
Dealt to 855e99a9 
Dealt to Hero [4s 3s]
Hero: raises $4 to $6
7f9b974b: calls $6
1289c7ee: calls $6
9e4285fe: folds
709d54ca: folds
855e99a9: calls $4
*** FLOP *** [5d Qs 9h]
855e99a9: checks
Hero: checks
7f9b974b: checks
1289c7ee: checks
*** TURN *** [5d Qs 9h] [8s]
855e99a9: checks
Hero: checks
7f9b974b: checks
1289c7ee: bets $8.25
855e99a9: folds
Hero: raises $30.75 to $39
7f9b974b: folds
1289c7ee: calls $30.75
*** RIVER *** [5d Qs 9h 8s] [8h]
Hero: bets $75.82 and is all-in
1289c7ee: calls $75.82
Hero: shows [4s 3s]
1289c7ee: shows [Ts 8d]
*** SHOWDOWN ***
1289c7ee collected $254.64 from pot
*** SUMMARY ***
Total pot $254.64
Board [5d Qs 9h 8s 8h]
Seat 2: 709d54ca(small blind) folded before Flop
Seat 7: 9e4285fe folded before Flop (didn't bet)
Seat 5: 7f9b974b folded on the Turn
Seat 6: 1289c7ee showed [Ts 8d] and won ($254.64) with Three Eights
Seat 3: 855e99a9(big blind) folded on the Turn
Seat 4: Hero showed [4s 3s] and lost with Pair of Eights



Poker Hand #ring_895944070: NLH No Limit ($1/$2) - 2025/05/24 13:12:52
Table 'MR NLH BOMBPOT 1/2' 7-max Seat #6 is the button
Seat 2: 709d54ca ($1,681.32 in chips)
Seat 7: 9e4285fe ($116.61 in chips)
Seat 5: 7f9b974b ($229.61 in chips)
Seat 6: 1289c7ee ($139.56 in chips)
Seat 3: 855e99a9 ($503.19 in chips)
Seat 4: Hero ($120.82 in chips)
9e4285fe: posts small blind $1
709d54ca: posts big blind $2
*** HOLE CARDS ***
Dealt to 709d54ca 
Dealt to 9e4285fe 
Dealt to 7f9b974b 
Dealt to 1289c7ee 
Dealt to 855e99a9 
Dealt to Hero [7d 8s]
855e99a9: folds
Hero: folds
7f9b974b: folds
1289c7ee: raises $4 to $6
9e4285fe: folds
709d54ca: folds
Uncalled bet ($4) returned to 1289c7ee
*** SHOWDOWN ***
1289c7ee collected $5 from pot
*** SUMMARY ***
Total pot $5
Seat 2: 709d54ca(big blind) folded before Flop
Seat 7: 9e4285fe(small blind) folded before Flop
Seat 5: 7f9b974b folded before Flop (didn't bet)
Seat 6: 1289c7eewon ($5)
Seat 3: 855e99a9 folded before Flop (didn't bet)
Seat 4: Hero folded before Flop (didn't bet)



Poker Hand #ring_895943090: NLH No Limit ($1/$2) - 2025/05/24 13:11:45
Table 'MR NLH BOMBPOT 1/2' 7-max Seat #5 is the button
Seat 2: 709d54ca ($1,681.32 in chips)
Seat 7: 9e4285fe ($118.61 in chips)
Seat 5: 7f9b974b ($267.02 in chips)
Seat 6: 1289c7ee ($140.56 in chips)
Seat 3: 855e99a9 ($466.78 in chips)
Seat 4: Hero ($120.82 in chips)
1289c7ee: posts small blind $1
9e4285fe: posts big blind $2
*** HOLE CARDS ***
Dealt to 709d54ca 
Dealt to 9e4285fe 
Dealt to 7f9b974b 
Dealt to 1289c7ee 
Dealt to 855e99a9 
Dealt to Hero [Qc 3s]
709d54ca: folds
855e99a9: raises $3 to $5
Hero: folds
7f9b974b: calls $5
1289c7ee: folds
9e4285fe: folds
*** FLOP *** [Ts 6d 6c]
855e99a9: bets $4.29
7f9b974b: raises $7.12 to $11.41
855e99a9: calls $7.12
*** TURN *** [Ts 6d 6c] [7h]
855e99a9: checks
7f9b974b: bets $21
855e99a9: raises $43 to $64
7f9b974b: folds
Uncalled bet ($43) returned to 855e99a9
*** SHOWDOWN ***
855e99a9 collected $77.82 from pot
*** SUMMARY ***
Total pot $77.82
Board [Ts 6d 6c 7h]
Seat 2: 709d54ca folded before Flop (didn't bet)
Seat 7: 9e4285fe(big blind) folded before Flop
Seat 5: 7f9b974b folded on the Turn
Seat 6: 1289c7ee(small blind) folded before Flop
Seat 3: 855e99a9won ($77.82) with Tens-High Straight
Seat 4: Hero folded before Flop (didn't bet)



Poker Hand #ring_895941879: NLH No Limit ($1/$2) - 2025/05/24 13:10:24
Table 'MR NLH BOMBPOT 1/2' 7-max Seat #4 is the button
Seat 2: 709d54ca ($1,556.72 in chips)
Seat 7: 9e4285fe ($118.61 in chips)
Seat 5: 7f9b974b ($268.02 in chips)
Seat 6: 1289c7ee ($156.06 in chips)
Seat 3: 855e99a9 ($466.78 in chips)
Seat 4: Hero ($240.97 in chips)
7f9b974b: posts small blind $1
1289c7ee: posts big blind $2
*** HOLE CARDS ***
Dealt to 709d54ca 
Dealt to 9e4285fe 
Dealt to 7f9b974b 
Dealt to 1289c7ee 
Dealt to 855e99a9 
Dealt to Hero [3s Ks]
9e4285fe: folds
709d54ca: raises $4 to $6
855e99a9: folds
Hero: calls $6
7f9b974b: folds
1289c7ee: calls $4
*** FLOP *** [6d 9s 4s]
1289c7ee: checks
709d54ca: checks
Hero: bets $9.5
1289c7ee: calls $9.5
709d54ca: raises $26.5 to $36
Hero: calls $26.5
1289c7ee: folds
*** TURN *** [6d 9s 4s] [4d]
709d54ca: bets $30
Hero: calls $30
*** RIVER *** [6d 9s 4s 4d] [2c]
709d54ca: checks
Hero: bets $48.15
709d54ca: calls $48.15
709d54ca: shows [Kd 9h]
Hero: shows [3s Ks]
*** SHOWDOWN ***
709d54ca collected $256.8 from pot
*** SUMMARY ***
Total pot $256.8
Board [6d 9s 4s 4d 2c]
Seat 2: 709d54ca showed [Kd 9h] and won ($256.8) with Pair of Nines and Pair of Fours
Seat 7: 9e4285fe folded before Flop (didn't bet)
Seat 5: 7f9b974b(small blind) folded before Flop
Seat 6: 1289c7ee(big blind) folded on the Flop
Seat 3: 855e99a9 folded before Flop (didn't bet)
Seat 4: Hero showed [3s Ks] and lost with Pair of Fours



Poker Hand #ring_895941049: NLH No Limit ($1/$2) - 2025/05/24 13:09:29
Table 'MR NLH BOMBPOT 1/2' 7-max Seat #3 is the button
Seat 2: 709d54ca ($1,556.72 in chips)
Seat 7: 9e4285fe ($118.61 in chips)
Seat 5: 7f9b974b ($270.02 in chips)
Seat 6: 1289c7ee ($170.33 in chips)
Seat 3: 855e99a9 ($451.42 in chips)
Seat 4: Hero ($241.97 in chips)
Hero: posts small blind $1
7f9b974b: posts big blind $2
*** HOLE CARDS ***
Dealt to 709d54ca 
Dealt to 9e4285fe 
Dealt to 7f9b974b 
Dealt to 1289c7ee 
Dealt to 855e99a9 
Dealt to Hero [Kd 8d]
1289c7ee: calls $2
9e4285fe: folds
709d54ca: folds
855e99a9: raises $6 to $8
Hero: folds
7f9b974b: folds
1289c7ee: calls $6
*** FLOP *** [9c Th Qc]
1289c7ee: checks
855e99a9: checks
*** TURN *** [9c Th Qc] [5c]
1289c7ee: checks
855e99a9: bets $6.27
1289c7ee: calls $6.27
*** RIVER *** [9c Th Qc 5c] [6s]
1289c7ee: checks
855e99a9: checks
855e99a9: shows [Ts Kc]
1289c7ee: shows [5s 7c]
*** SHOWDOWN ***
855e99a9 collected $31.54 from pot
*** SUMMARY ***
Total pot $31.54
Board [9c Th Qc 5c 6s]
Seat 2: 709d54ca folded before Flop (didn't bet)
Seat 7: 9e4285fe folded before Flop (didn't bet)
Seat 5: 7f9b974b(big blind) folded before Flop
Seat 6: 1289c7ee showed [5s 7c] and lost with Pair of Fives
Seat 3: 855e99a9 showed [Ts Kc] and won ($31.54) with Pair of Tens
Seat 4: Hero(small blind) folded before Flop



Poker Hand #ring_895939853: NLH No Limit ($1/$2) - 2025/05/24 13:08:06
Table 'MR NLH BOMBPOT 1/2' 7-max Seat #2 is the button
Seat 2: 709d54ca ($1,556.72 in chips)
Seat 7: 9e4285fe ($100 in chips)
Seat 5: 7f9b974b ($270.02 in chips)
Seat 6: 1289c7ee ($182.93 in chips)
Seat 3: 855e99a9 ($453.42 in chips)
Seat 4: Hero ($247.97 in chips)
855e99a9: posts small blind $1
Hero: posts big blind $2
9e4285fe: posts big blind $2
*** HOLE CARDS ***
Dealt to 709d54ca 
Dealt to 9e4285fe 
Dealt to 7f9b974b 
Dealt to 1289c7ee 
Dealt to 855e99a9 
Dealt to Hero [2s 4h]
7f9b974b: folds
1289c7ee: calls $2
9e4285fe: checks
709d54ca: folds
855e99a9: calls $1
Hero: checks
*** FLOP *** [8c 8d 4c]
855e99a9: checks
Hero: bets $4
1289c7ee: calls $4
9e4285fe: calls $4
855e99a9: folds
*** TURN *** [8c 8d 4c] [5s]
Hero: checks
1289c7ee: bets $6.6
9e4285fe: raises $24.9 to $31.5
Hero: folds
1289c7ee: folds
Uncalled bet ($24.9) returned to 9e4285fe
*** SHOWDOWN ***
9e4285fe collected $33.2 from pot
*** SUMMARY ***
Total pot $33.2
Board [8c 8d 4c 5s]
Seat 2: 709d54ca folded before Flop (didn't bet)
Seat 7: 9e4285fewon ($33.2) with Three Eights
Seat 5: 7f9b974b folded before Flop (didn't bet)
Seat 6: 1289c7ee folded on the Turn
Seat 3: 855e99a9(small blind) folded on the Flop
Seat 4: Hero(big blind) folded on the Turn



Poker Hand #ring_895938877: NLH No Limit ($1/$2) - 2025/05/24 13:07:00
Table 'MR NLH BOMBPOT 1/2' 7-max Seat #6 is the button
Seat 2: 709d54ca ($1,558.72 in chips)
Seat 5: 7f9b974b ($264.38 in chips)
Seat 6: 1289c7ee ($184.93 in chips)
Seat 3: 855e99a9 ($455.42 in chips)
Seat 4: Hero ($247.97 in chips)
709d54ca: posts small blind $1
855e99a9: posts big blind $2
*** HOLE CARDS ***
Dealt to 709d54ca 
Dealt to 7f9b974b 
Dealt to 1289c7ee 
Dealt to 855e99a9 
Dealt to Hero [8s Kd]
Hero: folds
7f9b974b: calls $2
1289c7ee: calls $2
709d54ca: calls $1
855e99a9: checks
*** FLOP *** [6h 8h Ad]
709d54ca: checks
855e99a9: checks
7f9b974b: checks
1289c7ee: checks
*** TURN *** [6h 8h Ad] [Qd]
709d54ca: checks
855e99a9: checks
7f9b974b: checks
1289c7ee: checks
*** RIVER *** [6h 8h Ad Qd] [7h]
709d54ca: checks
855e99a9: checks
7f9b974b: bets $8
1289c7ee: folds
709d54ca: folds
855e99a9: folds
Uncalled bet ($8) returned to 7f9b974b
*** SHOWDOWN ***
7f9b974b collected $8 from pot
*** SUMMARY ***
Total pot $8
Board [6h 8h Ad Qd 7h]
Seat 2: 709d54ca(small blind) folded on the River
Seat 5: 7f9b974bwon ($8) with Eights-High Straight
Seat 6: 1289c7ee folded on the River
Seat 3: 855e99a9(big blind) folded on the River
Seat 4: Hero folded before Flop (didn't bet)



Poker Hand #ring_895938382: NLH No Limit ($1/$2) - 2025/05/24 13:06:27
Table 'MR NLH BOMBPOT 1/2' 7-max Seat #5 is the button
Seat 2: 709d54ca ($1,560.72 in chips)
Seat 5: 7f9b974b ($270.38 in chips)
Seat 6: 1289c7ee ($170.93 in chips)
Seat 3: 855e99a9 ($455.42 in chips)
Seat 4: Hero ($253.97 in chips)
1289c7ee: posts small blind $1
709d54ca: posts big blind $2
*** HOLE CARDS ***
Dealt to 709d54ca 
Dealt to 7f9b974b 
Dealt to 1289c7ee 
Dealt to 855e99a9 
Dealt to Hero [4c 2c]
855e99a9: folds
Hero: raises $4 to $6
7f9b974b: calls $6
1289c7ee: raises $10 to $16
709d54ca: folds
Hero: folds
7f9b974b: folds
Uncalled bet ($10) returned to 1289c7ee
*** SHOWDOWN ***
1289c7ee collected $20 from pot
*** SUMMARY ***
Total pot $20
Seat 2: 709d54ca(big blind) folded before Flop
Seat 5: 7f9b974b folded before Flop
Seat 6: 1289c7ee(small blind)won ($20)
Seat 3: 855e99a9 folded before Flop (didn't bet)
Seat 4: Hero folded before Flop



Poker Hand #ring_895937987: NLH No Limit ($1/$2) - 2025/05/24 13:06:01
Table 'MR NLH BOMBPOT 1/2' 7-max Seat #4 is the button
Seat 2: 709d54ca ($1,523.47 in chips)
Seat 5: 7f9b974b ($280.38 in chips)
Seat 6: 1289c7ee ($180.93 in chips)
Seat 3: 855e99a9 ($465.42 in chips)
Seat 4: Hero ($263.97 in chips)
7f9b974b: posts the ante $10
1289c7ee: posts the ante $10
709d54ca: posts the ante $10
855e99a9: posts the ante $10
Hero: posts the ante $10
*** HOLE CARDS ***
Dealt to 709d54ca 
Dealt to 7f9b974b 
Dealt to 1289c7ee 
Dealt to 855e99a9 
Dealt to Hero [Qd 7c]
*** FLOP *** [2h Ad Ts]
7f9b974b: checks
1289c7ee: checks
709d54ca: bets $32
855e99a9: folds
Hero: folds
7f9b974b: folds
1289c7ee: folds
Uncalled bet ($32) returned to 709d54ca
*** SHOWDOWN ***
709d54ca collected $50 from pot
*** SUMMARY ***
Total pot $50
Board [2h Ad Ts]
Seat 2: 709d54cawon ($50) with Pair of Aces
Seat 5: 7f9b974b(small blind) folded on the Flop
Seat 6: 1289c7ee(big blind) folded on the Flop
Seat 3: 855e99a9 folded on the Flop
Seat 4: Hero folded on the Flop



Poker Hand #ring_895937220: NLH No Limit ($1/$2) - 2025/05/24 13:05:08
Table 'MR NLH BOMBPOT 1/2' 7-max Seat #3 is the button
Seat 2: 709d54ca ($1,523.47 in chips)
Seat 5: 7f9b974b ($282.38 in chips)
Seat 6: 1289c7ee ($159.95 in chips)
Seat 3: 855e99a9 ($465.42 in chips)
Seat 4: Hero ($285.47 in chips)
Hero: posts small blind $1
7f9b974b: posts big blind $2
*** HOLE CARDS ***
Dealt to 709d54ca 
Dealt to 7f9b974b 
Dealt to 1289c7ee 
Dealt to 855e99a9 
Dealt to Hero [4d 5s]
1289c7ee: calls $2
709d54ca: folds
855e99a9: folds
Hero: calls $1
7f9b974b: checks
*** FLOP *** [Jc 3s 2h]
Hero: checks
7f9b974b: checks
1289c7ee: bets $6
Hero: calls $6
7f9b974b: folds
*** TURN *** [Jc 3s 2h] [3h]
Hero: checks
1289c7ee: bets $13.5
Hero: calls $13.5
*** RIVER *** [Jc 3s 2h 3h] [Js]
Hero: checks
1289c7ee: checks
Hero: shows [4d 5s]
1289c7ee: shows [2s 2d]
*** SHOWDOWN ***
1289c7ee collected $45 from pot
*** SUMMARY ***
Total pot $45
Board [Jc 3s 2h 3h Js]
Seat 2: 709d54ca folded before Flop (didn't bet)
Seat 5: 7f9b974b(big blind) folded on the Flop
Seat 6: 1289c7ee showed [2s 2d] and won ($45) with Twos Full over Jacks
Seat 3: 855e99a9 folded before Flop (didn't bet)
Seat 4: Hero(small blind) showed [4d 5s] and lost with Pair of Jacks and Pair of Treys



Poker Hand #ring_895936269: NLH No Limit ($1/$2) - 2025/05/24 13:04:03
Table 'MR NLH BOMBPOT 1/2' 7-max Seat #2 is the button
Seat 2: 709d54ca ($1,523.47 in chips)
Seat 1: 83c2666b ($77 in chips)
Seat 5: 7f9b974b ($282.38 in chips)
Seat 6: 1289c7ee ($161.95 in chips)
Seat 3: 855e99a9 ($467.42 in chips)
Seat 4: Hero ($212.08 in chips)
855e99a9: posts small blind $1
Hero: posts big blind $2
*** HOLE CARDS ***
Dealt to 709d54ca 
Dealt to 83c2666b 
Dealt to 7f9b974b 
Dealt to 1289c7ee 
Dealt to 855e99a9 
Dealt to Hero [6d 9c]
7f9b974b: folds
1289c7ee: calls $2
83c2666b: calls $2
709d54ca: folds
855e99a9: calls $1
Hero: checks
*** FLOP *** [2c 6h 2s]
855e99a9: checks
Hero: checks
1289c7ee: checks
83c2666b: bets $6
855e99a9: folds
Hero: calls $6
1289c7ee: folds
*** TURN *** [2c 6h 2s] [9s]
Hero: checks
83c2666b: checks
*** RIVER *** [2c 6h 2s 9s] [6s]
Hero: bets $204.08 and is all-in
83c2666b: calls $69 and is all-in
Uncalled bet ($135.08) returned to Hero
83c2666b: shows [5c 6c]
Hero: shows [6d 9c]
*** SHOWDOWN ***
Hero collected $158 from pot
*** SUMMARY ***
Total pot $158
Board [2c 6h 2s 9s 6s]
Seat 2: 709d54ca folded before Flop (didn't bet)
Seat 1: 83c2666b showed [5c 6c] and lost with Sixes Full over Twos
Seat 5: 7f9b974b folded before Flop (didn't bet)
Seat 6: 1289c7ee folded on the Flop
Seat 3: 855e99a9(small blind) folded on the Flop
Seat 4: Hero(big blind) showed [6d 9c] and won ($158) with Sixes Full over Nines



Poker Hand #ring_895935822: NLH No Limit ($1/$2) - 2025/05/24 13:03:33
Table 'MR NLH BOMBPOT 1/2' 7-max Seat #1 is the button
Seat 2: 709d54ca ($1,524.47 in chips)
Seat 1: 83c2666b ($77 in chips)
Seat 5: 7f9b974b ($282.38 in chips)
Seat 6: 1289c7ee ($158.95 in chips)
Seat 3: 855e99a9 ($469.42 in chips)
Seat 4: Hero ($212.08 in chips)
709d54ca: posts small blind $1
855e99a9: posts big blind $2
*** HOLE CARDS ***
Dealt to 709d54ca 
Dealt to 83c2666b 
Dealt to 7f9b974b 
Dealt to 1289c7ee 
Dealt to 855e99a9 
Dealt to Hero [5h Ad]
Hero: folds
7f9b974b: folds
1289c7ee: raises $6 to $8
83c2666b: folds
709d54ca: folds
855e99a9: folds
Uncalled bet ($6) returned to 1289c7ee
*** SHOWDOWN ***
1289c7ee collected $5 from pot
*** SUMMARY ***
Total pot $5
Seat 2: 709d54ca(small blind) folded before Flop
Seat 1: 83c2666b folded before Flop (didn't bet)
Seat 5: 7f9b974b folded before Flop (didn't bet)
Seat 6: 1289c7eewon ($5)
Seat 3: 855e99a9(big blind) folded before Flop
Seat 4: Hero folded before Flop (didn't bet)



Poker Hand #ring_895934696: NLH No Limit ($1/$2) - 2025/05/24 13:02:17
Table 'MR NLH BOMBPOT 1/2' 7-max Seat #6 is the button
Seat 2: 709d54ca ($1,526.47 in chips)
Seat 1: 83c2666b ($96 in chips)
Seat 5: 7f9b974b ($187.88 in chips)
Seat 6: 1289c7ee ($235 in chips)
Seat 3: 855e99a9 ($469.42 in chips)
Seat 4: Hero ($218.08 in chips)
83c2666b: posts small blind $1
709d54ca: posts big blind $2
*** HOLE CARDS ***
Dealt to 709d54ca 
Dealt to 83c2666b 
Dealt to 7f9b974b 
Dealt to 1289c7ee 
Dealt to 855e99a9 
Dealt to Hero [7s Ts]
855e99a9: folds
Hero: raises $4 to $6
7f9b974b: calls $6
1289c7ee: calls $6
83c2666b: calls $5
709d54ca: folds
*** FLOP *** [8d Qc 7h]
83c2666b: checks
Hero: checks
7f9b974b: bets $13
1289c7ee: calls $13
83c2666b: calls $13
Hero: folds
*** TURN *** [8d Qc 7h] [Qd]
83c2666b: checks
7f9b974b: bets $21.45
1289c7ee: calls $21.45
83c2666b: folds
*** RIVER *** [8d Qc 7h Qd] [9d]
7f9b974b: bets $35.6
1289c7ee: calls $35.6
7f9b974b: shows [Jd Qh]
1289c7ee: shows [8s Td]
*** SHOWDOWN ***
7f9b974b collected $179.1 from pot
*** SUMMARY ***
Total pot $179.1
Board [8d Qc 7h Qd 9d]
Seat 2: 709d54ca(big blind) folded before Flop
Seat 1: 83c2666b(small blind) folded on the Turn
Seat 5: 7f9b974b showed [Jd Qh] and won ($179.1) with Three Queens
Seat 6: 1289c7ee showed [8s Td] and lost with Pair of Queens and Pair of Eights
Seat 3: 855e99a9 folded before Flop (didn't bet)
Seat 4: Hero folded on the Flop



Poker Hand #ring_895933801: NLH No Limit ($1/$2) - 2025/05/24 13:01:16
Table 'MR NLH BOMBPOT 1/2' 7-max Seat #5 is the button
Seat 2: 709d54ca ($1,526.47 in chips)
Seat 1: 83c2666b ($98 in chips)
Seat 5: 7f9b974b ($150.98 in chips)
Seat 6: 1289c7ee ($274 in chips)
Seat 3: 855e99a9 ($469.42 in chips)
Seat 4: Hero ($218.08 in chips)
1289c7ee: posts small blind $1
83c2666b: posts big blind $2
*** HOLE CARDS ***
Dealt to 709d54ca 
Dealt to 83c2666b 
Dealt to 7f9b974b 
Dealt to 1289c7ee 
Dealt to 855e99a9 
Dealt to Hero [4c Jh]
709d54ca: folds
855e99a9: folds
Hero: folds
7f9b974b: raises $4 to $6
1289c7ee: calls $5
83c2666b: folds
*** FLOP *** [Ah 5s 8h]
1289c7ee: checks
7f9b974b: bets $7
1289c7ee: calls $7
*** TURN *** [Ah 5s 8h] [Qs]
1289c7ee: checks
7f9b974b: bets $2
1289c7ee: calls $2
*** RIVER *** [Ah 5s 8h Qs] [7c]
1289c7ee: bets $24
7f9b974b: calls $24
7f9b974b: shows [Ad Jc]
1289c7ee: shows [Td 9s]
*** SHOWDOWN ***
7f9b974b collected $80 from pot
*** SUMMARY ***
Total pot $80
Board [Ah 5s 8h Qs 7c]
Seat 2: 709d54ca folded before Flop (didn't bet)
Seat 1: 83c2666b(big blind) folded before Flop
Seat 5: 7f9b974b showed [Ad Jc] and won ($80) with Pair of Aces
Seat 6: 1289c7ee(small blind) showed [Td 9s] and lost with Ace-High
Seat 3: 855e99a9 folded before Flop (didn't bet)
Seat 4: Hero folded before Flop (didn't bet)



Poker Hand #ring_895933302: NLH No Limit ($1/$2) - 2025/05/24 13:00:42
Table 'MR NLH BOMBPOT 1/2' 7-max Seat #4 is the button
Seat 2: 709d54ca ($1,526.47 in chips)
Seat 1: 83c2666b ($98 in chips)
Seat 5: 7f9b974b ($151.98 in chips)
Seat 6: 1289c7ee ($276 in chips)
Seat 3: 855e99a9 ($466.42 in chips)
Seat 4: Hero ($218.08 in chips)
7f9b974b: posts small blind $1
1289c7ee: posts big blind $2
*** HOLE CARDS ***
Dealt to 709d54ca 
Dealt to 83c2666b 
Dealt to 7f9b974b 
Dealt to 1289c7ee 
Dealt to 855e99a9 
Dealt to Hero [4h 7c]
83c2666b: folds
709d54ca: folds
855e99a9: raises $3 to $5
Hero: folds
7f9b974b: folds
1289c7ee: folds
Uncalled bet ($3) returned to 855e99a9
*** SHOWDOWN ***
855e99a9 collected $5 from pot
*** SUMMARY ***
Total pot $5
Seat 2: 709d54ca folded before Flop (didn't bet)
Seat 1: 83c2666b folded before Flop (didn't bet)
Seat 5: 7f9b974b(small blind) folded before Flop
Seat 6: 1289c7ee(big blind) folded before Flop
Seat 3: 855e99a9won ($5)
Seat 4: Hero folded before Flop (didn't bet)



Poker Hand #ring_895932269: NLH No Limit ($1/$2) - 2025/05/24 12:59:31
Table 'MR NLH BOMBPOT 1/2' 7-max Seat #3 is the button
Seat 2: 709d54ca ($1,526.47 in chips)
Seat 1: 83c2666b ($98 in chips)
Seat 5: 7f9b974b ($159.98 in chips)
Seat 6: 1289c7ee ($300 in chips)
Seat 3: 855e99a9 ($429.8 in chips)
Seat 4: Hero ($226.08 in chips)
Hero: posts small blind $1
7f9b974b: posts big blind $2
1289c7ee: posts big blind $2
*** HOLE CARDS ***
Dealt to 709d54ca 
Dealt to 83c2666b 
Dealt to 7f9b974b 
Dealt to 1289c7ee 
Dealt to 855e99a9 
Dealt to Hero [Jc Qc]
1289c7ee: checks
83c2666b: folds
709d54ca: folds
855e99a9: raises $6 to $8
Hero: calls $7
7f9b974b: calls $6
1289c7ee: calls $6
*** FLOP *** [5s 7s 6h]
Hero: checks
7f9b974b: checks
1289c7ee: checks
855e99a9: checks
*** TURN *** [5s 7s 6h] [8d]
Hero: checks
7f9b974b: checks
1289c7ee: bets $16
855e99a9: calls $16
Hero: folds
7f9b974b: folds
*** RIVER *** [5s 7s 6h 8d] [Td]
1289c7ee: checks
855e99a9: checks
855e99a9: shows [4h Qh]
1289c7ee: shows [3d 6d]
*** SHOWDOWN ***
855e99a9 collected $64 from pot
*** SUMMARY ***
Total pot $64
Board [5s 7s 6h 8d Td]
Seat 2: 709d54ca folded before Flop (didn't bet)
Seat 1: 83c2666b folded before Flop (didn't bet)
Seat 5: 7f9b974b(big blind) folded on the Turn
Seat 6: 1289c7ee showed [3d 6d] and lost with Pair of Sixes
Seat 3: 855e99a9 showed [4h Qh] and won ($64) with Eights-High Straight
Seat 4: Hero(small blind) folded on the Turn



Poker Hand #ring_895931071: NLH No Limit ($1/$2) - 2025/05/24 12:58:10
Table 'MR NLH BOMBPOT 1/2' 7-max Seat #2 is the button
Seat 2: 709d54ca ($1,526.47 in chips)
Seat 1: 83c2666b ($100 in chips)
Seat 5: 7f9b974b ($187.98 in chips)
Seat 3: 855e99a9 ($401 in chips)
Seat 4: Hero ($228.08 in chips)
855e99a9: posts small blind $1
Hero: posts big blind $2
83c2666b: posts big blind $2
*** HOLE CARDS ***
Dealt to 709d54ca 
Dealt to 83c2666b 
Dealt to 7f9b974b 
Dealt to 855e99a9 
Dealt to Hero [6c 5h]
7f9b974b: raises $4 to $6
83c2666b: folds
709d54ca: folds
855e99a9: calls $5
Hero: folds
*** FLOP *** [3h Tc 3s]
855e99a9: checks
7f9b974b: bets $9
855e99a9: calls $9
*** TURN *** [3h Tc 3s] [2h]
855e99a9: checks
7f9b974b: bets $13
855e99a9: calls $13
*** RIVER *** [3h Tc 3s 2h] [Kh]
855e99a9: checks
7f9b974b: checks
855e99a9: shows [Qc Td]
7f9b974b: shows [7d 7c]
*** SHOWDOWN ***
855e99a9 collected $60 from pot
*** SUMMARY ***
Total pot $60
Board [3h Tc 3s 2h Kh]
Seat 2: 709d54ca folded before Flop (didn't bet)
Seat 1: 83c2666b folded before Flop
Seat 5: 7f9b974b showed [7d 7c] and lost with Pair of Sevens and Pair of Treys
Seat 3: 855e99a9(small blind) showed [Qc Td] and won ($60) with Pair of Tens and Pair of Treys
Seat 4: Hero(big blind) folded before Flop



Poker Hand #ring_895930783: NLH No Limit ($1/$2) - 2025/05/24 12:57:52
Table 'MR NLH BOMBPOT 1/2' 7-max Seat #0 is the button
Seat 2: 709d54ca ($1,527.47 in chips)
Seat 5: 7f9b974b ($187.98 in chips)
Seat 3: 855e99a9 ($400 in chips)
Seat 4: Hero ($228.08 in chips)
709d54ca: posts small blind $1
855e99a9: posts big blind $2
*** HOLE CARDS ***
Dealt to 709d54ca 
Dealt to 7f9b974b 
Dealt to 855e99a9 
Dealt to Hero [9c Js]
Hero: folds
7f9b974b: folds
709d54ca: folds
*** SHOWDOWN ***
855e99a9 collected $3 from pot
*** SUMMARY ***
Total pot $3
Seat 2: 709d54ca(small blind) folded before Flop
Seat 5: 7f9b974b folded before Flop (didn't bet)
Seat 3: 855e99a9(big blind)won ($3)
Seat 4: Hero folded before Flop (didn't bet)



Poker Hand #ring_895930161: NLH No Limit ($1/$2) - 2025/05/24 12:57:07
Table 'MR NLH BOMBPOT 1/2' 7-max Seat #6 is the button
Seat 2: 709d54ca ($1,267.8 in chips)
Seat 1: 83c2666b ($93.78 in chips)
Seat 5: 7f9b974b ($197.98 in chips)
Seat 6: b7e7f9f8 ($156 in chips)
Seat 3: 855e99a9 ($400 in chips)
Seat 4: Hero ($238.08 in chips)
83c2666b: posts the ante $10
709d54ca: posts the ante $10
855e99a9: posts the ante $10
Hero: posts the ante $10
7f9b974b: posts the ante $10
b7e7f9f8: posts the ante $10
*** HOLE CARDS ***
Dealt to 709d54ca 
Dealt to 83c2666b 
Dealt to 7f9b974b 
Dealt to b7e7f9f8 
Dealt to 855e99a9 
Dealt to Hero [Ts Ac]
*** FLOP *** [Td 8s Kh]
83c2666b: checks
709d54ca: bets $38
855e99a9: folds
Hero: folds
7f9b974b: folds
b7e7f9f8: raises $108 to $146 and is all-in
83c2666b: calls $83.78 and is all-in
709d54ca: calls $108
83c2666b: shows [9c Jd] (King-High)
709d54ca: shows [Ah Ks] (Pair of Kings)
b7e7f9f8: shows [6c Kd] (Pair of Kings)
*** TURN *** [Td 8s Kh] [4d]
*** RIVER *** [Td 8s Kh 4d] [2d]
*** SHOWDOWN ***
709d54ca collected $311.34 from pot
709d54ca collected $124.44 from pot
*** SUMMARY ***
Total pot $435.78
Board [Td 8s Kh 4d 2d]
Seat 2: 709d54ca(big blind) showed [Ah Ks] and won ($311.34) with Pair of Kings
Seat 1: 83c2666b(small blind) showed [9c Jd] and lost with King-High
Seat 5: 7f9b974b folded on the Flop
Seat 6: b7e7f9f8 showed [6c Kd] and lost with Pair of Kings
Seat 3: 855e99a9 folded on the Flop
Seat 4: Hero folded on the Flop



Poker Hand #ring_895928936: NLH No Limit ($1/$2) - 2025/05/24 12:55:43
Table 'MR NLH BOMBPOT 1/2' 7-max Seat #5 is the button
Seat 2: 709d54ca ($1,273.8 in chips)
Seat 1: 83c2666b ($95.78 in chips)
Seat 5: 7f9b974b ($197.98 in chips)
Seat 6: b7e7f9f8 ($228 in chips)
Seat 3: 855e99a9 ($400 in chips)
Seat 4: Hero ($165.42 in chips)
b7e7f9f8: posts small blind $1
83c2666b: posts big blind $2
*** HOLE CARDS ***
Dealt to 709d54ca 
Dealt to 83c2666b 
Dealt to 7f9b974b 
Dealt to b7e7f9f8 
Dealt to 855e99a9 
Dealt to Hero [Kh 8h]
709d54ca: raises $4 to $6
855e99a9: folds
Hero: calls $6
7f9b974b: folds
b7e7f9f8: calls $5
83c2666b: folds
*** FLOP *** [9c 8d Kd]
b7e7f9f8: checks
709d54ca: checks
Hero: bets $10
b7e7f9f8: calls $10
709d54ca: folds
*** TURN *** [9c 8d Kd] [Qh]
b7e7f9f8: checks
Hero: bets $56
b7e7f9f8: calls $56
*** RIVER *** [9c 8d Kd Qh] [Ts]
b7e7f9f8: checks
Hero: checks
Hero: shows [Kh 8h]
b7e7f9f8: shows [Qs Tc]
*** SHOWDOWN ***
Hero collected $152 from pot
*** SUMMARY ***
Total pot $152
Board [9c 8d Kd Qh Ts]
Seat 2: 709d54ca folded on the Flop
Seat 1: 83c2666b(big blind) folded before Flop
Seat 5: 7f9b974b folded before Flop (didn't bet)
Seat 6: b7e7f9f8(small blind) showed [Qs Tc] and lost with Pair of Queens and Pair of Tens
Seat 3: 855e99a9 folded before Flop (didn't bet)
Seat 4: Hero showed [Kh 8h] and won ($152) with Pair of Kings and Pair of Eights



Poker Hand #ring_895927697: NLH No Limit ($1/$2) - 2025/05/24 12:54:16
Table 'MR NLH BOMBPOT 1/2' 7-max Seat #4 is the button
Seat 2: 709d54ca ($1,139.06 in chips)
Seat 1: 83c2666b ($95.78 in chips)
Seat 5: 7f9b974b ($98.6 in chips)
Seat 6: b7e7f9f8 ($300 in chips)
Seat 3: 855e99a9 ($400 in chips)
Seat 4: Hero ($165.42 in chips)
7f9b974b: posts small blind $1
b7e7f9f8: posts big blind $2
*** HOLE CARDS ***
Dealt to 709d54ca 
Dealt to 83c2666b 
Dealt to 7f9b974b 
Dealt to b7e7f9f8 
Dealt to 855e99a9 
Dealt to Hero [Ts 3d]
83c2666b: folds
709d54ca: raises $4 to $6
855e99a9: raises $14 to $20
Hero: folds
7f9b974b: folds
b7e7f9f8: calls $18
709d54ca: raises $52 to $72
855e99a9: calls $52
b7e7f9f8: calls $52
*** FLOP *** [Ah Jc 8h]
b7e7f9f8: checks
709d54ca: bets $168
855e99a9: folds
b7e7f9f8: folds
Uncalled bet ($168) returned to 709d54ca
*** SHOWDOWN ***
709d54ca collected $217 from pot
*** SUMMARY ***
Total pot $217
Board [Ah Jc 8h]
Seat 2: 709d54cawon ($217) with Pair of Aces
Seat 1: 83c2666b folded before Flop (didn't bet)
Seat 5: 7f9b974b(small blind) folded before Flop
Seat 6: b7e7f9f8(big blind) folded on the Flop
Seat 3: 855e99a9 folded on the Flop
Seat 4: Hero folded before Flop (didn't bet)



Poker Hand #ring_895927068: NLH No Limit ($1/$2) - 2025/05/24 12:53:33
Table 'MR NLH BOMBPOT 1/2' 7-max Seat #3 is the button
Seat 2: 709d54ca ($1,139.06 in chips)
Seat 1: 83c2666b ($99.78 in chips)
Seat 5: 7f9b974b ($94 in chips)
Seat 3: 855e99a9 ($400 in chips)
Seat 4: Hero ($166.42 in chips)
Hero: posts small blind $1
7f9b974b: posts big blind $2
*** HOLE CARDS ***
Dealt to 709d54ca 
Dealt to 83c2666b 
Dealt to 7f9b974b 
Dealt to 855e99a9 
Dealt to Hero [Qs Jh]
83c2666b: raises $2 to $4
709d54ca: folds
855e99a9: folds
Hero: folds
7f9b974b: calls $2
*** FLOP *** [Ah 5h Td]
7f9b974b: checks
83c2666b: checks
*** TURN *** [Ah 5h Td] [9c]
7f9b974b: checks
83c2666b: checks
*** RIVER *** [Ah 5h Td 9c] [Kc]
7f9b974b: checks
83c2666b: checks
83c2666b: shows [Jc 7c]
7f9b974b: shows [7s 9s]
*** SHOWDOWN ***
7f9b974b collected $9 from pot
*** SUMMARY ***
Total pot $9
Board [Ah 5h Td 9c Kc]
Seat 2: 709d54ca folded before Flop (didn't bet)
Seat 1: 83c2666b showed [Jc 7c] and lost with Ace-High
Seat 5: 7f9b974b(big blind) showed [7s 9s] and won ($9) with Pair of Nines
Seat 3: 855e99a9 folded before Flop (didn't bet)
Seat 4: Hero(small blind) folded before Flop



Poker Hand #ring_895926261: NLH No Limit ($1/$2) - 2025/05/24 12:52:37
Table 'MR NLH BOMBPOT 1/2' 7-max Seat #2 is the button
Seat 2: 709d54ca ($1,139.06 in chips)
Seat 1: 83c2666b ($105.78 in chips)
Seat 5: 7f9b974b ($100 in chips)
Seat 3: 855e99a9 ($400 in chips)
Seat 4: Hero ($150 in chips)
855e99a9: posts small blind $1
Hero: posts big blind $2
7f9b974b: posts big blind $2
*** HOLE CARDS ***
Dealt to 709d54ca 
Dealt to 83c2666b 
Dealt to 7f9b974b 
Dealt to 855e99a9 
Dealt to Hero [Ts Jh]
7f9b974b: raises $4 to $6
83c2666b: calls $6
709d54ca: folds
855e99a9: calls $5
Hero: calls $4
*** FLOP *** [5d Tc 8h]
855e99a9: checks
Hero: bets $12
7f9b974b: folds
83c2666b: folds
855e99a9: folds
Uncalled bet ($12) returned to Hero
*** SHOWDOWN ***
Hero collected $24 from pot
*** SUMMARY ***
Total pot $24
Board [5d Tc 8h]
Seat 2: 709d54ca folded before Flop (didn't bet)
Seat 1: 83c2666b folded on the Flop
Seat 5: 7f9b974b folded on the Flop
Seat 3: 855e99a9(small blind) folded on the Flop
Seat 4: Hero(big blind)won ($24) with Pair of Tens



