Poker Hand #ring_874116815: NLH No Limit ($2/$4) - 2025/05/13 02:11:16
Table 'MR NLH 2/4' 7-max Seat #4 is the button
Seat 2: 3b6b7d08 ($524.28 in chips)
Seat 3: a8f7bc0f ($404 in chips)
Seat 4: feae5f43 ($1,412.05 in chips)
Seat 1: Hero ($963.77 in chips)
Seat 6: 6ff91fe3 ($1,166 in chips)
Seat 7: e9b040b2 ($1,487.09 in chips)
6ff91fe3: posts small blind $2
e9b040b2: posts big blind $4
*** HOLE CARDS ***
Dealt to 3b6b7d08 
Dealt to a8f7bc0f 
Dealt to feae5f43 
Dealt to Hero [5d 7h]
Dealt to 6ff91fe3 
Dealt to e9b040b2 
Hero: folds
3b6b7d08: folds
a8f7bc0f: raises $8 to $12
feae5f43: folds
6ff91fe3: raises $36 to $48
e9b040b2: folds
a8f7bc0f: folds
Uncalled bet ($36) returned to 6ff91fe3
*** SHOWDOWN ***
6ff91fe3 collected $28 from pot
*** SUMMARY ***
Total pot $28
Seat 2: 3b6b7d08 folded before Flop (didn't bet)
Seat 3: a8f7bc0f folded before Flop
Seat 4: feae5f43 folded before Flop (didn't bet)
Seat 1: Hero folded before Flop (didn't bet)
Seat 6: 6ff91fe3(small blind)won ($28)
Seat 7: e9b040b2(big blind) folded before Flop



Poker Hand #ring_874116304: NLH No Limit ($2/$4) - 2025/05/13 02:10:57
Table 'MR NLH 2/4' 7-max Seat #3 is the button
Seat 2: 3b6b7d08 ($524.28 in chips)
Seat 3: a8f7bc0f ($404 in chips)
Seat 4: feae5f43 ($1,414.05 in chips)
Seat 1: Hero ($963.77 in chips)
Seat 6: 6ff91fe3 ($1,164 in chips)
Seat 7: e9b040b2 ($1,487.09 in chips)
feae5f43: posts small blind $2
6ff91fe3: posts big blind $4
*** HOLE CARDS ***
Dealt to 3b6b7d08 
Dealt to a8f7bc0f 
Dealt to feae5f43 
Dealt to Hero [9s 6c]
Dealt to 6ff91fe3 
Dealt to e9b040b2 
e9b040b2: folds
Hero: folds
3b6b7d08: folds
a8f7bc0f: folds
feae5f43: folds
*** SHOWDOWN ***
6ff91fe3 collected $6 from pot
*** SUMMARY ***
Total pot $6
Seat 2: 3b6b7d08 folded before Flop (didn't bet)
Seat 3: a8f7bc0f folded before Flop (didn't bet)
Seat 4: feae5f43(small blind) folded before Flop
Seat 1: Hero folded before Flop (didn't bet)
Seat 6: 6ff91fe3(big blind)won ($6)
Seat 7: e9b040b2 folded before Flop (didn't bet)



Poker Hand #ring_874115612: NLH No Limit ($2/$4) - 2025/05/13 02:10:30
Table 'MR NLH 2/4' 7-max Seat #2 is the button
Seat 2: 3b6b7d08 ($524.28 in chips)
Seat 3: a8f7bc0f ($400 in chips)
Seat 4: feae5f43 ($1,418.05 in chips)
Seat 1: Hero ($963.77 in chips)
Seat 6: 6ff91fe3 ($1,164 in chips)
Seat 7: e9b040b2 ($1,487.09 in chips)
a8f7bc0f: posts small blind $2
feae5f43: posts big blind $4
*** HOLE CARDS ***
Dealt to 3b6b7d08 
Dealt to a8f7bc0f 
Dealt to feae5f43 
Dealt to Hero [5c Ah]
Dealt to 6ff91fe3 
Dealt to e9b040b2 
6ff91fe3: folds
e9b040b2: folds
Hero: folds
3b6b7d08: folds
a8f7bc0f: raises $12 to $16
feae5f43: folds
Uncalled bet ($12) returned to a8f7bc0f
*** SHOWDOWN ***
a8f7bc0f collected $8 from pot
*** SUMMARY ***
Total pot $8
Seat 2: 3b6b7d08 folded before Flop (didn't bet)
Seat 3: a8f7bc0f(small blind)won ($8)
Seat 4: feae5f43(big blind) folded before Flop
Seat 1: Hero folded before Flop (didn't bet)
Seat 6: 6ff91fe3 folded before Flop (didn't bet)
Seat 7: e9b040b2 folded before Flop (didn't bet)



Poker Hand #ring_874114410: NLH No Limit ($2/$4) - 2025/05/13 02:09:45
Table 'MR NLH 2/4' 7-max Seat #1 is the button
Seat 2: 3b6b7d08 ($526.28 in chips)
Seat 3: a8f7bc0f ($404 in chips)
Seat 5: c5b25d4e ($198.89 in chips)
Seat 4: feae5f43 ($1,418.05 in chips)
Seat 1: Hero ($963.77 in chips)
Seat 6: 6ff91fe3 ($1,158 in chips)
Seat 7: e9b040b2 ($1,487.09 in chips)
3b6b7d08: posts small blind $2
a8f7bc0f: posts big blind $4
*** HOLE CARDS ***
Dealt to 3b6b7d08 
Dealt to a8f7bc0f 
Dealt to c5b25d4e 
Dealt to feae5f43 
Dealt to Hero [9h 5s]
Dealt to 6ff91fe3 
Dealt to e9b040b2 
feae5f43: folds
c5b25d4e: folds
6ff91fe3: raises $6 to $10
e9b040b2: folds
Hero: folds
3b6b7d08: folds
a8f7bc0f: folds
Uncalled bet ($6) returned to 6ff91fe3
*** SHOWDOWN ***
6ff91fe3 collected $10 from pot
*** SUMMARY ***
Total pot $10
Seat 2: 3b6b7d08(small blind) folded before Flop
Seat 3: a8f7bc0f(big blind) folded before Flop
Seat 5: c5b25d4e folded before Flop (didn't bet)
Seat 4: feae5f43 folded before Flop (didn't bet)
Seat 1: Hero folded before Flop (didn't bet)
Seat 6: 6ff91fe3won ($10)
Seat 7: e9b040b2 folded before Flop (didn't bet)



Poker Hand #ring_874113669: NLH No Limit ($2/$4) - 2025/05/13 02:09:18
Table 'MR NLH 2/4' 7-max Seat #7 is the button
Seat 2: 3b6b7d08 ($530.28 in chips)
Seat 5: c5b25d4e ($192.89 in chips)
Seat 4: feae5f43 ($1,418.05 in chips)
Seat 1: Hero ($965.77 in chips)
Seat 6: 6ff91fe3 ($1,158 in chips)
Seat 7: e9b040b2 ($1,487.09 in chips)
Hero: posts small blind $2
3b6b7d08: posts big blind $4
*** HOLE CARDS ***
Dealt to 3b6b7d08 
Dealt to c5b25d4e 
Dealt to feae5f43 
Dealt to Hero [Ks 5h]
Dealt to 6ff91fe3 
Dealt to e9b040b2 
feae5f43: folds
c5b25d4e: raises $8 to $12
6ff91fe3: folds
e9b040b2: folds
Hero: folds
3b6b7d08: folds
Uncalled bet ($8) returned to c5b25d4e
*** SHOWDOWN ***
c5b25d4e collected $10 from pot
*** SUMMARY ***
Total pot $10
Seat 2: 3b6b7d08(big blind) folded before Flop
Seat 5: c5b25d4ewon ($10)
Seat 4: feae5f43 folded before Flop (didn't bet)
Seat 1: Hero(small blind) folded before Flop
Seat 6: 6ff91fe3 folded before Flop (didn't bet)
Seat 7: e9b040b2 folded before Flop (didn't bet)



Poker Hand #ring_874112760: NLH No Limit ($2/$4) - 2025/05/13 02:08:43
Table 'MR NLH 2/4' 7-max Seat #6 is the button
Seat 2: 3b6b7d08 ($530.28 in chips)
Seat 5: c5b25d4e ($202.89 in chips)
Seat 4: feae5f43 ($1,428.05 in chips)
Seat 1: Hero ($945.21 in chips)
Seat 6: 6ff91fe3 ($1,158 in chips)
Seat 7: e9b040b2 ($1,489.09 in chips)
e9b040b2: posts small blind $2
Hero: posts big blind $4
*** HOLE CARDS ***
Dealt to 3b6b7d08 
Dealt to c5b25d4e 
Dealt to feae5f43 
Dealt to Hero [6h 4h]
Dealt to 6ff91fe3 
Dealt to e9b040b2 
3b6b7d08: folds
feae5f43: raises $6 to $10
c5b25d4e: calls $10
6ff91fe3: folds
e9b040b2: folds
Hero: calls $6
*** FLOP *** [7s Jh 4c]
Hero: bets $16
feae5f43: folds
c5b25d4e: folds
Uncalled bet ($16) returned to Hero
*** SHOWDOWN ***
Hero collected $32 from pot
*** SUMMARY ***
Total pot $32
Board [7s Jh 4c]
Seat 2: 3b6b7d08 folded before Flop (didn't bet)
Seat 5: c5b25d4e folded on the Flop
Seat 4: feae5f43 folded on the Flop
Seat 1: Hero(big blind)won ($32) with Pair of Fours
Seat 6: 6ff91fe3 folded before Flop (didn't bet)
Seat 7: e9b040b2(small blind) folded before Flop



Poker Hand #ring_874111205: NLH No Limit ($2/$4) - 2025/05/13 02:07:44
Table 'MR NLH 2/4' 7-max Seat #5 is the button
Seat 2: 3b6b7d08 ($530.28 in chips)
Seat 3: 7395123 ($342.38 in chips)
Seat 5: c5b25d4e ($212.89 in chips)
Seat 4: feae5f43 ($1,287.18 in chips)
Seat 1: Hero ($945.21 in chips)
Seat 6: 6ff91fe3 ($1,299.2 in chips)
Seat 7: e9b040b2 ($1,493.09 in chips)
6ff91fe3: posts small blind $2
e9b040b2: posts big blind $4
*** HOLE CARDS ***
Dealt to 3b6b7d08 
Dealt to 7395123 
Dealt to c5b25d4e 
Dealt to feae5f43 
Dealt to Hero [9h Jc]
Dealt to 6ff91fe3 
Dealt to e9b040b2 
Hero: folds
3b6b7d08: folds
7395123: folds
feae5f43: raises $6 to $10
c5b25d4e: calls $10
6ff91fe3: raises $40 to $50
e9b040b2: folds
feae5f43: raises $91.2 to $141.2
c5b25d4e: folds
6ff91fe3: calls $91.2
*** FLOP *** [9d 3s 4d]
6ff91fe3: checks
feae5f43: bets $124.49
6ff91fe3: folds
Uncalled bet ($124.49) returned to feae5f43
c5b25d4e: shows [4c]
*** SHOWDOWN ***
feae5f43 collected $296.4 from pot
*** SUMMARY ***
Total pot $296.4
Board [9d 3s 4d]
Seat 2: 3b6b7d08 folded before Flop (didn't bet)
Seat 3: 7395123 folded before Flop (didn't bet)
Seat 5: c5b25d4e folded before Flop
Seat 4: feae5f43won ($296.4) with Pair of Aces
Seat 1: Hero folded before Flop (didn't bet)
Seat 6: 6ff91fe3(small blind) folded on the Flop
Seat 7: e9b040b2(big blind) folded before Flop



Poker Hand #ring_874110040: NLH No Limit ($2/$4) - 2025/05/13 02:07:02
Table 'MR NLH 2/4' 7-max Seat #4 is the button
Seat 2: 3b6b7d08 ($530.28 in chips)
Seat 3: 7395123 ($333.19 in chips)
Seat 5: c5b25d4e ($214.89 in chips)
Seat 4: feae5f43 ($1,287.18 in chips)
Seat 1: Hero ($945.21 in chips)
Seat 6: 6ff91fe3 ($1,307.2 in chips)
Seat 7: e9b040b2 ($1,493.09 in chips)
c5b25d4e: posts small blind $2
6ff91fe3: posts big blind $4
*** HOLE CARDS ***
Dealt to 3b6b7d08 
Dealt to 7395123 
Dealt to c5b25d4e 
Dealt to feae5f43 
Dealt to Hero [Kh 4c]
Dealt to 6ff91fe3 
Dealt to e9b040b2 
e9b040b2: folds
Hero: folds
3b6b7d08: folds
7395123: raises $4 to $8
feae5f43: folds
c5b25d4e: folds
6ff91fe3: calls $4
*** FLOP *** [6s Qd 9s]
6ff91fe3: checks
7395123: bets $18
6ff91fe3: folds
Uncalled bet ($18) returned to 7395123
*** SHOWDOWN ***
7395123 collected $18 from pot
*** SUMMARY ***
Total pot $18
Board [6s Qd 9s]
Seat 2: 3b6b7d08 folded before Flop (didn't bet)
Seat 3: 7395123won ($18) with Pair of Queens
Seat 5: c5b25d4e(small blind) folded before Flop
Seat 4: feae5f43 folded before Flop (didn't bet)
Seat 1: Hero folded before Flop (didn't bet)
Seat 6: 6ff91fe3(big blind) folded on the Flop
Seat 7: e9b040b2 folded before Flop (didn't bet)



Poker Hand #ring_874109411: NLH No Limit ($2/$4) - 2025/05/13 02:06:38
Table 'MR NLH 2/4' 7-max Seat #3 is the button
Seat 2: 3b6b7d08 ($530.28 in chips)
Seat 3: 7395123 ($327.19 in chips)
Seat 5: c5b25d4e ($218.89 in chips)
Seat 4: feae5f43 ($1,289.18 in chips)
Seat 1: Hero ($945.21 in chips)
Seat 6: 6ff91fe3 ($1,307.2 in chips)
Seat 7: e9b040b2 ($1,493.09 in chips)
feae5f43: posts small blind $2
c5b25d4e: posts big blind $4
*** HOLE CARDS ***
Dealt to 3b6b7d08 
Dealt to 7395123 
Dealt to c5b25d4e 
Dealt to feae5f43 
Dealt to Hero [7c 4s]
Dealt to 6ff91fe3 
Dealt to e9b040b2 
6ff91fe3: folds
e9b040b2: folds
Hero: folds
3b6b7d08: folds
7395123: raises $8 to $12
feae5f43: folds
c5b25d4e: folds
Uncalled bet ($8) returned to 7395123
*** SHOWDOWN ***
7395123 collected $10 from pot
*** SUMMARY ***
Total pot $10
Seat 2: 3b6b7d08 folded before Flop (didn't bet)
Seat 3: 7395123won ($10)
Seat 5: c5b25d4e(big blind) folded before Flop
Seat 4: feae5f43(small blind) folded before Flop
Seat 1: Hero folded before Flop (didn't bet)
Seat 6: 6ff91fe3 folded before Flop (didn't bet)
Seat 7: e9b040b2 folded before Flop (didn't bet)



Poker Hand #ring_874107043: NLH No Limit ($2/$4) - 2025/05/13 02:05:08
Table 'MR NLH 2/4' 7-max Seat #2 is the button
Seat 2: 3b6b7d08 ($530.28 in chips)
Seat 3: 7395123 ($329.19 in chips)
Seat 5: c5b25d4e ($264.49 in chips)
Seat 4: feae5f43 ($1,426.78 in chips)
Seat 1: Hero ($961.21 in chips)
Seat 6: 6ff91fe3 ($1,307.2 in chips)
Seat 7: e9b040b2 ($1,308.13 in chips)
7395123: posts small blind $2
feae5f43: posts big blind $4
*** HOLE CARDS ***
Dealt to 3b6b7d08 
Dealt to 7395123 
Dealt to c5b25d4e 
Dealt to feae5f43 
Dealt to Hero [7c 8c]
Dealt to 6ff91fe3 
Dealt to e9b040b2 
c5b25d4e: calls $4
6ff91fe3: folds
e9b040b2: raises $12 to $16
Hero: calls $16
3b6b7d08: folds
7395123: folds
feae5f43: calls $12
c5b25d4e: calls $12
*** FLOP *** [Th Kc 4s]
feae5f43: checks
c5b25d4e: checks
e9b040b2: bets $29.6
Hero: folds
feae5f43: calls $29.6
c5b25d4e: calls $29.6
*** TURN *** [Th Kc 4s] [5d]
feae5f43: checks
c5b25d4e: checks
e9b040b2: bets $92
feae5f43: calls $92
c5b25d4e: folds
*** RIVER *** [Th Kc 4s 5d] [6c]
feae5f43: checks
e9b040b2: checks
feae5f43: shows [Qh Jc]
e9b040b2: shows [Kd Ac]
*** SHOWDOWN ***
e9b040b2 collected $338.8 from pot
*** SUMMARY ***
Total pot $338.8
Board [Th Kc 4s 5d 6c]
Seat 2: 3b6b7d08 folded before Flop (didn't bet)
Seat 3: 7395123(small blind) folded before Flop
Seat 5: c5b25d4e folded on the Turn
Seat 4: feae5f43(big blind) showed [Qh Jc] and lost with King-High
Seat 1: Hero folded on the Flop
Seat 6: 6ff91fe3 folded before Flop (didn't bet)
Seat 7: e9b040b2 showed [Kd Ac] and won ($338.8) with Pair of Kings



Poker Hand #ring_874104577: NLH No Limit ($2/$4) - 2025/05/13 02:03:35
Table 'MR NLH 2/4' 7-max Seat #1 is the button
Seat 2: 3b6b7d08 ($532.28 in chips)
Seat 3: 7395123 ($345.19 in chips)
Seat 5: c5b25d4e ($280.49 in chips)
Seat 4: feae5f43 ($1,426.78 in chips)
Seat 1: Hero ($1,187.21 in chips)
Seat 6: 6ff91fe3 ($1,307.2 in chips)
Seat 7: e9b040b2 ($1,071 in chips)
3b6b7d08: posts small blind $2
7395123: posts big blind $4
*** HOLE CARDS ***
Dealt to 3b6b7d08 
Dealt to 7395123 
Dealt to c5b25d4e 
Dealt to feae5f43 
Dealt to Hero [9s 8s]
Dealt to 6ff91fe3 
Dealt to e9b040b2 
feae5f43: folds
c5b25d4e: calls $4
6ff91fe3: folds
e9b040b2: raises $12 to $16
Hero: calls $16
3b6b7d08: folds
7395123: calls $12
c5b25d4e: calls $12
*** FLOP *** [3h As Ts]
7395123: checks
c5b25d4e: checks
e9b040b2: bets $30
Hero: calls $30
7395123: folds
c5b25d4e: folds
*** TURN *** [3h As Ts] [7h]
e9b040b2: bets $180
Hero: calls $180
*** RIVER *** [3h As Ts 7h] [Tc]
e9b040b2: bets $160.38
Hero: folds
Uncalled bet ($160.38) returned to e9b040b2
*** SHOWDOWN ***
e9b040b2 collected $486 from pot
*** SUMMARY ***
Total pot $486
Board [3h As Ts 7h Tc]
Seat 2: 3b6b7d08(small blind) folded before Flop
Seat 3: 7395123(big blind) folded on the Flop
Seat 5: c5b25d4e folded on the Flop
Seat 4: feae5f43 folded before Flop (didn't bet)
Seat 1: Hero folded on the River
Seat 6: 6ff91fe3 folded before Flop (didn't bet)
Seat 7: e9b040b2won ($486) with Pair of Aces and Pair of Tens



Poker Hand #ring_874102519: NLH No Limit ($2/$4) - 2025/05/13 02:02:16
Table 'MR NLH 2/4' 7-max Seat #7 is the button
Seat 2: 3b6b7d08 ($536.28 in chips)
Seat 3: 7395123 ($349.19 in chips)
Seat 5: c5b25d4e ($280.49 in chips)
Seat 4: feae5f43 ($1,426.78 in chips)
Seat 1: Hero ($1,291.69 in chips)
Seat 6: 6ff91fe3 ($1,323.2 in chips)
Seat 7: e9b040b2 ($954 in chips)
Hero: posts small blind $2
3b6b7d08: posts big blind $4
*** HOLE CARDS ***
Dealt to 3b6b7d08 
Dealt to 7395123 
Dealt to c5b25d4e 
Dealt to feae5f43 
Dealt to Hero [Ah Ks]
Dealt to 6ff91fe3 
Dealt to e9b040b2 
7395123: calls $4
feae5f43: folds
c5b25d4e: folds
6ff91fe3: raises $12 to $16
e9b040b2: calls $16
Hero: raises $44.8 to $60.8
3b6b7d08: folds
7395123: folds
6ff91fe3: folds
e9b040b2: calls $44.8
*** FLOP *** [7d 8c 9h]
Hero: bets $43.68
e9b040b2: calls $43.68
*** TURN *** [7d 8c 9h] [7c]
Hero: checks
e9b040b2: bets $116.48
Hero: folds
Uncalled bet ($116.48) returned to e9b040b2
*** SHOWDOWN ***
e9b040b2 collected $232.96 from pot
*** SUMMARY ***
Total pot $232.96
Board [7d 8c 9h 7c]
Seat 2: 3b6b7d08(big blind) folded before Flop
Seat 3: 7395123 folded before Flop
Seat 5: c5b25d4e folded before Flop (didn't bet)
Seat 4: feae5f43 folded before Flop (didn't bet)
Seat 1: Hero(small blind) folded on the Turn
Seat 6: 6ff91fe3 folded before Flop
Seat 7: e9b040b2won ($232.96) with Pair of Sevens and Pair of Sixes



Poker Hand #ring_874101554: NLH No Limit ($2/$4) - 2025/05/13 02:01:40
Table 'MR NLH 2/4' 7-max Seat #6 is the button
Seat 2: 3b6b7d08 ($536.28 in chips)
Seat 3: 7395123 ($349.19 in chips)
Seat 5: c5b25d4e ($290.49 in chips)
Seat 4: feae5f43 ($1,411.95 in chips)
Seat 1: Hero ($1,295.69 in chips)
Seat 6: 6ff91fe3 ($1,323.2 in chips)
Seat 7: e9b040b2 ($956 in chips)
e9b040b2: posts small blind $2
Hero: posts big blind $4
*** HOLE CARDS ***
Dealt to 3b6b7d08 
Dealt to 7395123 
Dealt to c5b25d4e 
Dealt to feae5f43 
Dealt to Hero [Jd 6h]
Dealt to 6ff91fe3 
Dealt to e9b040b2 
3b6b7d08: folds
7395123: folds
feae5f43: raises $6 to $10
c5b25d4e: calls $10
6ff91fe3: folds
e9b040b2: folds
Hero: folds
*** FLOP *** [6d 9d 9s]
feae5f43: bets $6.5
c5b25d4e: folds
Uncalled bet ($6.5) returned to feae5f43
*** SHOWDOWN ***
feae5f43 collected $26 from pot
*** SUMMARY ***
Total pot $26
Board [6d 9d 9s]
Seat 2: 3b6b7d08 folded before Flop (didn't bet)
Seat 3: 7395123 folded before Flop (didn't bet)
Seat 5: c5b25d4e folded on the Flop
Seat 4: feae5f43won ($26) with Pair of Aces and Pair of Nines
Seat 1: Hero(big blind) folded before Flop
Seat 6: 6ff91fe3 folded before Flop (didn't bet)
Seat 7: e9b040b2(small blind) folded before Flop



Poker Hand #ring_874100303: NLH No Limit ($2/$4) - 2025/05/13 02:00:52
Table 'MR NLH 2/4' 7-max Seat #5 is the button
Seat 2: 3b6b7d08 ($536.28 in chips)
Seat 3: 7395123 ($349.19 in chips)
Seat 5: c5b25d4e ($300.49 in chips)
Seat 4: feae5f43 ($1,421.95 in chips)
Seat 1: Hero ($1,271.31 in chips)
Seat 6: 6ff91fe3 ($1,325.2 in chips)
Seat 7: e9b040b2 ($960 in chips)
6ff91fe3: posts small blind $2
e9b040b2: posts big blind $4
*** HOLE CARDS ***
Dealt to 3b6b7d08 
Dealt to 7395123 
Dealt to c5b25d4e 
Dealt to feae5f43 
Dealt to Hero [8d 5d]
Dealt to 6ff91fe3 
Dealt to e9b040b2 
Hero: raises $6 to $10
3b6b7d08: folds
7395123: folds
feae5f43: calls $10
c5b25d4e: calls $10
6ff91fe3: folds
e9b040b2: folds
*** FLOP *** [Qd 6d Ts]
Hero: checks
feae5f43: checks
c5b25d4e: checks
*** TURN *** [Qd 6d Ts] [Ks]
Hero: bets $18
feae5f43: folds
c5b25d4e: folds
Uncalled bet ($18) returned to Hero
*** SHOWDOWN ***
Hero collected $36 from pot
*** SUMMARY ***
Total pot $36
Board [Qd 6d Ts Ks]
Seat 2: 3b6b7d08 folded before Flop (didn't bet)
Seat 3: 7395123 folded before Flop (didn't bet)
Seat 5: c5b25d4e folded on the Turn
Seat 4: feae5f43 folded on the Turn
Seat 1: Herowon ($36) with King-High
Seat 6: 6ff91fe3(small blind) folded before Flop
Seat 7: e9b040b2(big blind) folded before Flop



Poker Hand #ring_874099425: NLH No Limit ($2/$4) - 2025/05/13 02:00:17
Table 'MR NLH 2/4' 7-max Seat #4 is the button
Seat 2: 3b6b7d08 ($530.28 in chips)
Seat 3: 7395123 ($349.19 in chips)
Seat 5: c5b25d4e ($302.49 in chips)
Seat 4: feae5f43 ($1,421.95 in chips)
Seat 1: Hero ($1,271.31 in chips)
Seat 6: 6ff91fe3 ($1,329.2 in chips)
Seat 7: e9b040b2 ($960 in chips)
c5b25d4e: posts small blind $2
6ff91fe3: posts big blind $4
*** HOLE CARDS ***
Dealt to 3b6b7d08 
Dealt to 7395123 
Dealt to c5b25d4e 
Dealt to feae5f43 
Dealt to Hero [Ks 9c]
Dealt to 6ff91fe3 
Dealt to e9b040b2 
e9b040b2: folds
Hero: folds
3b6b7d08: raises $10 to $14
7395123: folds
feae5f43: folds
c5b25d4e: folds
6ff91fe3: folds
Uncalled bet ($10) returned to 3b6b7d08
*** SHOWDOWN ***
3b6b7d08 collected $10 from pot
*** SUMMARY ***
Total pot $10
Seat 2: 3b6b7d08won ($10)
Seat 3: 7395123 folded before Flop (didn't bet)
Seat 5: c5b25d4e(small blind) folded before Flop
Seat 4: feae5f43 folded before Flop (didn't bet)
Seat 1: Hero folded before Flop (didn't bet)
Seat 6: 6ff91fe3(big blind) folded before Flop
Seat 7: e9b040b2 folded before Flop (didn't bet)



Poker Hand #ring_874098001: NLH No Limit ($2/$4) - 2025/05/13 01:59:23
Table 'MR NLH 2/4' 7-max Seat #3 is the button
Seat 2: 3b6b7d08 ($530.28 in chips)
Seat 3: 7395123 ($349.19 in chips)
Seat 5: c5b25d4e ($316.49 in chips)
Seat 4: feae5f43 ($1,409.21 in chips)
Seat 1: Hero ($1,271.31 in chips)
Seat 6: 6ff91fe3 ($1,329.2 in chips)
Seat 7: e9b040b2 ($960 in chips)
feae5f43: posts small blind $2
c5b25d4e: posts big blind $4
*** HOLE CARDS ***
Dealt to 3b6b7d08 
Dealt to 7395123 
Dealt to c5b25d4e 
Dealt to feae5f43 
Dealt to Hero [Tc Jd]
Dealt to 6ff91fe3 
Dealt to e9b040b2 
6ff91fe3: folds
e9b040b2: folds
Hero: folds
3b6b7d08: folds
7395123: folds
feae5f43: raises $10 to $14
c5b25d4e: calls $10
*** FLOP *** [9h Ac 7h]
feae5f43: checks
c5b25d4e: checks
*** TURN *** [9h Ac 7h] [8h]
feae5f43: checks
c5b25d4e: checks
*** RIVER *** [9h Ac 7h 8h] [Ad]
feae5f43: bets $22.4
c5b25d4e: folds
Uncalled bet ($22.4) returned to feae5f43
*** SHOWDOWN ***
feae5f43 collected $28 from pot
*** SUMMARY ***
Total pot $28
Board [9h Ac 7h 8h Ad]
Seat 2: 3b6b7d08 folded before Flop (didn't bet)
Seat 3: 7395123 folded before Flop (didn't bet)
Seat 5: c5b25d4e(big blind) folded on the River
Seat 4: feae5f43(small blind)won ($28) with Pair of Aces and Pair of Nines
Seat 1: Hero folded before Flop (didn't bet)
Seat 6: 6ff91fe3 folded before Flop (didn't bet)
Seat 7: e9b040b2 folded before Flop (didn't bet)



Poker Hand #ring_874096028: NLH No Limit ($2/$4) - 2025/05/13 01:58:10
Table 'MR NLH 2/4' 7-max Seat #2 is the button
Seat 2: 3b6b7d08 ($693.5 in chips)
Seat 3: 7395123 ($351.19 in chips)
Seat 5: c5b25d4e ($163.22 in chips)
Seat 4: feae5f43 ($1,413.21 in chips)
Seat 1: Hero ($1,271.31 in chips)
Seat 6: 6ff91fe3 ($1,329.2 in chips)
Seat 7: e9b040b2 ($960 in chips)
7395123: posts small blind $2
feae5f43: posts big blind $4
*** HOLE CARDS ***
Dealt to 3b6b7d08 
Dealt to 7395123 
Dealt to c5b25d4e 
Dealt to feae5f43 
Dealt to Hero [Kh 4h]
Dealt to 6ff91fe3 
Dealt to e9b040b2 
c5b25d4e: raises $4 to $8
6ff91fe3: folds
e9b040b2: folds
Hero: folds
3b6b7d08: calls $8
7395123: folds
feae5f43: folds
*** FLOP *** [8c 5c Qs]
c5b25d4e: bets $7.26
3b6b7d08: calls $7.26
*** TURN *** [8c 5c Qs] [7h]
c5b25d4e: checks
3b6b7d08: bets $18.26
c5b25d4e: calls $18.26
*** RIVER *** [8c 5c Qs 7h] [6h]
c5b25d4e: bets $129.7 and is all-in
3b6b7d08: calls $129.7
3b6b7d08: shows [7s 7d]
c5b25d4e: shows [9s As]
e9b040b2: shows [6c]
*** SHOWDOWN ***
c5b25d4e collected $332.44 from pot
*** SUMMARY ***
Total pot $332.44
Board [8c 5c Qs 7h 6h]
Seat 2: 3b6b7d08 showed [7s 7d] and lost with Three Sevens
Seat 3: 7395123(small blind) folded before Flop
Seat 5: c5b25d4e showed [9s As] and won ($332.44) with Nines-High Straight
Seat 4: feae5f43(big blind) folded before Flop
Seat 1: Hero folded before Flop (didn't bet)
Seat 6: 6ff91fe3 folded before Flop (didn't bet)
Seat 7: e9b040b2 folded before Flop (didn't bet)



Poker Hand #ring_874094118: NLH No Limit ($2/$4) - 2025/05/13 01:57:00
Table 'MR NLH 2/4' 7-max Seat #1 is the button
Seat 2: 3b6b7d08 ($633.17 in chips)
Seat 3: 7395123 ($355.19 in chips)
Seat 5: c5b25d4e ($211.72 in chips)
Seat 4: feae5f43 ($1,427.21 in chips)
Seat 1: Hero ($1,271.31 in chips)
Seat 6: 6ff91fe3 ($1,329.2 in chips)
Seat 7: e9b040b2 ($960 in chips)
3b6b7d08: posts small blind $2
7395123: posts big blind $4
*** HOLE CARDS ***
Dealt to 3b6b7d08 
Dealt to 7395123 
Dealt to c5b25d4e 
Dealt to feae5f43 
Dealt to Hero [3c Jd]
Dealt to 6ff91fe3 
Dealt to e9b040b2 
feae5f43: raises $10 to $14
c5b25d4e: calls $14
6ff91fe3: folds
e9b040b2: folds
Hero: folds
3b6b7d08: calls $12
7395123: folds
*** FLOP *** [Td 3s 8s]
3b6b7d08: checks
feae5f43: checks
c5b25d4e: checks
*** TURN *** [Td 3s 8s] [Ad]
3b6b7d08: checks
feae5f43: checks
c5b25d4e: bets $34.5
3b6b7d08: calls $34.5
feae5f43: folds
*** RIVER *** [Td 3s 8s Ad] [Kd]
3b6b7d08: checks
c5b25d4e: checks
3b6b7d08: shows [5d 7d]
c5b25d4e: shows [8c As]
*** SHOWDOWN ***
3b6b7d08 collected $115 from pot
*** SUMMARY ***
Total pot $115
Board [Td 3s 8s Ad Kd]
Seat 2: 3b6b7d08(small blind) showed [5d 7d] and won ($115) with Ace High Flush
Seat 3: 7395123(big blind) folded before Flop
Seat 5: c5b25d4e showed [8c As] and lost with Pair of Aces and Pair of Eights
Seat 4: feae5f43 folded on the Turn
Seat 1: Hero folded before Flop (didn't bet)
Seat 6: 6ff91fe3 folded before Flop (didn't bet)
Seat 7: e9b040b2 folded before Flop (didn't bet)



Poker Hand #ring_874093281: NLH No Limit ($2/$4) - 2025/05/13 01:56:28
Table 'MR NLH 2/4' 7-max Seat #7 is the button
Seat 2: 3b6b7d08 ($637.17 in chips)
Seat 3: 7395123 ($355.19 in chips)
Seat 5: c5b25d4e ($211.72 in chips)
Seat 4: feae5f43 ($1,421.21 in chips)
Seat 1: Hero ($1,273.31 in chips)
Seat 6: 6ff91fe3 ($1,329.2 in chips)
Seat 7: e9b040b2 ($960 in chips)
Hero: posts small blind $2
3b6b7d08: posts big blind $4
*** HOLE CARDS ***
Dealt to 3b6b7d08 
Dealt to 7395123 
Dealt to c5b25d4e 
Dealt to feae5f43 
Dealt to Hero [5c 9s]
Dealt to 6ff91fe3 
Dealt to e9b040b2 
7395123: folds
feae5f43: raises $8 to $12
c5b25d4e: folds
6ff91fe3: folds
e9b040b2: folds
Hero: folds
3b6b7d08: folds
Uncalled bet ($8) returned to feae5f43
*** SHOWDOWN ***
feae5f43 collected $10 from pot
*** SUMMARY ***
Total pot $10
Seat 2: 3b6b7d08(big blind) folded before Flop
Seat 3: 7395123 folded before Flop (didn't bet)
Seat 5: c5b25d4e folded before Flop (didn't bet)
Seat 4: feae5f43won ($10)
Seat 1: Hero(small blind) folded before Flop
Seat 6: 6ff91fe3 folded before Flop (didn't bet)
Seat 7: e9b040b2 folded before Flop (didn't bet)



Poker Hand #ring_874091978: NLH No Limit ($2/$4) - 2025/05/13 01:55:41
Table 'MR NLH 2/4' 7-max Seat #6 is the button
Seat 2: 3b6b7d08 ($637.17 in chips)
Seat 3: 7395123 ($367.19 in chips)
Seat 5: c5b25d4e ($187.43 in chips)
Seat 4: feae5f43 ($1,421.21 in chips)
Seat 1: Hero ($1,285.31 in chips)
Seat 6: 6ff91fe3 ($1,329.2 in chips)
Seat 7: e9b040b2 ($962 in chips)
e9b040b2: posts small blind $2
Hero: posts big blind $4
*** HOLE CARDS ***
Dealt to 3b6b7d08 
Dealt to 7395123 
Dealt to c5b25d4e 
Dealt to feae5f43 
Dealt to Hero [Kh 7s]
Dealt to 6ff91fe3 
Dealt to e9b040b2 
3b6b7d08: folds
7395123: calls $4
feae5f43: folds
c5b25d4e: raises $8 to $12
6ff91fe3: folds
e9b040b2: folds
Hero: calls $8
7395123: calls $8
*** FLOP *** [Jd 4c Tc]
Hero: checks
7395123: checks
c5b25d4e: bets $12.54
Hero: folds
7395123: folds
Uncalled bet ($12.54) returned to c5b25d4e
*** SHOWDOWN ***
c5b25d4e collected $38 from pot
*** SUMMARY ***
Total pot $38
Board [Jd 4c Tc]
Seat 2: 3b6b7d08 folded before Flop (didn't bet)
Seat 3: 7395123 folded on the Flop
Seat 5: c5b25d4ewon ($38) with Jack-High
Seat 4: feae5f43 folded before Flop (didn't bet)
Seat 1: Hero(big blind) folded on the Flop
Seat 6: 6ff91fe3 folded before Flop (didn't bet)
Seat 7: e9b040b2(small blind) folded before Flop



Poker Hand #ring_874090292: NLH No Limit ($2/$4) - 2025/05/13 01:54:38
Table 'MR NLH 2/4' 7-max Seat #5 is the button
Seat 2: 3b6b7d08 ($637.17 in chips)
Seat 3: 7395123 ($367.19 in chips)
Seat 5: c5b25d4e ($199.43 in chips)
Seat 4: feae5f43 ($1,421.21 in chips)
Seat 1: Hero ($1,244.73 in chips)
Seat 6: 6ff91fe3 ($1,331.2 in chips)
Seat 7: e9b040b2 ($993 in chips)
6ff91fe3: posts small blind $2
e9b040b2: posts big blind $4
*** HOLE CARDS ***
Dealt to 3b6b7d08 
Dealt to 7395123 
Dealt to c5b25d4e 
Dealt to feae5f43 
Dealt to Hero [Ks Ts]
Dealt to 6ff91fe3 
Dealt to e9b040b2 
Hero: raises $8 to $12
3b6b7d08: folds
7395123: folds
feae5f43: folds
c5b25d4e: calls $12
6ff91fe3: folds
e9b040b2: calls $8
*** FLOP *** [Kc 5d As]
e9b040b2: checks
Hero: bets $19
c5b25d4e: folds
e9b040b2: calls $19
*** TURN *** [Kc 5d As] [Qd]
e9b040b2: checks
Hero: checks
*** RIVER *** [Kc 5d As Qd] [4d]
e9b040b2: checks
Hero: checks
Hero: shows [Ks Ts]
e9b040b2: shows [5s 3s]
*** SHOWDOWN ***
Hero collected $76 from pot
*** SUMMARY ***
Total pot $76
Board [Kc 5d As Qd 4d]
Seat 2: 3b6b7d08 folded before Flop (didn't bet)
Seat 3: 7395123 folded before Flop (didn't bet)
Seat 5: c5b25d4e folded on the Flop
Seat 4: feae5f43 folded before Flop (didn't bet)
Seat 1: Hero showed [Ks Ts] and won ($76) with Pair of Kings
Seat 6: 6ff91fe3(small blind) folded before Flop
Seat 7: e9b040b2(big blind) showed [5s 3s] and lost with Pair of Fives



Poker Hand #ring_874088866: NLH No Limit ($2/$4) - 2025/05/13 01:53:46
Table 'MR NLH 2/4' 7-max Seat #4 is the button
Seat 2: 3b6b7d08 ($634.75 in chips)
Seat 3: 7395123 ($367.19 in chips)
Seat 5: c5b25d4e ($197.01 in chips)
Seat 4: feae5f43 ($1,421.21 in chips)
Seat 1: Hero ($1,244.73 in chips)
Seat 6: 6ff91fe3 ($1,339.2 in chips)
Seat 7: e9b040b2 ($993 in chips)
c5b25d4e: posts small blind $2
6ff91fe3: posts big blind $4
*** HOLE CARDS ***
Dealt to 3b6b7d08 
Dealt to 7395123 
Dealt to c5b25d4e 
Dealt to feae5f43 
Dealt to Hero [7c Jh]
Dealt to 6ff91fe3 
Dealt to e9b040b2 
e9b040b2: folds
Hero: folds
3b6b7d08: raises $4 to $8
7395123: folds
feae5f43: folds
c5b25d4e: calls $6
6ff91fe3: calls $4
*** FLOP *** [3s 6s 4s]
c5b25d4e: checks
6ff91fe3: checks
3b6b7d08: checks
*** TURN *** [3s 6s 4s] [8s]
c5b25d4e: checks
6ff91fe3: checks
3b6b7d08: checks
*** RIVER *** [3s 6s 4s 8s] [Ks]
c5b25d4e: bets $12
6ff91fe3: folds
3b6b7d08: calls $12
3b6b7d08: shows [4c Ah]
c5b25d4e: shows [5d Qd]
*** SHOWDOWN ***
3b6b7d08 collected $24 from pot
c5b25d4e collected $24 from pot
*** SUMMARY ***
Total pot $48
Board [3s 6s 4s 8s Ks]
Seat 2: 3b6b7d08 showed [4c Ah] and won ($24) with King High Flush
Seat 3: 7395123 folded before Flop (didn't bet)
Seat 5: c5b25d4e(small blind) showed [5d Qd] and won ($24) with King High Flush
Seat 4: feae5f43 folded before Flop (didn't bet)
Seat 1: Hero folded before Flop (didn't bet)
Seat 6: 6ff91fe3(big blind) folded on the River
Seat 7: e9b040b2 folded before Flop (didn't bet)



Poker Hand #ring_874088140: NLH No Limit ($2/$4) - 2025/05/13 01:53:20
Table 'MR NLH 2/4' 7-max Seat #3 is the button
Seat 2: 3b6b7d08 ($634.75 in chips)
Seat 3: 7395123 ($367.19 in chips)
Seat 5: c5b25d4e ($186 in chips)
Seat 4: feae5f43 ($1,423.21 in chips)
Seat 1: Hero ($1,244.73 in chips)
Seat 6: 6ff91fe3 ($1,349.2 in chips)
Seat 7: e9b040b2 ($993 in chips)
feae5f43: posts small blind $2
c5b25d4e: posts big blind $4
*** HOLE CARDS ***
Dealt to 3b6b7d08 
Dealt to 7395123 
Dealt to c5b25d4e 
Dealt to feae5f43 
Dealt to Hero [Jd 4c]
Dealt to 6ff91fe3 
Dealt to e9b040b2 
6ff91fe3: raises $6 to $10
e9b040b2: folds
Hero: folds
3b6b7d08: folds
7395123: folds
feae5f43: folds
c5b25d4e: calls $6
*** FLOP *** [4d 5h 7c]
c5b25d4e: bets $11
6ff91fe3: folds
Uncalled bet ($11) returned to c5b25d4e
*** SHOWDOWN ***
c5b25d4e collected $22 from pot
*** SUMMARY ***
Total pot $22
Board [4d 5h 7c]
Seat 2: 3b6b7d08 folded before Flop (didn't bet)
Seat 3: 7395123 folded before Flop (didn't bet)
Seat 5: c5b25d4e(big blind)won ($22) with Ace-High
Seat 4: feae5f43(small blind) folded before Flop
Seat 1: Hero folded before Flop (didn't bet)
Seat 6: 6ff91fe3 folded on the Flop
Seat 7: e9b040b2 folded before Flop (didn't bet)



Poker Hand #ring_874087251: NLH No Limit ($2/$4) - 2025/05/13 01:52:47
Table 'MR NLH 2/4' 7-max Seat #2 is the button
Seat 2: 3b6b7d08 ($634.75 in chips)
Seat 3: 7395123 ($369.19 in chips)
Seat 5: c5b25d4e ($200 in chips)
Seat 4: feae5f43 ($1,427.21 in chips)
Seat 1: Hero ($1,226.26 in chips)
Seat 6: 6ff91fe3 ($1,349.2 in chips)
Seat 7: e9b040b2 ($993 in chips)
7395123: posts small blind $2
feae5f43: posts big blind $4
c5b25d4e: posts big blind $4
*** HOLE CARDS ***
Dealt to 3b6b7d08 
Dealt to 7395123 
Dealt to c5b25d4e 
Dealt to feae5f43 
Dealt to Hero [Ac Kc]
Dealt to 6ff91fe3 
Dealt to e9b040b2 
c5b25d4e: checks
6ff91fe3: folds
e9b040b2: folds
Hero: raises $10 to $14
3b6b7d08: folds
7395123: folds
feae5f43: folds
c5b25d4e: calls $10
*** FLOP *** [Jh Ts Kh]
c5b25d4e: checks
Hero: bets $17
c5b25d4e: folds
Uncalled bet ($17) returned to Hero
*** SHOWDOWN ***
Hero collected $34 from pot
*** SUMMARY ***
Total pot $34
Board [Jh Ts Kh]
Seat 2: 3b6b7d08 folded before Flop (didn't bet)
Seat 3: 7395123(small blind) folded before Flop
Seat 5: c5b25d4e folded on the Flop
Seat 4: feae5f43(big blind) folded before Flop
Seat 1: Herowon ($34) with Pair of Kings
Seat 6: 6ff91fe3 folded before Flop (didn't bet)
Seat 7: e9b040b2 folded before Flop (didn't bet)



Poker Hand #ring_874086427: NLH No Limit ($2/$4) - 2025/05/13 01:52:17
Table 'MR NLH 2/4' 7-max Seat #1 is the button
Seat 2: 3b6b7d08 ($636.75 in chips)
Seat 3: 7395123 ($373.19 in chips)
Seat 4: feae5f43 ($1,427.21 in chips)
Seat 1: Hero ($1,226.26 in chips)
Seat 6: 6ff91fe3 ($1,349.2 in chips)
Seat 7: e9b040b2 ($987 in chips)
3b6b7d08: posts small blind $2
7395123: posts big blind $4
*** HOLE CARDS ***
Dealt to 3b6b7d08 
Dealt to 7395123 
Dealt to feae5f43 
Dealt to Hero [Ad 5h]
Dealt to 6ff91fe3 
Dealt to e9b040b2 
feae5f43: folds
6ff91fe3: folds
e9b040b2: raises $6 to $10
Hero: folds
3b6b7d08: folds
7395123: folds
Uncalled bet ($6) returned to e9b040b2
*** SHOWDOWN ***
e9b040b2 collected $10 from pot
*** SUMMARY ***
Total pot $10
Seat 2: 3b6b7d08(small blind) folded before Flop
Seat 3: 7395123(big blind) folded before Flop
Seat 4: feae5f43 folded before Flop (didn't bet)
Seat 1: Hero folded before Flop (didn't bet)
Seat 6: 6ff91fe3 folded before Flop (didn't bet)
Seat 7: e9b040b2won ($10)



Poker Hand #ring_874084291: NLH No Limit ($2/$4) - 2025/05/13 01:51:00
Table 'MR NLH 2/4' 7-max Seat #7 is the button
Seat 2: 3b6b7d08 ($640.75 in chips)
Seat 3: 7395123 ($373.19 in chips)
Seat 5: c5b25d4e ($200.29 in chips)
Seat 4: feae5f43 ($1,427.21 in chips)
Seat 1: Hero ($1,228.26 in chips)
Seat 6: 6ff91fe3 ($1,349.2 in chips)
Seat 7: e9b040b2 ($800 in chips)
Hero: posts small blind $2
3b6b7d08: posts big blind $4
*** HOLE CARDS ***
Dealt to 3b6b7d08 
Dealt to 7395123 
Dealt to c5b25d4e 
Dealt to feae5f43 
Dealt to Hero [As 7d]
Dealt to 6ff91fe3 
Dealt to e9b040b2 
7395123: folds
feae5f43: folds
c5b25d4e: calls $4
6ff91fe3: folds
e9b040b2: raises $12 to $16
Hero: folds
3b6b7d08: folds
c5b25d4e: calls $12
*** FLOP *** [Th Ks 4s]
c5b25d4e: checks
e9b040b2: bets $19
c5b25d4e: calls $19
*** TURN *** [Th Ks 4s] [Ac]
c5b25d4e: checks
e9b040b2: bets $765 and is all-in
c5b25d4e: calls $165.29 and is all-in
Uncalled bet ($599.71) returned to e9b040b2
c5b25d4e: shows [Kd 8s]
e9b040b2: shows [Tc Kh]
*** RIVER *** [Th Ks 4s Ac] [7c]
*** SHOWDOWN ***
e9b040b2 collected $406.58 from pot
*** SUMMARY ***
Total pot $406.58
Board [Th Ks 4s Ac 7c]
Seat 2: 3b6b7d08(big blind) folded before Flop
Seat 3: 7395123 folded before Flop (didn't bet)
Seat 5: c5b25d4e showed [Kd 8s] and lost with Pair of Kings
Seat 4: feae5f43 folded before Flop (didn't bet)
Seat 1: Hero(small blind) folded before Flop
Seat 6: 6ff91fe3 folded before Flop (didn't bet)
Seat 7: e9b040b2 showed [Tc Kh] and won ($406.58) with Pair of Kings and Pair of Tens



Poker Hand #ring_874082340: NLH No Limit ($2/$4) - 2025/05/13 01:49:50
Table 'MR NLH 2/4' 7-max Seat #6 is the button
Seat 2: 3b6b7d08 ($526 in chips)
Seat 3: 7395123 ($373.19 in chips)
Seat 5: c5b25d4e ($200.29 in chips)
Seat 4: feae5f43 ($1,427.21 in chips)
Seat 1: Hero ($1,232.26 in chips)
Seat 6: 6ff91fe3 ($1,349.2 in chips)
Seat 7: e9b040b2 ($489.32 in chips)
e9b040b2: posts small blind $2
Hero: posts big blind $4
*** HOLE CARDS ***
Dealt to 3b6b7d08 
Dealt to 7395123 
Dealt to c5b25d4e 
Dealt to feae5f43 
Dealt to Hero [5s 8c]
Dealt to 6ff91fe3 
Dealt to e9b040b2 
3b6b7d08: raises $12 to $16
7395123: folds
feae5f43: folds
c5b25d4e: folds
6ff91fe3: folds
e9b040b2: raises $32 to $48
Hero: folds
3b6b7d08: calls $32
*** FLOP *** [8d 9h Ts]
e9b040b2: checks
3b6b7d08: bets $75
e9b040b2: calls $75
*** TURN *** [8d 9h Ts] [7d]
e9b040b2: checks
3b6b7d08: bets $187.5
e9b040b2: folds
Uncalled bet ($187.5) returned to 3b6b7d08
*** SHOWDOWN ***
3b6b7d08 collected $250 from pot
*** SUMMARY ***
Total pot $250
Board [8d 9h Ts 7d]
Seat 2: 3b6b7d08won ($250) with Ace-High
Seat 3: 7395123 folded before Flop (didn't bet)
Seat 5: c5b25d4e folded before Flop (didn't bet)
Seat 4: feae5f43 folded before Flop (didn't bet)
Seat 1: Hero(big blind) folded before Flop
Seat 6: 6ff91fe3 folded before Flop (didn't bet)
Seat 7: e9b040b2(small blind) folded on the Turn



Poker Hand #ring_874077292: NLH No Limit ($2/$4) - 2025/05/13 01:46:49
Table 'MR NLH 2/4' 7-max Seat #5 is the button
Seat 2: 3b6b7d08 ($538 in chips)
Seat 3: 7395123 ($373.19 in chips)
Seat 5: c5b25d4e ($212.29 in chips)
Seat 4: feae5f43 ($1,439.21 in chips)
Seat 1: Hero ($1,232.26 in chips)
Seat 6: 6ff91fe3 ($1,033.1 in chips)
Seat 7: e9b040b2 ($800 in chips)
6ff91fe3: posts small blind $2
e9b040b2: posts big blind $4
*** HOLE CARDS ***
Dealt to 3b6b7d08 
Dealt to 7395123 
Dealt to c5b25d4e 
Dealt to feae5f43 
Dealt to Hero [3d 8d]
Dealt to 6ff91fe3 
Dealt to e9b040b2 
Hero: folds
3b6b7d08: raises $8 to $12
7395123: folds
feae5f43: calls $12
c5b25d4e: calls $12
6ff91fe3: raises $60 to $72
e9b040b2: raises $108 to $180
3b6b7d08: folds
feae5f43: folds
c5b25d4e: folds
6ff91fe3: calls $108
*** FLOP *** [Ts Js Tc]
6ff91fe3: checks
e9b040b2: bets $130.68
6ff91fe3: calls $130.68
*** TURN *** [Ts Js Tc] [6s]
6ff91fe3: checks
e9b040b2: checks
*** RIVER *** [Ts Js Tc 6s] [6c]
6ff91fe3: bets $493.02
e9b040b2: folds
Uncalled bet ($493.02) returned to 6ff91fe3
*** SHOWDOWN ***
6ff91fe3 collected $657.36 from pot
*** SUMMARY ***
Total pot $657.36
Board [Ts Js Tc 6s 6c]
Seat 2: 3b6b7d08 folded before Flop
Seat 3: 7395123 folded before Flop (didn't bet)
Seat 5: c5b25d4e folded before Flop
Seat 4: feae5f43 folded before Flop
Seat 1: Hero folded before Flop (didn't bet)
Seat 6: 6ff91fe3(small blind)won ($657.36) with Ace High Flush
Seat 7: e9b040b2(big blind) folded on the River



Poker Hand #ring_874075419: NLH No Limit ($2/$4) - 2025/05/13 01:45:41
Table 'MR NLH 2/4' 7-max Seat #4 is the button
Seat 2: 3b6b7d08 ($538 in chips)
Seat 3: 7395123 ($397.19 in chips)
Seat 5: c5b25d4e ($164.71 in chips)
Seat 4: feae5f43 ($1,463.21 in chips)
Seat 1: Hero ($1,232.26 in chips)
Seat 6: 6ff91fe3 ($1,037.1 in chips)
Seat 7: e9b040b2 ($800 in chips)
c5b25d4e: posts small blind $2
6ff91fe3: posts big blind $4
*** HOLE CARDS ***
Dealt to 3b6b7d08 
Dealt to 7395123 
Dealt to c5b25d4e 
Dealt to feae5f43 
Dealt to Hero [9s 4c]
Dealt to 6ff91fe3 
Dealt to e9b040b2 
e9b040b2: folds
Hero: folds
3b6b7d08: folds
7395123: calls $4
feae5f43: raises $20 to $24
c5b25d4e: calls $22
6ff91fe3: folds
7395123: calls $20
*** FLOP *** [8h 8c Qd]
c5b25d4e: checks
7395123: checks
feae5f43: checks
*** TURN *** [8h 8c Qd] [8s]
c5b25d4e: bets $25.08
7395123: folds
feae5f43: folds
Uncalled bet ($25.08) returned to c5b25d4e
*** SHOWDOWN ***
c5b25d4e collected $76 from pot
*** SUMMARY ***
Total pot $76
Board [8h 8c Qd 8s]
Seat 2: 3b6b7d08 folded before Flop (didn't bet)
Seat 3: 7395123 folded on the Turn
Seat 5: c5b25d4e(small blind)won ($76) with Eights Full over Treys
Seat 4: feae5f43 folded on the Turn
Seat 1: Hero folded before Flop (didn't bet)
Seat 6: 6ff91fe3(big blind) folded before Flop
Seat 7: e9b040b2 folded before Flop (didn't bet)



Poker Hand #ring_874073306: NLH No Limit ($2/$4) - 2025/05/13 01:44:25
Table 'MR NLH 2/4' 7-max Seat #3 is the button
Seat 2: 3b6b7d08 ($538 in chips)
Seat 3: 7395123 ($397.19 in chips)
Seat 5: c5b25d4e ($173 in chips)
Seat 4: feae5f43 ($1,471.49 in chips)
Seat 1: Hero ($1,232.26 in chips)
Seat 6: 6ff91fe3 ($1,037.1 in chips)
Seat 7: e9b040b2 ($800 in chips)
feae5f43: posts small blind $2
c5b25d4e: posts big blind $4
*** HOLE CARDS ***
Dealt to 3b6b7d08 
Dealt to 7395123 
Dealt to c5b25d4e 
Dealt to feae5f43 
Dealt to Hero [9d 5h]
Dealt to 6ff91fe3 
Dealt to e9b040b2 
6ff91fe3: folds
e9b040b2: folds
Hero: folds
3b6b7d08: folds
7395123: folds
feae5f43: raises $8 to $12
c5b25d4e: calls $8
*** FLOP *** [Kh Ks Qd]
feae5f43: bets $6
c5b25d4e: calls $6
*** TURN *** [Kh Ks Qd] [7s]
feae5f43: bets $28.8
c5b25d4e: raises $46.8 to $75.6
feae5f43: calls $46.8
*** RIVER *** [Kh Ks Qd 7s] [7c]
feae5f43: checks
c5b25d4e: bets $61.77
feae5f43: raises $211.31 to $273.08
c5b25d4e: calls $17.63 and is all-in
Uncalled bet ($193.68) returned to feae5f43
feae5f43: shows [Kd 3d]
c5b25d4e: shows [Kc 5s]
*** SHOWDOWN ***
feae5f43 collected $173 from pot
c5b25d4e collected $173 from pot
*** SUMMARY ***
Total pot $346
Board [Kh Ks Qd 7s 7c]
Seat 2: 3b6b7d08 folded before Flop (didn't bet)
Seat 3: 7395123 folded before Flop (didn't bet)
Seat 5: c5b25d4e(big blind) showed [Kc 5s] and won ($173) with Kings Full over Sevens
Seat 4: feae5f43(small blind) showed [Kd 3d] and won ($173) with Kings Full over Sevens
Seat 1: Hero folded before Flop (didn't bet)
Seat 6: 6ff91fe3 folded before Flop (didn't bet)
Seat 7: e9b040b2 folded before Flop (didn't bet)



Poker Hand #ring_874071764: NLH No Limit ($2/$4) - 2025/05/13 01:43:31
Table 'MR NLH 2/4' 7-max Seat #2 is the button
Seat 2: 3b6b7d08 ($538 in chips)
Seat 3: 7395123 ($399.19 in chips)
Seat 5: c5b25d4e ($200 in chips)
Seat 4: feae5f43 ($1,475.49 in chips)
Seat 1: Hero ($1,202.96 in chips)
Seat 6: 6ff91fe3 ($1,037.1 in chips)
Seat 7: e9b040b2 ($616.74 in chips)
7395123: posts small blind $2
feae5f43: posts big blind $4
c5b25d4e: posts big blind $4
*** HOLE CARDS ***
Dealt to 3b6b7d08 
Dealt to 7395123 
Dealt to c5b25d4e 
Dealt to feae5f43 
Dealt to Hero [Kc Js]
Dealt to 6ff91fe3 
Dealt to e9b040b2 
c5b25d4e: checks
6ff91fe3: folds
e9b040b2: folds
Hero: raises $8 to $12
3b6b7d08: folds
7395123: folds
feae5f43: folds
c5b25d4e: calls $8
*** FLOP *** [8s 9s Ks]
c5b25d4e: checks
Hero: checks
*** TURN *** [8s 9s Ks] [7s]
c5b25d4e: bets $15
Hero: calls $15
*** RIVER *** [8s 9s Ks 7s] [6d]
c5b25d4e: checks
Hero: checks
Hero: shows [Kc Js]
c5b25d4e: shows [4h 6h]
*** SHOWDOWN ***
Hero collected $60 from pot
*** SUMMARY ***
Total pot $60
Board [8s 9s Ks 7s 6d]
Seat 2: 3b6b7d08 folded before Flop (didn't bet)
Seat 3: 7395123(small blind) folded before Flop
Seat 5: c5b25d4e showed [4h 6h] and lost with Pair of Sixes
Seat 4: feae5f43(big blind) folded before Flop
Seat 1: Hero showed [Kc Js] and won ($60) with King High Flush
Seat 6: 6ff91fe3 folded before Flop (didn't bet)
Seat 7: e9b040b2 folded before Flop (didn't bet)



Poker Hand #ring_874069309: NLH No Limit ($2/$4) - 2025/05/13 01:42:04
Table 'MR NLH 2/4' 7-max Seat #1 is the button
Seat 2: 3b6b7d08 ($540 in chips)
Seat 3: 7395123 ($403.19 in chips)
Seat 5: c5b25d4e ($202.79 in chips)
Seat 4: feae5f43 ($1,475.49 in chips)
Seat 1: Hero ($525.95 in chips)
Seat 6: 6ff91fe3 ($1,037.1 in chips)
Seat 7: e9b040b2 ($1,142.69 in chips)
3b6b7d08: posts small blind $2
7395123: posts big blind $4
*** HOLE CARDS ***
Dealt to 3b6b7d08 
Dealt to 7395123 
Dealt to c5b25d4e 
Dealt to feae5f43 
Dealt to Hero [Jd Ad]
Dealt to 6ff91fe3 
Dealt to e9b040b2 
feae5f43: folds
c5b25d4e: calls $4
6ff91fe3: folds
e9b040b2: raises $12 to $16
Hero: calls $16
3b6b7d08: folds
7395123: folds
c5b25d4e: calls $12
*** FLOP *** [8d 7d Ks]
c5b25d4e: checks
e9b040b2: bets $27
Hero: calls $27
c5b25d4e: raises $159.79 to $186.79 and is all-in
e9b040b2: raises $454.58 to $641.37
Hero: calls $482.95 and is all-in
Uncalled bet ($131.42) returned to e9b040b2
Hero: shows [Jd Ad] (Ace-High)
c5b25d4e: shows [8h 7h] (Pair of Eights and Pair of Sevens)
e9b040b2: shows [7c Kc] (Pair of Kings and Pair of Sevens)
*** TURN *** [8d 7d Ks] [Qh]
*** RIVER *** [8d 7d Ks Qh] [Qd]
*** SHOWDOWN ***
Hero collected $614.37 from pot
Hero collected $646.32 from pot
*** SUMMARY ***
Total pot $1,260.69
Board [8d 7d Ks Qh Qd]
Seat 2: 3b6b7d08(small blind) folded before Flop
Seat 3: 7395123(big blind) folded before Flop
Seat 5: c5b25d4e showed [8h 7h] and lost with Pair of Queens and Pair of Eights
Seat 4: feae5f43 folded before Flop (didn't bet)
Seat 1: Hero showed [Jd Ad] and won ($614.37) with Ace High Flush
Seat 6: 6ff91fe3 folded before Flop (didn't bet)
Seat 7: e9b040b2 showed [7c Kc] and lost with Pair of Kings and Pair of Queens



Poker Hand #ring_874067292: NLH No Limit ($2/$4) - 2025/05/13 01:40:51
Table 'MR NLH 2/4' 7-max Seat #7 is the button
Seat 2: 3b6b7d08 ($544 in chips)
Seat 3: 7395123 ($354.78 in chips)
Seat 5: c5b25d4e ($202.79 in chips)
Seat 4: feae5f43 ($1,475.49 in chips)
Seat 1: Hero ($527.95 in chips)
Seat 6: 6ff91fe3 ($1,085.1 in chips)
Seat 7: e9b040b2 ($1,142.69 in chips)
Hero: posts small blind $2
3b6b7d08: posts big blind $4
*** HOLE CARDS ***
Dealt to 3b6b7d08 
Dealt to 7395123 
Dealt to c5b25d4e 
Dealt to feae5f43 
Dealt to Hero [6s 9d]
Dealt to 6ff91fe3 
Dealt to e9b040b2 
7395123: raises $12 to $16
feae5f43: folds
c5b25d4e: folds
6ff91fe3: raises $32 to $48
e9b040b2: folds
Hero: folds
3b6b7d08: folds
7395123: calls $32
*** FLOP *** [Js As 7c]
7395123: bets $76.5
6ff91fe3: folds
Uncalled bet ($76.5) returned to 7395123
c5b25d4e: shows [Ad]
*** SHOWDOWN ***
7395123 collected $102 from pot
*** SUMMARY ***
Total pot $102
Board [Js As 7c]
Seat 2: 3b6b7d08(big blind) folded before Flop
Seat 3: 7395123won ($102) with Three Jacks
Seat 5: c5b25d4e folded before Flop (didn't bet)
Seat 4: feae5f43 folded before Flop (didn't bet)
Seat 1: Hero(small blind) folded before Flop
Seat 6: 6ff91fe3 folded on the Flop
Seat 7: e9b040b2 folded before Flop (didn't bet)



Poker Hand #ring_874065507: NLH No Limit ($2/$4) - 2025/05/13 01:39:48
Table 'MR NLH 2/4' 7-max Seat #6 is the button
Seat 2: 3b6b7d08 ($544 in chips)
Seat 3: 7395123 ($366.78 in chips)
Seat 5: c5b25d4e ($178.5 in chips)
Seat 4: feae5f43 ($1,475.49 in chips)
Seat 1: Hero ($539.95 in chips)
Seat 6: 6ff91fe3 ($1,085.1 in chips)
Seat 7: e9b040b2 ($1,144.69 in chips)
e9b040b2: posts small blind $2
Hero: posts big blind $4
*** HOLE CARDS ***
Dealt to 3b6b7d08 
Dealt to 7395123 
Dealt to c5b25d4e 
Dealt to feae5f43 
Dealt to Hero [Qc Kh]
Dealt to 6ff91fe3 
Dealt to e9b040b2 
3b6b7d08: folds
7395123: calls $4
feae5f43: folds
c5b25d4e: raises $8 to $12
6ff91fe3: folds
e9b040b2: folds
Hero: calls $8
7395123: calls $8
*** FLOP *** [Jc 2d 6c]
Hero: checks
7395123: checks
c5b25d4e: bets $12.54
Hero: folds
7395123: folds
Uncalled bet ($12.54) returned to c5b25d4e
*** SHOWDOWN ***
c5b25d4e collected $38 from pot
*** SUMMARY ***
Total pot $38
Board [Jc 2d 6c]
Seat 2: 3b6b7d08 folded before Flop (didn't bet)
Seat 3: 7395123 folded on the Flop
Seat 5: c5b25d4ewon ($38) with Jack-High
Seat 4: feae5f43 folded before Flop (didn't bet)
Seat 1: Hero(big blind) folded on the Flop
Seat 6: 6ff91fe3 folded before Flop (didn't bet)
Seat 7: e9b040b2(small blind) folded before Flop



Poker Hand #ring_874063513: NLH No Limit ($2/$4) - 2025/05/13 01:38:35
Table 'MR NLH 2/4' 7-max Seat #5 is the button
Seat 2: 3b6b7d08 ($544 in chips)
Seat 3: 7395123 ($366.78 in chips)
Seat 5: c5b25d4e ($200 in chips)
Seat 4: feae5f43 ($1,475.49 in chips)
Seat 1: Hero ($539.95 in chips)
Seat 6: 6ff91fe3 ($1,087.1 in chips)
Seat 7: e9b040b2 ($1,124.21 in chips)
6ff91fe3: posts small blind $2
e9b040b2: posts big blind $4
*** HOLE CARDS ***
Dealt to 3b6b7d08 
Dealt to 7395123 
Dealt to c5b25d4e 
Dealt to feae5f43 
Dealt to Hero [7h Jc]
Dealt to 6ff91fe3 
Dealt to e9b040b2 
Hero: folds
3b6b7d08: folds
7395123: folds
feae5f43: folds
c5b25d4e: raises $4 to $8
6ff91fe3: folds
e9b040b2: calls $4
*** FLOP *** [7c 4h 6s]
e9b040b2: bets $13.5
c5b25d4e: calls $13.5
*** TURN *** [7c 4h 6s] [Ts]
e9b040b2: bets $88
c5b25d4e: folds
Uncalled bet ($88) returned to e9b040b2
*** SHOWDOWN ***
e9b040b2 collected $45 from pot
*** SUMMARY ***
Total pot $45
Board [7c 4h 6s Ts]
Seat 2: 3b6b7d08 folded before Flop (didn't bet)
Seat 3: 7395123 folded before Flop (didn't bet)
Seat 5: c5b25d4e folded on the Turn
Seat 4: feae5f43 folded before Flop (didn't bet)
Seat 1: Hero folded before Flop (didn't bet)
Seat 6: 6ff91fe3(small blind) folded before Flop
Seat 7: e9b040b2(big blind)won ($45) with Pair of Tens and Pair of Sevens



Poker Hand #ring_874062384: NLH No Limit ($2/$4) - 2025/05/13 01:37:54
Table 'MR NLH 2/4' 7-max Seat #4 is the button
Seat 2: 3b6b7d08 ($544 in chips)
Seat 3: 7395123 ($366.78 in chips)
Seat 5: c5b25d4e ($204 in chips)
Seat 4: feae5f43 ($1,475.49 in chips)
Seat 1: Hero ($539.95 in chips)
Seat 6: 6ff91fe3 ($1,083.46 in chips)
Seat 7: e9b040b2 ($1,124.21 in chips)
c5b25d4e: posts small blind $2
6ff91fe3: posts big blind $4
*** HOLE CARDS ***
Dealt to 3b6b7d08 
Dealt to 7395123 
Dealt to c5b25d4e 
Dealt to feae5f43 
Dealt to Hero [Ad 5h]
Dealt to 6ff91fe3 
Dealt to e9b040b2 
e9b040b2: folds
Hero: folds
3b6b7d08: folds
7395123: folds
feae5f43: folds
c5b25d4e: calls $2
6ff91fe3: checks
*** FLOP *** [5d 2d 9c]
c5b25d4e: checks
6ff91fe3: bets $6
c5b25d4e: folds
Uncalled bet ($6) returned to 6ff91fe3
*** SHOWDOWN ***
6ff91fe3 collected $8 from pot
*** SUMMARY ***
Total pot $8
Board [5d 2d 9c]
Seat 2: 3b6b7d08 folded before Flop (didn't bet)
Seat 3: 7395123 folded before Flop (didn't bet)
Seat 5: c5b25d4e(small blind) folded on the Flop
Seat 4: feae5f43 folded before Flop (didn't bet)
Seat 1: Hero folded before Flop (didn't bet)
Seat 6: 6ff91fe3(big blind)won ($8) with Queen-High
Seat 7: e9b040b2 folded before Flop (didn't bet)



Poker Hand #ring_874061744: NLH No Limit ($2/$4) - 2025/05/13 01:37:31
Table 'MR NLH 2/4' 7-max Seat #3 is the button
Seat 2: 3b6b7d08 ($544 in chips)
Seat 3: 7395123 ($366.78 in chips)
Seat 5: c5b25d4e ($202 in chips)
Seat 4: feae5f43 ($1,477.49 in chips)
Seat 1: Hero ($539.95 in chips)
Seat 6: 6ff91fe3 ($1,083.46 in chips)
Seat 7: e9b040b2 ($1,124.21 in chips)
feae5f43: posts small blind $2
c5b25d4e: posts big blind $4
*** HOLE CARDS ***
Dealt to 3b6b7d08 
Dealt to 7395123 
Dealt to c5b25d4e 
Dealt to feae5f43 
Dealt to Hero [4h 2d]
Dealt to 6ff91fe3 
Dealt to e9b040b2 
6ff91fe3: folds
e9b040b2: folds
Hero: folds
3b6b7d08: folds
7395123: folds
feae5f43: folds
*** SHOWDOWN ***
c5b25d4e collected $6 from pot
*** SUMMARY ***
Total pot $6
Seat 2: 3b6b7d08 folded before Flop (didn't bet)
Seat 3: 7395123 folded before Flop (didn't bet)
Seat 5: c5b25d4e(big blind)won ($6)
Seat 4: feae5f43(small blind) folded before Flop
Seat 1: Hero folded before Flop (didn't bet)
Seat 6: 6ff91fe3 folded before Flop (didn't bet)
Seat 7: e9b040b2 folded before Flop (didn't bet)



Poker Hand #ring_874061028: NLH No Limit ($2/$4) - 2025/05/13 01:37:07
Table 'MR NLH 2/4' 7-max Seat #2 is the button
Seat 2: 3b6b7d08 ($544 in chips)
Seat 3: 7395123 ($368.78 in chips)
Seat 5: c5b25d4e ($196 in chips)
Seat 4: feae5f43 ($1,481.49 in chips)
Seat 1: Hero ($539.95 in chips)
Seat 6: 6ff91fe3 ($1,083.46 in chips)
Seat 7: e9b040b2 ($1,124.21 in chips)
7395123: posts small blind $2
feae5f43: posts big blind $4
*** HOLE CARDS ***
Dealt to 3b6b7d08 
Dealt to 7395123 
Dealt to c5b25d4e 
Dealt to feae5f43 
Dealt to Hero [3d 9c]
Dealt to 6ff91fe3 
Dealt to e9b040b2 
c5b25d4e: raises $4 to $8
6ff91fe3: folds
e9b040b2: folds
Hero: folds
3b6b7d08: folds
7395123: folds
feae5f43: folds
Uncalled bet ($4) returned to c5b25d4e
*** SHOWDOWN ***
c5b25d4e collected $10 from pot
*** SUMMARY ***
Total pot $10
Seat 2: 3b6b7d08 folded before Flop (didn't bet)
Seat 3: 7395123(small blind) folded before Flop
Seat 5: c5b25d4ewon ($10)
Seat 4: feae5f43(big blind) folded before Flop
Seat 1: Hero folded before Flop (didn't bet)
Seat 6: 6ff91fe3 folded before Flop (didn't bet)
Seat 7: e9b040b2 folded before Flop (didn't bet)



Poker Hand #ring_874060378: NLH No Limit ($2/$4) - 2025/05/13 01:36:43
Table 'MR NLH 2/4' 7-max Seat #1 is the button
Seat 2: 3b6b7d08 ($546 in chips)
Seat 3: 7395123 ($372.78 in chips)
Seat 5: c5b25d4e ($200 in chips)
Seat 4: feae5f43 ($1,481.49 in chips)
Seat 1: Hero ($539.95 in chips)
Seat 6: 6ff91fe3 ($1,073.46 in chips)
Seat 7: e9b040b2 ($1,124.21 in chips)
3b6b7d08: posts small blind $2
7395123: posts big blind $4
c5b25d4e: posts big blind $4
*** HOLE CARDS ***
Dealt to 3b6b7d08 
Dealt to 7395123 
Dealt to c5b25d4e 
Dealt to feae5f43 
Dealt to Hero [8c Kd]
Dealt to 6ff91fe3 
Dealt to e9b040b2 
feae5f43: folds
c5b25d4e: checks
6ff91fe3: raises $10 to $14
e9b040b2: folds
Hero: folds
3b6b7d08: folds
7395123: folds
c5b25d4e: folds
Uncalled bet ($10) returned to 6ff91fe3
*** SHOWDOWN ***
6ff91fe3 collected $14 from pot
*** SUMMARY ***
Total pot $14
Seat 2: 3b6b7d08(small blind) folded before Flop
Seat 3: 7395123(big blind) folded before Flop
Seat 5: c5b25d4e folded before Flop
Seat 4: feae5f43 folded before Flop (didn't bet)
Seat 1: Hero folded before Flop (didn't bet)
Seat 6: 6ff91fe3won ($14)
Seat 7: e9b040b2 folded before Flop (didn't bet)



Poker Hand #ring_874058342: NLH No Limit ($2/$4) - 2025/05/13 01:35:30
Table 'MR NLH 2/4' 7-max Seat #7 is the button
Seat 2: 3b6b7d08 ($550 in chips)
Seat 3: 7395123 ($372.78 in chips)
Seat 4: feae5f43 ($1,481.49 in chips)
Seat 1: Hero ($482.16 in chips)
Seat 6: 6ff91fe3 ($1,073.46 in chips)
Seat 7: e9b040b2 ($1,184.61 in chips)
Hero: posts small blind $2
3b6b7d08: posts big blind $4
*** HOLE CARDS ***
Dealt to 3b6b7d08 
Dealt to 7395123 
Dealt to feae5f43 
Dealt to Hero [Td Th]
Dealt to 6ff91fe3 
Dealt to e9b040b2 
7395123: folds
feae5f43: folds
6ff91fe3: folds
e9b040b2: raises $6 to $10
Hero: raises $19.2 to $29.2
3b6b7d08: folds
e9b040b2: calls $19.2
*** FLOP *** [3d 2h Jd]
Hero: checks
e9b040b2: checks
*** TURN *** [3d 2h Jd] [5s]
Hero: bets $31.2
e9b040b2: calls $31.2
*** RIVER *** [3d 2h Jd 5s] [3h]
Hero: bets $62.4
e9b040b2: folds
Uncalled bet ($62.4) returned to Hero
*** SHOWDOWN ***
Hero collected $124.8 from pot
*** SUMMARY ***
Total pot $124.8
Board [3d 2h Jd 5s 3h]
Seat 2: 3b6b7d08(big blind) folded before Flop
Seat 3: 7395123 folded before Flop (didn't bet)
Seat 4: feae5f43 folded before Flop (didn't bet)
Seat 1: Hero(small blind)won ($124.8) with Pair of Tens and Pair of Treys
Seat 6: 6ff91fe3 folded before Flop (didn't bet)
Seat 7: e9b040b2 folded on the River



Poker Hand #ring_874056053: NLH No Limit ($2/$4) - 2025/05/13 01:34:08
Table 'MR NLH 2/4' 7-max Seat #6 is the button
Seat 2: 3b6b7d08 ($550 in chips)
Seat 3: 7395123 ($372.78 in chips)
Seat 4: feae5f43 ($1,481.49 in chips)
Seat 1: Hero ($386.16 in chips)
Seat 5: 58c8a95f ($423.94 in chips)
Seat 6: 6ff91fe3 ($1,073.46 in chips)
Seat 7: e9b040b2 ($796 in chips)
e9b040b2: posts small blind $2
Hero: posts big blind $4
*** HOLE CARDS ***
Dealt to 3b6b7d08 
Dealt to 7395123 
Dealt to feae5f43 
Dealt to Hero [3c Jc]
Dealt to 58c8a95f 
Dealt to 6ff91fe3 
Dealt to e9b040b2 
3b6b7d08: folds
7395123: folds
feae5f43: folds
58c8a95f: raises $8 to $12
6ff91fe3: folds
e9b040b2: raises $36 to $48
Hero: folds
58c8a95f: calls $36
*** FLOP *** [3d 6d 4s]
e9b040b2: bets $33
58c8a95f: raises $83 to $116
e9b040b2: raises $632 to $748 and is all-in
58c8a95f: calls $259.94 and is all-in
Uncalled bet ($372.06) returned to e9b040b2
58c8a95f: shows [Qd Ad] (Ace-High)
e9b040b2: shows [Kh Kd] (Pair of Kings)
*** TURN *** [3d 6d 4s] [3h]
*** RIVER *** [3d 6d 4s 3h] [5h]
*** SHOWDOWN ***
e9b040b2 collected $851.88 from pot
*** SUMMARY ***
Total pot $851.88
Board [3d 6d 4s 3h 5h]
Seat 2: 3b6b7d08 folded before Flop (didn't bet)
Seat 3: 7395123 folded before Flop (didn't bet)
Seat 4: feae5f43 folded before Flop (didn't bet)
Seat 1: Hero(big blind) folded before Flop
Seat 5: 58c8a95f showed [Qd Ad] and lost with Pair of Treys
Seat 6: 6ff91fe3 folded before Flop (didn't bet)
Seat 7: e9b040b2(small blind) showed [Kh Kd] and won ($851.88) with Pair of Kings and Pair of Treys



Poker Hand #ring_874054231: NLH No Limit ($2/$4) - 2025/05/13 01:33:01
Table 'MR NLH 2/4' 7-max Seat #5 is the button
Seat 2: 3b6b7d08 ($550 in chips)
Seat 3: 7395123 ($372.78 in chips)
Seat 4: feae5f43 ($1,479.16 in chips)
Seat 1: Hero ($386.16 in chips)
Seat 5: 58c8a95f ($421.62 in chips)
Seat 6: 6ff91fe3 ($1,075.46 in chips)
Seat 7: e9b040b2 ($800 in chips)
6ff91fe3: posts small blind $2
e9b040b2: posts big blind $4
*** HOLE CARDS ***
Dealt to 3b6b7d08 
Dealt to 7395123 
Dealt to feae5f43 
Dealt to Hero [2s 8c]
Dealt to 58c8a95f 
Dealt to 6ff91fe3 
Dealt to e9b040b2 
Hero: folds
3b6b7d08: folds
7395123: folds
feae5f43: raises $8 to $12
58c8a95f: calls $12
6ff91fe3: folds
e9b040b2: folds
*** FLOP *** [Ah 6s 6c]
feae5f43: checks
58c8a95f: checks
*** TURN *** [Ah 6s 6c] [8s]
feae5f43: checks
58c8a95f: checks
*** RIVER *** [Ah 6s 6c 8s] [6d]
feae5f43: checks
58c8a95f: checks
feae5f43: shows [Qs Ks]
58c8a95f: shows [Kd Qh]
*** SHOWDOWN ***
feae5f43 collected $15 from pot
58c8a95f collected $15 from pot
*** SUMMARY ***
Total pot $30
Board [Ah 6s 6c 8s 6d]
Seat 2: 3b6b7d08 folded before Flop (didn't bet)
Seat 3: 7395123 folded before Flop (didn't bet)
Seat 4: feae5f43 showed [Qs Ks] and won ($15) with Three Sixes
Seat 1: Hero folded before Flop (didn't bet)
Seat 5: 58c8a95f showed [Kd Qh] and won ($15) with Three Sixes
Seat 6: 6ff91fe3(small blind) folded before Flop
Seat 7: e9b040b2(big blind) folded before Flop



Poker Hand #ring_874053405: NLH No Limit ($2/$4) - 2025/05/13 01:32:33
Table 'MR NLH 2/4' 7-max Seat #4 is the button
Seat 2: 3b6b7d08 ($550 in chips)
Seat 3: 7395123 ($372.78 in chips)
Seat 4: feae5f43 ($1,479.16 in chips)
Seat 1: Hero ($386.16 in chips)
Seat 5: 58c8a95f ($417.62 in chips)
Seat 6: 6ff91fe3 ($1,079.46 in chips)
Seat 7: e9b040b2 ($800 in chips)
58c8a95f: posts small blind $2
6ff91fe3: posts big blind $4
*** HOLE CARDS ***
Dealt to 3b6b7d08 
Dealt to 7395123 
Dealt to feae5f43 
Dealt to Hero [9s 5h]
Dealt to 58c8a95f 
Dealt to 6ff91fe3 
Dealt to e9b040b2 
e9b040b2: folds
Hero: folds
3b6b7d08: folds
7395123: folds
feae5f43: folds
58c8a95f: raises $8 to $12
6ff91fe3: folds
Uncalled bet ($8) returned to 58c8a95f
*** SHOWDOWN ***
58c8a95f collected $8 from pot
*** SUMMARY ***
Total pot $8
Seat 2: 3b6b7d08 folded before Flop (didn't bet)
Seat 3: 7395123 folded before Flop (didn't bet)
Seat 4: feae5f43 folded before Flop (didn't bet)
Seat 1: Hero folded before Flop (didn't bet)
Seat 5: 58c8a95f(small blind)won ($8)
Seat 6: 6ff91fe3(big blind) folded before Flop
Seat 7: e9b040b2 folded before Flop (didn't bet)



Poker Hand #ring_874051920: NLH No Limit ($2/$4) - 2025/05/13 01:31:40
Table 'MR NLH 2/4' 7-max Seat #3 is the button
Seat 2: 3b6b7d08 ($550 in chips)
Seat 3: 7395123 ($372.78 in chips)
Seat 4: feae5f43 ($1,468.24 in chips)
Seat 1: Hero ($386.16 in chips)
Seat 5: 58c8a95f ($429.62 in chips)
Seat 6: 6ff91fe3 ($1,079.46 in chips)
Seat 7: e9b040b2 ($800 in chips)
feae5f43: posts small blind $2
58c8a95f: posts big blind $4
*** HOLE CARDS ***
Dealt to 3b6b7d08 
Dealt to 7395123 
Dealt to feae5f43 
Dealt to Hero [3h 2s]
Dealt to 58c8a95f 
Dealt to 6ff91fe3 
Dealt to e9b040b2 
6ff91fe3: folds
e9b040b2: folds
Hero: folds
3b6b7d08: folds
7395123: folds
feae5f43: raises $8 to $12
58c8a95f: calls $8
*** FLOP *** [As 5c 4c]
feae5f43: checks
58c8a95f: checks
*** TURN *** [As 5c 4c] [Kc]
feae5f43: checks
58c8a95f: checks
*** RIVER *** [As 5c 4c Kc] [Ac]
feae5f43: checks
58c8a95f: checks
feae5f43: shows [Kd Th]
58c8a95f: shows [Qs 7s]
*** SHOWDOWN ***
feae5f43 collected $24 from pot
*** SUMMARY ***
Total pot $24
Board [As 5c 4c Kc Ac]
Seat 2: 3b6b7d08 folded before Flop (didn't bet)
Seat 3: 7395123 folded before Flop (didn't bet)
Seat 4: feae5f43(small blind) showed [Kd Th] and won ($24) with Pair of Aces and Pair of Kings
Seat 1: Hero folded before Flop (didn't bet)
Seat 5: 58c8a95f(big blind) showed [Qs 7s] and lost with Pair of Aces
Seat 6: 6ff91fe3 folded before Flop (didn't bet)
Seat 7: e9b040b2 folded before Flop (didn't bet)



Poker Hand #ring_874051293: NLH No Limit ($2/$4) - 2025/05/13 01:31:18
Table 'MR NLH 2/4' 7-max Seat #2 is the button
Seat 2: 3b6b7d08 ($550 in chips)
Seat 3: 7395123 ($374.78 in chips)
Seat 4: feae5f43 ($1,472.24 in chips)
Seat 1: Hero ($386.16 in chips)
Seat 5: 58c8a95f ($423.62 in chips)
Seat 6: 6ff91fe3 ($1,079.46 in chips)
Seat 7: e9b040b2 ($800 in chips)
7395123: posts small blind $2
feae5f43: posts big blind $4
*** HOLE CARDS ***
Dealt to 3b6b7d08 
Dealt to 7395123 
Dealt to feae5f43 
Dealt to Hero [5s 6h]
Dealt to 58c8a95f 
Dealt to 6ff91fe3 
Dealt to e9b040b2 
58c8a95f: raises $8 to $12
6ff91fe3: folds
e9b040b2: folds
Hero: folds
3b6b7d08: folds
7395123: folds
feae5f43: folds
Uncalled bet ($8) returned to 58c8a95f
*** SHOWDOWN ***
58c8a95f collected $10 from pot
*** SUMMARY ***
Total pot $10
Seat 2: 3b6b7d08 folded before Flop (didn't bet)
Seat 3: 7395123(small blind) folded before Flop
Seat 4: feae5f43(big blind) folded before Flop
Seat 1: Hero folded before Flop (didn't bet)
Seat 5: 58c8a95fwon ($10)
Seat 6: 6ff91fe3 folded before Flop (didn't bet)
Seat 7: e9b040b2 folded before Flop (didn't bet)



Poker Hand #ring_874049960: NLH No Limit ($2/$4) - 2025/05/13 01:30:29
Table 'MR NLH 2/4' 7-max Seat #1 is the button
Seat 2: 3b6b7d08 ($552 in chips)
Seat 3: 7395123 ($378.78 in chips)
Seat 4: feae5f43 ($1,472.24 in chips)
Seat 1: Hero ($368.16 in chips)
Seat 5: 58c8a95f ($435.62 in chips)
Seat 6: 6ff91fe3 ($1,079.46 in chips)
Seat 7: e9b040b2 ($800 in chips)
3b6b7d08: posts small blind $2
7395123: posts big blind $4
*** HOLE CARDS ***
Dealt to 3b6b7d08 
Dealt to 7395123 
Dealt to feae5f43 
Dealt to Hero [As Kh]
Dealt to 58c8a95f 
Dealt to 6ff91fe3 
Dealt to e9b040b2 
feae5f43: folds
58c8a95f: raises $8 to $12
6ff91fe3: folds
e9b040b2: folds
Hero: raises $43.5 to $55.5
3b6b7d08: folds
7395123: folds
58c8a95f: folds
Uncalled bet ($43.5) returned to Hero
*** SHOWDOWN ***
Hero collected $30 from pot
*** SUMMARY ***
Total pot $30
Seat 2: 3b6b7d08(small blind) folded before Flop
Seat 3: 7395123(big blind) folded before Flop
Seat 4: feae5f43 folded before Flop (didn't bet)
Seat 1: Herowon ($30)
Seat 5: 58c8a95f folded before Flop
Seat 6: 6ff91fe3 folded before Flop (didn't bet)
Seat 7: e9b040b2 folded before Flop (didn't bet)



Poker Hand #ring_874049295: NLH No Limit ($2/$4) - 2025/05/13 01:30:05
Table 'MR NLH 2/4' 7-max Seat #7 is the button
Seat 2: 3b6b7d08 ($556 in chips)
Seat 3: 7395123 ($378.78 in chips)
Seat 4: feae5f43 ($1,466.24 in chips)
Seat 1: Hero ($370.16 in chips)
Seat 5: 58c8a95f ($435.62 in chips)
Seat 6: 6ff91fe3 ($1,079.46 in chips)
Seat 7: e9b040b2 ($533.95 in chips)
Hero: posts small blind $2
3b6b7d08: posts big blind $4
*** HOLE CARDS ***
Dealt to 3b6b7d08 
Dealt to 7395123 
Dealt to feae5f43 
Dealt to Hero [8s 5h]
Dealt to 58c8a95f 
Dealt to 6ff91fe3 
Dealt to e9b040b2 
7395123: folds
feae5f43: raises $8 to $12
58c8a95f: folds
6ff91fe3: folds
e9b040b2: folds
Hero: folds
3b6b7d08: folds
Uncalled bet ($8) returned to feae5f43
*** SHOWDOWN ***
feae5f43 collected $10 from pot
*** SUMMARY ***
Total pot $10
Seat 2: 3b6b7d08(big blind) folded before Flop
Seat 3: 7395123 folded before Flop (didn't bet)
Seat 4: feae5f43won ($10)
Seat 1: Hero(small blind) folded before Flop
Seat 5: 58c8a95f folded before Flop (didn't bet)
Seat 6: 6ff91fe3 folded before Flop (didn't bet)
Seat 7: e9b040b2 folded before Flop (didn't bet)



Poker Hand #ring_874047011: NLH No Limit ($2/$4) - 2025/05/13 01:28:42
Table 'MR NLH 2/4' 7-max Seat #6 is the button
Seat 3: 7395123 ($378.78 in chips)
Seat 4: feae5f43 ($1,197.86 in chips)
Seat 1: Hero ($374.16 in chips)
Seat 5: 58c8a95f ($435.62 in chips)
Seat 6: 6ff91fe3 ($1,079.46 in chips)
Seat 7: e9b040b2 ($825.77 in chips)
e9b040b2: posts small blind $2
Hero: posts big blind $4
*** HOLE CARDS ***
Dealt to 7395123 
Dealt to feae5f43 
Dealt to Hero [5s 3c]
Dealt to 58c8a95f 
Dealt to 6ff91fe3 
Dealt to e9b040b2 
7395123: folds
feae5f43: raises $8 to $12
58c8a95f: folds
6ff91fe3: folds
e9b040b2: raises $36 to $48
Hero: folds
feae5f43: calls $36
*** FLOP *** [Ah 5d 9s]
e9b040b2: bets $33
feae5f43: calls $33
*** TURN *** [Ah 5d 9s] [4h]
e9b040b2: checks
feae5f43: bets $41.5
e9b040b2: calls $41.5
*** RIVER *** [Ah 5d 9s 4h] [2s]
e9b040b2: checks
feae5f43: bets $169.32
e9b040b2: calls $169.32
feae5f43: shows [Kc Ac]
e9b040b2: shows [Th As]
*** SHOWDOWN ***
feae5f43 collected $587.64 from pot
*** SUMMARY ***
Total pot $587.64
Board [Ah 5d 9s 4h 2s]
Seat 3: 7395123 folded before Flop (didn't bet)
Seat 4: feae5f43 showed [Kc Ac] and won ($587.64) with Pair of Aces
Seat 1: Hero(big blind) folded before Flop
Seat 5: 58c8a95f folded before Flop (didn't bet)
Seat 6: 6ff91fe3 folded before Flop (didn't bet)
Seat 7: e9b040b2(small blind) showed [Th As] and lost with Pair of Aces



Poker Hand #ring_874045276: NLH No Limit ($2/$4) - 2025/05/13 01:27:39
Table 'MR NLH 2/4' 7-max Seat #5 is the button
Seat 3: 7395123 ($378.78 in chips)
Seat 4: feae5f43 ($1,197.86 in chips)
Seat 1: Hero ($350.5 in chips)
Seat 5: 58c8a95f ($435.62 in chips)
Seat 6: 6ff91fe3 ($1,081.46 in chips)
Seat 7: e9b040b2 ($850.77 in chips)
6ff91fe3: posts small blind $2
e9b040b2: posts big blind $4
*** HOLE CARDS ***
Dealt to 7395123 
Dealt to feae5f43 
Dealt to Hero [5d 5s]
Dealt to 58c8a95f 
Dealt to 6ff91fe3 
Dealt to e9b040b2 
Hero: raises $8 to $12
7395123: folds
feae5f43: folds
58c8a95f: folds
6ff91fe3: folds
e9b040b2: calls $8
*** FLOP *** [9d 6d 4h]
e9b040b2: checks
Hero: bets $13
e9b040b2: calls $13
*** TURN *** [9d 6d 4h] [Ks]
e9b040b2: checks
Hero: checks
*** RIVER *** [9d 6d 4h Ks] [3c]
e9b040b2: checks
Hero: checks
Hero: shows [5d 5s]
e9b040b2: shows [Tc 8h]
*** SHOWDOWN ***
Hero collected $52 from pot
*** SUMMARY ***
Total pot $52
Board [9d 6d 4h Ks 3c]
Seat 3: 7395123 folded before Flop (didn't bet)
Seat 4: feae5f43 folded before Flop (didn't bet)
Seat 1: Hero showed [5d 5s] and won ($52) with Pair of Fives
Seat 5: 58c8a95f folded before Flop (didn't bet)
Seat 6: 6ff91fe3(small blind) folded before Flop
Seat 7: e9b040b2(big blind) showed [Tc 8h] and lost with King-High



Poker Hand #ring_874043005: NLH No Limit ($2/$4) - 2025/05/13 01:26:17
Table 'MR NLH 2/4' 7-max Seat #4 is the button
Seat 3: 7395123 ($388.78 in chips)
Seat 4: feae5f43 ($1,197.86 in chips)
Seat 1: Hero ($350.5 in chips)
Seat 5: 58c8a95f ($437.62 in chips)
Seat 6: 6ff91fe3 ($1,009.12 in chips)
Seat 7: e9b040b2 ($918.77 in chips)
58c8a95f: posts small blind $2
6ff91fe3: posts big blind $4
*** HOLE CARDS ***
Dealt to 7395123 
Dealt to feae5f43 
Dealt to Hero [6d Qc]
Dealt to 58c8a95f 
Dealt to 6ff91fe3 
Dealt to e9b040b2 
e9b040b2: raises $6 to $10
Hero: folds
7395123: calls $10
feae5f43: folds
58c8a95f: folds
6ff91fe3: calls $6
*** FLOP *** [9c 8d Kh]
6ff91fe3: checks
e9b040b2: bets $13.6
7395123: folds
6ff91fe3: calls $13.6
*** TURN *** [9c 8d Kh] [9h]
6ff91fe3: checks
e9b040b2: bets $44.4
6ff91fe3: calls $44.4
*** RIVER *** [9c 8d Kh 9h] [Jh]
6ff91fe3: bets $111
e9b040b2: folds
Uncalled bet ($111) returned to 6ff91fe3
*** SHOWDOWN ***
6ff91fe3 collected $148 from pot
*** SUMMARY ***
Total pot $148
Board [9c 8d Kh 9h Jh]
Seat 3: 7395123 folded on the Flop
Seat 4: feae5f43 folded before Flop (didn't bet)
Seat 1: Hero folded before Flop (didn't bet)
Seat 5: 58c8a95f(small blind) folded before Flop
Seat 6: 6ff91fe3(big blind)won ($148) with Kings-High Straight
Seat 7: e9b040b2 folded on the River



Poker Hand #ring_874041855: NLH No Limit ($2/$4) - 2025/05/13 01:25:36
Table 'MR NLH 2/4' 7-max Seat #3 is the button
Seat 3: 7395123 ($418.28 in chips)
Seat 4: feae5f43 ($1,199.86 in chips)
Seat 1: Hero ($350.5 in chips)
Seat 5: 58c8a95f ($441.62 in chips)
Seat 6: 6ff91fe3 ($977.54 in chips)
Seat 7: e9b040b2 ($918.77 in chips)
feae5f43: posts small blind $2
58c8a95f: posts big blind $4
*** HOLE CARDS ***
Dealt to 7395123 
Dealt to feae5f43 
Dealt to Hero [Th Kd]
Dealt to 58c8a95f 
Dealt to 6ff91fe3 
Dealt to e9b040b2 
6ff91fe3: raises $6 to $10
e9b040b2: folds
Hero: folds
7395123: calls $10
feae5f43: folds
58c8a95f: folds
*** FLOP *** [Kc 8s 6c]
6ff91fe3: checks
7395123: checks
*** TURN *** [Kc 8s 6c] [8h]
6ff91fe3: checks
7395123: checks
*** RIVER *** [Kc 8s 6c 8h] [Kh]
6ff91fe3: bets $19.5
7395123: calls $19.5
7395123: shows [Qd Ah]
6ff91fe3: shows [Ks Ts]
*** SHOWDOWN ***
6ff91fe3 collected $65 from pot
*** SUMMARY ***
Total pot $65
Board [Kc 8s 6c 8h Kh]
Seat 3: 7395123 showed [Qd Ah] and lost with Pair of Kings and Pair of Eights
Seat 4: feae5f43(small blind) folded before Flop
Seat 1: Hero folded before Flop (didn't bet)
Seat 5: 58c8a95f(big blind) folded before Flop
Seat 6: 6ff91fe3 showed [Ks Ts] and won ($65) with Kings Full over Eights
Seat 7: e9b040b2 folded before Flop (didn't bet)



Poker Hand #ring_874041228: NLH No Limit ($2/$4) - 2025/05/13 01:25:14
Table 'MR NLH 2/4' 7-max Seat #0 is the button
Seat 3: 7395123 ($420.28 in chips)
Seat 4: feae5f43 ($1,197.86 in chips)
Seat 1: Hero ($350.5 in chips)
Seat 5: 58c8a95f ($441.62 in chips)
Seat 6: 6ff91fe3 ($977.54 in chips)
Seat 7: e9b040b2 ($918.77 in chips)
7395123: posts small blind $2
feae5f43: posts big blind $4
*** HOLE CARDS ***
Dealt to 7395123 
Dealt to feae5f43 
Dealt to Hero [Kc 2s]
Dealt to 58c8a95f 
Dealt to 6ff91fe3 
Dealt to e9b040b2 
58c8a95f: folds
6ff91fe3: folds
e9b040b2: folds
Hero: folds
7395123: folds
*** SHOWDOWN ***
feae5f43 collected $6 from pot
*** SUMMARY ***
Total pot $6
Seat 3: 7395123(small blind) folded before Flop
Seat 4: feae5f43(big blind)won ($6)
Seat 1: Hero folded before Flop (didn't bet)
Seat 5: 58c8a95f folded before Flop (didn't bet)
Seat 6: 6ff91fe3 folded before Flop (didn't bet)
Seat 7: e9b040b2 folded before Flop (didn't bet)



Poker Hand #ring_874038688: NLH No Limit ($2/$4) - 2025/05/13 01:23:45
Table 'MR NLH 2/4' 7-max Seat #1 is the button
Seat 3: 7395123 ($424.28 in chips)
Seat 4: feae5f43 ($1,197.86 in chips)
Seat 1: Hero ($350.5 in chips)
Seat 2: a05c9418 ($351.19 in chips)
Seat 5: 58c8a95f ($441.62 in chips)
Seat 6: 6ff91fe3 ($908.29 in chips)
Seat 7: e9b040b2 ($918.77 in chips)
a05c9418: posts small blind $2
7395123: posts big blind $4
*** HOLE CARDS ***
Dealt to 7395123 
Dealt to feae5f43 
Dealt to Hero [8c 3s]
Dealt to a05c9418 
Dealt to 58c8a95f 
Dealt to 6ff91fe3 
Dealt to e9b040b2 
feae5f43: folds
58c8a95f: folds
6ff91fe3: raises $6 to $10
e9b040b2: folds
Hero: folds
a05c9418: calls $8
7395123: folds
*** FLOP *** [5s 8s 4d]
a05c9418: checks
6ff91fe3: checks
*** TURN *** [5s 8s 4d] [8d]
a05c9418: bets $18
6ff91fe3: calls $18
*** RIVER *** [5s 8s 4d 8d] [Td]
a05c9418: checks
6ff91fe3: bets $45
a05c9418: calls $45
a05c9418: shows [4s 6s]
6ff91fe3: shows [Qd 5d]
*** SHOWDOWN ***
6ff91fe3 collected $150 from pot
*** SUMMARY ***
Total pot $150
Board [5s 8s 4d 8d Td]
Seat 3: 7395123(big blind) folded before Flop
Seat 4: feae5f43 folded before Flop (didn't bet)
Seat 1: Hero folded before Flop (didn't bet)
Seat 2: a05c9418(small blind) showed [4s 6s] and lost with Pair of Eights and Pair of Fours
Seat 5: 58c8a95f folded before Flop (didn't bet)
Seat 6: 6ff91fe3 showed [Qd 5d] and won ($150) with Queen High Flush
Seat 7: e9b040b2 folded before Flop (didn't bet)



Poker Hand #ring_874036591: NLH No Limit ($2/$4) - 2025/05/13 01:22:31
Table 'MR NLH 2/4' 7-max Seat #7 is the button
Seat 3: 7395123 ($424.28 in chips)
Seat 4: feae5f43 ($1,197.86 in chips)
Seat 1: Hero ($352.5 in chips)
Seat 2: a05c9418 ($355.19 in chips)
Seat 5: 58c8a95f ($441.62 in chips)
Seat 6: 6ff91fe3 ($798 in chips)
Seat 7: e9b040b2 ($1,034.77 in chips)
Hero: posts small blind $2
a05c9418: posts big blind $4
*** HOLE CARDS ***
Dealt to 7395123 
Dealt to feae5f43 
Dealt to Hero [5c Kh]
Dealt to a05c9418 
Dealt to 58c8a95f 
Dealt to 6ff91fe3 
Dealt to e9b040b2 
7395123: folds
feae5f43: folds
58c8a95f: folds
6ff91fe3: raises $6 to $10
e9b040b2: raises $20 to $30
Hero: folds
a05c9418: folds
6ff91fe3: raises $46 to $76
e9b040b2: calls $46
*** FLOP *** [3s 7d 5d]
6ff91fe3: bets $40
e9b040b2: calls $40
*** TURN *** [3s 7d 5d] [9s]
6ff91fe3: bets $60
e9b040b2: folds
Uncalled bet ($60) returned to 6ff91fe3
*** SHOWDOWN ***
6ff91fe3 collected $238 from pot
*** SUMMARY ***
Total pot $238
Board [3s 7d 5d 9s]
Seat 3: 7395123 folded before Flop (didn't bet)
Seat 4: feae5f43 folded before Flop (didn't bet)
Seat 1: Hero(small blind) folded before Flop
Seat 2: a05c9418(big blind) folded before Flop
Seat 5: 58c8a95f folded before Flop (didn't bet)
Seat 6: 6ff91fe3won ($238) with Ace-High
Seat 7: e9b040b2 folded on the Turn



Poker Hand #ring_874036065: NLH No Limit ($2/$4) - 2025/05/13 01:22:12
Table 'MR NLH 2/4' 7-max Seat #6 is the button
Seat 3: 7395123 ($424.28 in chips)
Seat 4: feae5f43 ($1,197.86 in chips)
Seat 1: Hero ($350.5 in chips)
Seat 2: a05c9418 ($355.19 in chips)
Seat 5: 58c8a95f ($441.62 in chips)
Seat 6: 6ff91fe3 ($798 in chips)
Seat 7: e9b040b2 ($1,036.77 in chips)
e9b040b2: posts small blind $2
Hero: posts big blind $4
*** HOLE CARDS ***
Dealt to 7395123 
Dealt to feae5f43 
Dealt to Hero [4s Js]
Dealt to a05c9418 
Dealt to 58c8a95f 
Dealt to 6ff91fe3 
Dealt to e9b040b2 
a05c9418: folds
7395123: folds
feae5f43: folds
58c8a95f: folds
6ff91fe3: folds
e9b040b2: folds
*** SHOWDOWN ***
Hero collected $6 from pot
*** SUMMARY ***
Total pot $6
Seat 3: 7395123 folded before Flop (didn't bet)
Seat 4: feae5f43 folded before Flop (didn't bet)
Seat 1: Hero(big blind)won ($6)
Seat 2: a05c9418 folded before Flop (didn't bet)
Seat 5: 58c8a95f folded before Flop (didn't bet)
Seat 6: 6ff91fe3 folded before Flop (didn't bet)
Seat 7: e9b040b2(small blind) folded before Flop



Poker Hand #ring_874033989: NLH No Limit ($2/$4) - 2025/05/13 01:21:00
Table 'MR NLH 2/4' 7-max Seat #5 is the button
Seat 3: 7395123 ($424.28 in chips)
Seat 4: feae5f43 ($1,197.86 in chips)
Seat 1: Hero ($388.5 in chips)
Seat 2: a05c9418 ($355.19 in chips)
Seat 5: 58c8a95f ($441.62 in chips)
Seat 6: 6ff91fe3 ($800 in chips)
Seat 7: e9b040b2 ($1,001.28 in chips)
6ff91fe3: posts small blind $2
e9b040b2: posts big blind $4
*** HOLE CARDS ***
Dealt to 7395123 
Dealt to feae5f43 
Dealt to Hero [Ad 8d]
Dealt to a05c9418 
Dealt to 58c8a95f 
Dealt to 6ff91fe3 
Dealt to e9b040b2 
Hero: raises $8 to $12
a05c9418: folds
7395123: folds
feae5f43: folds
58c8a95f: folds
6ff91fe3: folds
e9b040b2: calls $8
*** FLOP *** [Ac 2c 7c]
e9b040b2: checks
Hero: checks
*** TURN *** [Ac 2c 7c] [Kh]
e9b040b2: bets $26
Hero: calls $26
*** RIVER *** [Ac 2c 7c Kh] [7d]
e9b040b2: checks
Hero: checks
Hero: shows [Ad 8d]
e9b040b2: shows [Tc Jc]
*** SHOWDOWN ***
e9b040b2 collected $78 from pot
*** SUMMARY ***
Total pot $78
Board [Ac 2c 7c Kh 7d]
Seat 3: 7395123 folded before Flop (didn't bet)
Seat 4: feae5f43 folded before Flop (didn't bet)
Seat 1: Hero showed [Ad 8d] and lost with Pair of Aces and Pair of Sevens
Seat 2: a05c9418 folded before Flop (didn't bet)
Seat 5: 58c8a95f folded before Flop (didn't bet)
Seat 6: 6ff91fe3(small blind) folded before Flop
Seat 7: e9b040b2(big blind) showed [Tc Jc] and won ($78) with Ace High Flush



Poker Hand #ring_874032167: NLH No Limit ($2/$4) - 2025/05/13 01:19:54
Table 'MR NLH 2/4' 7-max Seat #4 is the button
Seat 3: 7395123 ($434.28 in chips)
Seat 4: feae5f43 ($1,197.86 in chips)
Seat 1: Hero ($388.5 in chips)
Seat 2: a05c9418 ($332.72 in chips)
Seat 5: 58c8a95f ($451.62 in chips)
Seat 6: 6ff91fe3 ($800 in chips)
Seat 7: e9b040b2 ($1,001.28 in chips)
58c8a95f: posts small blind $2
6ff91fe3: posts big blind $4
*** HOLE CARDS ***
Dealt to 7395123 
Dealt to feae5f43 
Dealt to Hero [7d 6s]
Dealt to a05c9418 
Dealt to 58c8a95f 
Dealt to 6ff91fe3 
Dealt to e9b040b2 
e9b040b2: folds
Hero: folds
a05c9418: raises $6 to $10
7395123: calls $10
feae5f43: folds
58c8a95f: calls $8
6ff91fe3: folds
*** FLOP *** [2c Kc Ah]
58c8a95f: checks
a05c9418: checks
7395123: checks
*** TURN *** [2c Kc Ah] [Ts]
58c8a95f: checks
a05c9418: bets $22
7395123: folds
58c8a95f: folds
Uncalled bet ($22) returned to a05c9418
*** SHOWDOWN ***
a05c9418 collected $34 from pot
*** SUMMARY ***
Total pot $34
Board [2c Kc Ah Ts]
Seat 3: 7395123 folded on the Turn
Seat 4: feae5f43 folded before Flop (didn't bet)
Seat 1: Hero folded before Flop (didn't bet)
Seat 2: a05c9418won ($34) with Ace-High
Seat 5: 58c8a95f(small blind) folded on the Turn
Seat 6: 6ff91fe3(big blind) folded before Flop
Seat 7: e9b040b2 folded before Flop (didn't bet)



Poker Hand #ring_874030940: NLH No Limit ($2/$4) - 2025/05/13 01:19:10
Table 'MR NLH 2/4' 7-max Seat #3 is the button
Seat 3: 7395123 ($434.28 in chips)
Seat 4: feae5f43 ($1,205.86 in chips)
Seat 1: Hero ($388.5 in chips)
Seat 2: a05c9418 ($332.72 in chips)
Seat 5: 58c8a95f ($455.62 in chips)
Seat 6: 6ff91fe3 ($800 in chips)
Seat 7: e9b040b2 ($990.18 in chips)
feae5f43: posts small blind $2
58c8a95f: posts big blind $4
*** HOLE CARDS ***
Dealt to 7395123 
Dealt to feae5f43 
Dealt to Hero [Qd 4c]
Dealt to a05c9418 
Dealt to 58c8a95f 
Dealt to 6ff91fe3 
Dealt to e9b040b2 
6ff91fe3: folds
e9b040b2: raises $4 to $8
Hero: folds
a05c9418: folds
7395123: folds
feae5f43: calls $6
58c8a95f: folds
*** FLOP *** [Th Kh 3d]
feae5f43: checks
e9b040b2: bets $10
feae5f43: folds
Uncalled bet ($10) returned to e9b040b2
*** SHOWDOWN ***
e9b040b2 collected $20 from pot
*** SUMMARY ***
Total pot $20
Board [Th Kh 3d]
Seat 3: 7395123 folded before Flop (didn't bet)
Seat 4: feae5f43(small blind) folded on the Flop
Seat 1: Hero folded before Flop (didn't bet)
Seat 2: a05c9418 folded before Flop (didn't bet)
Seat 5: 58c8a95f(big blind) folded before Flop
Seat 6: 6ff91fe3 folded before Flop (didn't bet)
Seat 7: e9b040b2won ($20) with Pair of Sixes



Poker Hand #ring_874028789: NLH No Limit ($2/$4) - 2025/05/13 01:17:52
Table 'MR NLH 2/4' 7-max Seat #2 is the button
Seat 3: 7395123 ($342.64 in chips)
Seat 4: feae5f43 ($1,209.86 in chips)
Seat 1: Hero ($388.5 in chips)
Seat 2: a05c9418 ($332.72 in chips)
Seat 5: 58c8a95f ($455.62 in chips)
Seat 6: 6ff91fe3 ($800 in chips)
Seat 7: e9b040b2 ($990.18 in chips)
7395123: posts small blind $2
feae5f43: posts big blind $4
*** HOLE CARDS ***
Dealt to 7395123 
Dealt to feae5f43 
Dealt to Hero [6d 5h]
Dealt to a05c9418 
Dealt to 58c8a95f 
Dealt to 6ff91fe3 
Dealt to e9b040b2 
58c8a95f: folds
6ff91fe3: raises $6 to $10
e9b040b2: folds
Hero: folds
a05c9418: folds
7395123: calls $8
feae5f43: folds
*** FLOP *** [Jc 2h 8d]
7395123: checks
6ff91fe3: bets $7.92
7395123: raises $19.92 to $27.84
6ff91fe3: calls $19.92
*** TURN *** [Jc 2h 8d] [Kd]
7395123: bets $59.76
6ff91fe3: calls $59.76
*** RIVER *** [Jc 2h 8d Kd] [2d]
7395123: bets $199.2
6ff91fe3: folds
Uncalled bet ($199.2) returned to 7395123
*** SHOWDOWN ***
7395123 collected $199.2 from pot
*** SUMMARY ***
Total pot $199.2
Board [Jc 2h 8d Kd 2d]
Seat 3: 7395123(small blind)won ($199.2) with Eights Full over Twos
Seat 4: feae5f43(big blind) folded before Flop
Seat 1: Hero folded before Flop (didn't bet)
Seat 2: a05c9418 folded before Flop (didn't bet)
Seat 5: 58c8a95f folded before Flop (didn't bet)
Seat 6: 6ff91fe3 folded on the River
Seat 7: e9b040b2 folded before Flop (didn't bet)



Poker Hand #ring_874026026: NLH No Limit ($2/$4) - 2025/05/13 01:16:13
Table 'MR NLH 2/4' 7-max Seat #1 is the button
Seat 3: 7395123 ($256.84 in chips)
Seat 4: feae5f43 ($1,209.86 in chips)
Seat 1: Hero ($314.5 in chips)
Seat 2: a05c9418 ($334.72 in chips)
Seat 5: 58c8a95f ($455.62 in chips)
Seat 6: 6ff91fe3 ($798 in chips)
Seat 7: e9b040b2 ($990.18 in chips)
a05c9418: posts small blind $2
7395123: posts big blind $4
*** HOLE CARDS ***
Dealt to 7395123 
Dealt to feae5f43 
Dealt to Hero [9d Ad]
Dealt to a05c9418 
Dealt to 58c8a95f 
Dealt to 6ff91fe3 
Dealt to e9b040b2 
feae5f43: folds
58c8a95f: folds
6ff91fe3: raises $6 to $10
e9b040b2: folds
Hero: calls $10
a05c9418: folds
7395123: raises $16 to $26
6ff91fe3: calls $16
Hero: calls $16
*** FLOP *** [6s 4s 3s]
7395123: checks
6ff91fe3: checks
Hero: checks
*** TURN *** [6s 4s 3s] [8d]
7395123: bets $40
6ff91fe3: calls $40
Hero: folds
*** RIVER *** [6s 4s 3s 8d] [7c]
7395123: checks
6ff91fe3: checks
7395123: shows [Qh Qc]
6ff91fe3: shows [Ah 8h]
*** SHOWDOWN ***
7395123 collected $160 from pot
*** SUMMARY ***
Total pot $160
Board [6s 4s 3s 8d 7c]
Seat 3: 7395123(big blind) showed [Qh Qc] and won ($160) with Pair of Queens
Seat 4: feae5f43 folded before Flop (didn't bet)
Seat 1: Hero folded on the Turn
Seat 2: a05c9418(small blind) folded before Flop
Seat 5: 58c8a95f folded before Flop (didn't bet)
Seat 6: 6ff91fe3 showed [Ah 8h] and lost with Pair of Eights
Seat 7: e9b040b2 folded before Flop (didn't bet)



Poker Hand #ring_874024801: NLH No Limit ($2/$4) - 2025/05/13 01:15:30
Table 'MR NLH 2/4' 7-max Seat #7 is the button
Seat 3: 7395123 ($256.84 in chips)
Seat 4: feae5f43 ($1,209.86 in chips)
Seat 1: Hero ($316.5 in chips)
Seat 2: a05c9418 ($338.72 in chips)
Seat 5: 58c8a95f ($449.62 in chips)
Seat 6: 6ff91fe3 ($798 in chips)
Seat 7: e9b040b2 ($990.18 in chips)
Hero: posts small blind $2
a05c9418: posts big blind $4
*** HOLE CARDS ***
Dealt to 7395123 
Dealt to feae5f43 
Dealt to Hero [Kd 5c]
Dealt to a05c9418 
Dealt to 58c8a95f 
Dealt to 6ff91fe3 
Dealt to e9b040b2 
7395123: folds
feae5f43: folds
58c8a95f: raises $8 to $12
6ff91fe3: folds
e9b040b2: folds
Hero: folds
a05c9418: folds
Uncalled bet ($8) returned to 58c8a95f
*** SHOWDOWN ***
58c8a95f collected $10 from pot
*** SUMMARY ***
Total pot $10
Seat 3: 7395123 folded before Flop (didn't bet)
Seat 4: feae5f43 folded before Flop (didn't bet)
Seat 1: Hero(small blind) folded before Flop
Seat 2: a05c9418(big blind) folded before Flop
Seat 5: 58c8a95fwon ($10)
Seat 6: 6ff91fe3 folded before Flop (didn't bet)
Seat 7: e9b040b2 folded before Flop (didn't bet)



Poker Hand #ring_874023299: NLH No Limit ($2/$4) - 2025/05/13 01:14:36
Table 'MR NLH 2/4' 7-max Seat #6 is the button
Seat 3: 7395123 ($256.84 in chips)
Seat 4: feae5f43 ($1,209.86 in chips)
Seat 1: Hero ($400 in chips)
Seat 2: a05c9418 ($338.72 in chips)
Seat 5: 58c8a95f ($372.72 in chips)
Seat 6: 6ff91fe3 ($798 in chips)
Seat 7: e9b040b2 ($992.18 in chips)
e9b040b2: posts small blind $2
Hero: posts big blind $4
*** HOLE CARDS ***
Dealt to 7395123 
Dealt to feae5f43 
Dealt to Hero [Qs Kc]
Dealt to a05c9418 
Dealt to 58c8a95f 
Dealt to 6ff91fe3 
Dealt to e9b040b2 
a05c9418: folds
7395123: folds
feae5f43: folds
58c8a95f: raises $8 to $12
6ff91fe3: folds
e9b040b2: folds
Hero: raises $20.8 to $32.8
58c8a95f: calls $20.8
*** FLOP *** [9c 3d Td]
Hero: checks
58c8a95f: bets $50.7
Hero: calls $50.7
*** TURN *** [9c 3d Td] [4h]
Hero: checks
58c8a95f: bets $126.75
Hero: folds
Uncalled bet ($126.75) returned to 58c8a95f
*** SHOWDOWN ***
58c8a95f collected $169 from pot
*** SUMMARY ***
Total pot $169
Board [9c 3d Td 4h]
Seat 3: 7395123 folded before Flop (didn't bet)
Seat 4: feae5f43 folded before Flop (didn't bet)
Seat 1: Hero(big blind) folded on the Turn
Seat 2: a05c9418 folded before Flop (didn't bet)
Seat 5: 58c8a95fwon ($169) with Pair of Tens
Seat 6: 6ff91fe3 folded before Flop (didn't bet)
Seat 7: e9b040b2(small blind) folded before Flop



