Poker Hand #ring_859601780: NLH No Limit ($1/$2) - 2025/05/05 14:31:38
Table 'MR NLH 1/2' 7-max Seat #6 is the button
Seat 7: a2f548cd ($387.94 in chips)
Seat 3: 5485f6a2 ($718.83 in chips)
Seat 4: 89427862 ($403.51 in chips)
Seat 6: 1b913dc2 ($168.52 in chips)
Seat 5: 2295ea95 ($142 in chips)
Seat 1: 9fca2e3a ($482.05 in chips)
Seat 2: Hero ($300.04 in chips)
a2f548cd: posts small blind $1
9fca2e3a: posts big blind $2
*** HOLE CARDS ***
Dealt to a2f548cd 
Dealt to 5485f6a2 
Dealt to 89427862 
Dealt to 1b913dc2 
Dealt to 2295ea95 
Dealt to 9fca2e3a 
Dealt to Hero [Td 5d]
Hero: folds
5485f6a2: folds
89427862: raises $3 to $5
2295ea95: folds
1b913dc2: folds
a2f548cd: folds
9fca2e3a: folds
Uncalled bet ($3) returned to 89427862
*** SHOWDOWN ***
89427862 collected $5 from pot
*** SUMMARY ***
Total pot $5
Seat 7: a2f548cd(small blind) folded before Flop
Seat 3: 5485f6a2 folded before Flop (didn't bet)
Seat 4: 89427862won ($5)
Seat 6: 1b913dc2 folded before Flop (didn't bet)
Seat 5: 2295ea95 folded before Flop (didn't bet)
Seat 1: 9fca2e3a(big blind) folded before Flop
Seat 2: Hero folded before Flop (didn't bet)



Poker Hand #ring_859601090: NLH No Limit ($1/$2) - 2025/05/05 14:30:54
Table 'MR NLH 1/2' 7-max Seat #5 is the button
Seat 7: a2f548cd ($389.94 in chips)
Seat 3: 5485f6a2 ($718.83 in chips)
Seat 4: 89427862 ($403.51 in chips)
Seat 6: 1b913dc2 ($174.52 in chips)
Seat 5: 2295ea95 ($142 in chips)
Seat 1: 9fca2e3a ($474.68 in chips)
Seat 2: Hero ($300.04 in chips)
1b913dc2: posts small blind $1
a2f548cd: posts big blind $2
*** HOLE CARDS ***
Dealt to a2f548cd 
Dealt to 5485f6a2 
Dealt to 89427862 
Dealt to 1b913dc2 
Dealt to 2295ea95 
Dealt to 9fca2e3a 
Dealt to Hero [Qs 6d]
9fca2e3a: raises $4 to $6
Hero: folds
5485f6a2: folds
89427862: folds
2295ea95: folds
1b913dc2: calls $5
a2f548cd: folds
*** FLOP *** [8c 7d 5s]
1b913dc2: checks
9fca2e3a: bets $7
1b913dc2: folds
Uncalled bet ($7) returned to 9fca2e3a
*** SHOWDOWN ***
9fca2e3a collected $14 from pot
*** SUMMARY ***
Total pot $14
Board [8c 7d 5s]
Seat 7: a2f548cd(big blind) folded before Flop
Seat 3: 5485f6a2 folded before Flop (didn't bet)
Seat 4: 89427862 folded before Flop (didn't bet)
Seat 6: 1b913dc2(small blind) folded on the Flop
Seat 5: 2295ea95 folded before Flop (didn't bet)
Seat 1: 9fca2e3awon ($14) with Jack-High
Seat 2: Hero folded before Flop (didn't bet)



Poker Hand #ring_859600362: NLH No Limit ($1/$2) - 2025/05/05 14:30:07
Table 'MR NLH 1/2' 7-max Seat #4 is the button
Seat 7: a2f548cd ($400.89 in chips)
Seat 3: 5485f6a2 ($718.83 in chips)
Seat 4: 89427862 ($403.51 in chips)
Seat 6: 1b913dc2 ($176.52 in chips)
Seat 5: 2295ea95 ($143 in chips)
Seat 1: 9fca2e3a ($462.35 in chips)
Seat 2: Hero ($300.04 in chips)
2295ea95: posts small blind $1
1b913dc2: posts big blind $2
*** HOLE CARDS ***
Dealt to a2f548cd 
Dealt to 5485f6a2 
Dealt to 89427862 
Dealt to 1b913dc2 
Dealt to 2295ea95 
Dealt to 9fca2e3a 
Dealt to Hero [Kh 8s]
a2f548cd: raises $4 to $6
9fca2e3a: calls $6
Hero: folds
5485f6a2: folds
89427862: folds
2295ea95: folds
1b913dc2: folds
*** FLOP *** [Qd Td 9h]
a2f548cd: bets $4.95
9fca2e3a: calls $4.95
*** TURN *** [Qd Td 9h] [9s]
a2f548cd: checks
9fca2e3a: checks
*** RIVER *** [Qd Td 9h 9s] [5d]
a2f548cd: checks
9fca2e3a: checks
9fca2e3a: shows [Th 7h]
a2f548cd: shows [5h 3h]
*** SHOWDOWN ***
9fca2e3a collected $24.9 from pot
*** SUMMARY ***
Total pot $24.9
Board [Qd Td 9h 9s 5d]
Seat 7: a2f548cd showed [5h 3h] and lost with Pair of Nines and Pair of Fives
Seat 3: 5485f6a2 folded before Flop (didn't bet)
Seat 4: 89427862 folded before Flop (didn't bet)
Seat 6: 1b913dc2(big blind) folded before Flop
Seat 5: 2295ea95(small blind) folded before Flop
Seat 1: 9fca2e3a showed [Th 7h] and won ($24.9) with Pair of Tens and Pair of Nines
Seat 2: Hero folded before Flop (didn't bet)



Poker Hand #ring_859599952: NLH No Limit ($1/$2) - 2025/05/05 14:29:39
Table 'MR NLH 1/2' 7-max Seat #3 is the button
Seat 7: a2f548cd ($400.89 in chips)
Seat 3: 5485f6a2 ($718.83 in chips)
Seat 4: 89427862 ($404.51 in chips)
Seat 6: 1b913dc2 ($176.52 in chips)
Seat 5: 2295ea95 ($145 in chips)
Seat 1: 9fca2e3a ($459.35 in chips)
Seat 2: Hero ($300.04 in chips)
89427862: posts small blind $1
2295ea95: posts big blind $2
*** HOLE CARDS ***
Dealt to a2f548cd 
Dealt to 5485f6a2 
Dealt to 89427862 
Dealt to 1b913dc2 
Dealt to 2295ea95 
Dealt to 9fca2e3a 
Dealt to Hero [3d 7h]
1b913dc2: folds
a2f548cd: folds
9fca2e3a: raises $4 to $6
Hero: folds
5485f6a2: folds
89427862: folds
2295ea95: folds
Uncalled bet ($4) returned to 9fca2e3a
*** SHOWDOWN ***
9fca2e3a collected $5 from pot
*** SUMMARY ***
Total pot $5
Seat 7: a2f548cd folded before Flop (didn't bet)
Seat 3: 5485f6a2 folded before Flop (didn't bet)
Seat 4: 89427862(small blind) folded before Flop
Seat 6: 1b913dc2 folded before Flop (didn't bet)
Seat 5: 2295ea95(big blind) folded before Flop
Seat 1: 9fca2e3awon ($5)
Seat 2: Hero folded before Flop (didn't bet)



Poker Hand #ring_859599428: NLH No Limit ($1/$2) - 2025/05/05 14:29:08
Table 'MR NLH 1/2' 7-max Seat #2 is the button
Seat 7: a2f548cd ($400.89 in chips)
Seat 3: 5485f6a2 ($719.83 in chips)
Seat 4: 89427862 ($406.51 in chips)
Seat 6: 1b913dc2 ($176.52 in chips)
Seat 5: 2295ea95 ($145 in chips)
Seat 1: 9fca2e3a ($456.35 in chips)
Seat 2: Hero ($300.04 in chips)
5485f6a2: posts small blind $1
89427862: posts big blind $2
*** HOLE CARDS ***
Dealt to a2f548cd 
Dealt to 5485f6a2 
Dealt to 89427862 
Dealt to 1b913dc2 
Dealt to 2295ea95 
Dealt to 9fca2e3a 
Dealt to Hero [7h 2d]
2295ea95: folds
1b913dc2: folds
a2f548cd: folds
9fca2e3a: raises $4 to $6
Hero: folds
5485f6a2: folds
89427862: folds
Uncalled bet ($4) returned to 9fca2e3a
*** SHOWDOWN ***
9fca2e3a collected $5 from pot
*** SUMMARY ***
Total pot $5
Seat 7: a2f548cd folded before Flop (didn't bet)
Seat 3: 5485f6a2(small blind) folded before Flop
Seat 4: 89427862(big blind) folded before Flop
Seat 6: 1b913dc2 folded before Flop (didn't bet)
Seat 5: 2295ea95 folded before Flop (didn't bet)
Seat 1: 9fca2e3awon ($5)
Seat 2: Hero folded before Flop (didn't bet)



Poker Hand #ring_859598447: NLH No Limit ($1/$2) - 2025/05/05 14:28:05
Table 'MR NLH 1/2' 7-max Seat #1 is the button
Seat 7: a2f548cd ($410.89 in chips)
Seat 3: 5485f6a2 ($729.83 in chips)
Seat 4: 89427862 ($416.51 in chips)
Seat 6: 1b913dc2 ($186.52 in chips)
Seat 5: 2295ea95 ($155 in chips)
Seat 1: 9fca2e3a ($400 in chips)
Seat 2: Hero ($310.04 in chips)
Hero: posts the ante $10
5485f6a2: posts the ante $10
89427862: posts the ante $10
2295ea95: posts the ante $10
1b913dc2: posts the ante $10
a2f548cd: posts the ante $10
9fca2e3a: posts the ante $10
*** HOLE CARDS ***
Dealt to a2f548cd 
Dealt to 5485f6a2 
Dealt to 89427862 
Dealt to 1b913dc2 
Dealt to 2295ea95 
Dealt to 9fca2e3a 
Dealt to Hero [Qc Ac]
*** FLOP *** [8c Kc 4s]
Hero: checks
5485f6a2: checks
89427862: checks
2295ea95: checks
1b913dc2: checks
a2f548cd: checks
9fca2e3a: checks
*** TURN *** [8c Kc 4s] [2s]
Hero: checks
5485f6a2: checks
89427862: checks
2295ea95: checks
1b913dc2: checks
a2f548cd: checks
9fca2e3a: checks
*** RIVER *** [8c Kc 4s 2s] [5h]
Hero: checks
5485f6a2: checks
89427862: checks
2295ea95: checks
1b913dc2: checks
a2f548cd: checks
9fca2e3a: checks
9fca2e3a: shows [3c 6d]
Hero: shows [Qc Ac]
5485f6a2: shows [6c 2d]
89427862: shows [Ah Jd]
2295ea95: shows [Ad 9h]
1b913dc2: shows [Jh 9s]
a2f548cd: shows [Td 5s]
*** SHOWDOWN ***
9fca2e3a collected $70 from pot
*** SUMMARY ***
Total pot $70
Board [8c Kc 4s 2s 5h]
Seat 7: a2f548cd showed [Td 5s] and lost with Pair of Fives
Seat 3: 5485f6a2(big blind) showed [6c 2d] and lost with Pair of Twos
Seat 4: 89427862 showed [Ah Jd] and lost with Ace-High
Seat 6: 1b913dc2 showed [Jh 9s] and lost with King-High
Seat 5: 2295ea95 showed [Ad 9h] and lost with Ace-High
Seat 1: 9fca2e3a showed [3c 6d] and won ($70) with Sixes-High Straight
Seat 2: Hero(small blind) showed [Qc Ac] and lost with Ace-High



Poker Hand #ring_859597845: NLH No Limit ($1/$2) - 2025/05/05 14:27:24
Table 'MR NLH 1/2' 7-max Seat #7 is the button
Seat 7: a2f548cd ($399.7 in chips)
Seat 3: 5485f6a2 ($729.83 in chips)
Seat 4: 89427862 ($416.51 in chips)
Seat 6: 1b913dc2 ($192.52 in chips)
Seat 5: 2295ea95 ($155 in chips)
Seat 2: Hero ($316.04 in chips)
Hero: posts big blind $2
*** HOLE CARDS ***
Dealt to a2f548cd 
Dealt to 5485f6a2 
Dealt to 89427862 
Dealt to 1b913dc2 
Dealt to 2295ea95 
Dealt to Hero [8s 5s]
5485f6a2: folds
89427862: folds
2295ea95: folds
1b913dc2: raises $4 to $6
a2f548cd: calls $6
Hero: calls $4
*** FLOP *** [Qd Jh Kc]
Hero: checks
1b913dc2: checks
a2f548cd: bets $18
Hero: folds
1b913dc2: folds
Uncalled bet ($18) returned to a2f548cd
*** SHOWDOWN ***
a2f548cd collected $18 from pot
*** SUMMARY ***
Total pot $18
Board [Qd Jh Kc]
Seat 7: a2f548cdwon ($18) with Kings-High Straight
Seat 3: 5485f6a2 folded before Flop (didn't bet)
Seat 4: 89427862 folded before Flop (didn't bet)
Seat 6: 1b913dc2 folded on the Flop
Seat 5: 2295ea95 folded before Flop (didn't bet)
Seat 2: Hero(big blind) folded on the Flop



Poker Hand #ring_859597329: NLH No Limit ($1/$2) - 2025/05/05 14:26:53
Table 'MR NLH 1/2' 7-max Seat #6 is the button
Seat 7: a2f548cd ($400.7 in chips)
Seat 1: a115f066 ($493.44 in chips)
Seat 3: 5485f6a2 ($729.83 in chips)
Seat 4: 89427862 ($416.51 in chips)
Seat 6: 1b913dc2 ($189.52 in chips)
Seat 5: 2295ea95 ($155 in chips)
Seat 2: Hero ($316.04 in chips)
a2f548cd: posts small blind $1
a115f066: posts big blind $2
*** HOLE CARDS ***
Dealt to a2f548cd 
Dealt to a115f066 
Dealt to 5485f6a2 
Dealt to 89427862 
Dealt to 1b913dc2 
Dealt to 2295ea95 
Dealt to Hero [8d Kc]
Hero: folds
5485f6a2: folds
89427862: folds
2295ea95: folds
1b913dc2: raises $6 to $8
a2f548cd: folds
a115f066: folds
Uncalled bet ($6) returned to 1b913dc2
*** SHOWDOWN ***
1b913dc2 collected $5 from pot
*** SUMMARY ***
Total pot $5
Seat 7: a2f548cd(small blind) folded before Flop
Seat 1: a115f066(big blind) folded before Flop
Seat 3: 5485f6a2 folded before Flop (didn't bet)
Seat 4: 89427862 folded before Flop (didn't bet)
Seat 6: 1b913dc2won ($5)
Seat 5: 2295ea95 folded before Flop (didn't bet)
Seat 2: Hero folded before Flop (didn't bet)



Poker Hand #ring_859595926: NLH No Limit ($1/$2) - 2025/05/05 14:25:24
Table 'MR NLH 1/2' 7-max Seat #5 is the button
Seat 7: a2f548cd ($356.44 in chips)
Seat 1: a115f066 ($493.44 in chips)
Seat 3: 5485f6a2 ($729.83 in chips)
Seat 4: 89427862 ($416.51 in chips)
Seat 6: 1b913dc2 ($213.52 in chips)
Seat 5: 2295ea95 ($179 in chips)
Seat 2: Hero ($316.04 in chips)
1b913dc2: posts small blind $1
a2f548cd: posts big blind $2
*** HOLE CARDS ***
Dealt to a2f548cd 
Dealt to a115f066 
Dealt to 5485f6a2 
Dealt to 89427862 
Dealt to 1b913dc2 
Dealt to 2295ea95 
Dealt to Hero [4c Ah]
a115f066: folds
Hero: folds
5485f6a2: folds
89427862: folds
2295ea95: raises $4 to $6
1b913dc2: calls $5
a2f548cd: raises $18 to $24
2295ea95: calls $18
1b913dc2: calls $18
*** FLOP *** [Ad 8s Jc]
1b913dc2: checks
a2f548cd: checks
2295ea95: checks
*** TURN *** [Ad 8s Jc] [Kc]
1b913dc2: checks
a2f548cd: checks
2295ea95: checks
*** RIVER *** [Ad 8s Jc Kc] [6c]
1b913dc2: checks
a2f548cd: bets $36
2295ea95: folds
1b913dc2: folds
Uncalled bet ($36) returned to a2f548cd
*** SHOWDOWN ***
a2f548cd collected $72 from pot
*** SUMMARY ***
Total pot $72
Board [Ad 8s Jc Kc 6c]
Seat 7: a2f548cd(big blind)won ($72) with Three Kings
Seat 1: a115f066 folded before Flop (didn't bet)
Seat 3: 5485f6a2 folded before Flop (didn't bet)
Seat 4: 89427862 folded before Flop (didn't bet)
Seat 6: 1b913dc2(small blind) folded on the River
Seat 5: 2295ea95 folded on the River
Seat 2: Hero folded before Flop (didn't bet)



Poker Hand #ring_859595251: NLH No Limit ($1/$2) - 2025/05/05 14:24:42
Table 'MR NLH 1/2' 7-max Seat #4 is the button
Seat 7: a2f548cd ($356.44 in chips)
Seat 1: a115f066 ($493.44 in chips)
Seat 3: 5485f6a2 ($729.83 in chips)
Seat 4: 89427862 ($411 in chips)
Seat 6: 1b913dc2 ($218.52 in chips)
Seat 5: 2295ea95 ($180 in chips)
Seat 2: Hero ($316.04 in chips)
2295ea95: posts small blind $1
1b913dc2: posts big blind $2
*** HOLE CARDS ***
Dealt to a2f548cd 
Dealt to a115f066 
Dealt to 5485f6a2 
Dealt to 89427862 
Dealt to 1b913dc2 
Dealt to 2295ea95 
Dealt to Hero [6h Tc]
a2f548cd: folds
a115f066: folds
Hero: folds
5485f6a2: folds
89427862: raises $3 to $5
2295ea95: folds
1b913dc2: calls $3
*** FLOP *** [8h Kh 7c]
1b913dc2: checks
89427862: bets $5.5
1b913dc2: folds
Uncalled bet ($5.5) returned to 89427862
*** SHOWDOWN ***
89427862 collected $11 from pot
*** SUMMARY ***
Total pot $11
Board [8h Kh 7c]
Seat 7: a2f548cd folded before Flop (didn't bet)
Seat 1: a115f066 folded before Flop (didn't bet)
Seat 3: 5485f6a2 folded before Flop (didn't bet)
Seat 4: 89427862won ($11) with Pair of Sevens
Seat 6: 1b913dc2(big blind) folded on the Flop
Seat 5: 2295ea95(small blind) folded before Flop
Seat 2: Hero folded before Flop (didn't bet)



Poker Hand #ring_859594556: NLH No Limit ($1/$2) - 2025/05/05 14:23:57
Table 'MR NLH 1/2' 7-max Seat #3 is the button
Seat 7: a2f548cd ($356.44 in chips)
Seat 1: a115f066 ($493.44 in chips)
Seat 3: 5485f6a2 ($738.83 in chips)
Seat 4: 89427862 ($398 in chips)
Seat 6: 1b913dc2 ($220.52 in chips)
Seat 5: 2295ea95 ($182 in chips)
Seat 2: Hero ($316.04 in chips)
89427862: posts small blind $1
2295ea95: posts big blind $2
*** HOLE CARDS ***
Dealt to a2f548cd 
Dealt to a115f066 
Dealt to 5485f6a2 
Dealt to 89427862 
Dealt to 1b913dc2 
Dealt to 2295ea95 
Dealt to Hero [4h 5s]
1b913dc2: calls $2
a2f548cd: folds
a115f066: folds
Hero: folds
5485f6a2: raises $7 to $9
89427862: raises $27 to $36
2295ea95: folds
1b913dc2: folds
5485f6a2: folds
Uncalled bet ($27) returned to 89427862
*** SHOWDOWN ***
89427862 collected $22 from pot
*** SUMMARY ***
Total pot $22
Seat 7: a2f548cd folded before Flop (didn't bet)
Seat 1: a115f066 folded before Flop (didn't bet)
Seat 3: 5485f6a2 folded before Flop
Seat 4: 89427862(small blind)won ($22)
Seat 6: 1b913dc2 folded before Flop
Seat 5: 2295ea95(big blind) folded before Flop
Seat 2: Hero folded before Flop (didn't bet)



Poker Hand #ring_859593914: NLH No Limit ($1/$2) - 2025/05/05 14:23:18
Table 'MR NLH 1/2' 7-max Seat #2 is the button
Seat 7: a2f548cd ($356.44 in chips)
Seat 1: a115f066 ($499.44 in chips)
Seat 3: 5485f6a2 ($728.83 in chips)
Seat 4: 89427862 ($400 in chips)
Seat 6: 1b913dc2 ($222.52 in chips)
Seat 5: 2295ea95 ($182 in chips)
Seat 2: Hero ($316.04 in chips)
5485f6a2: posts small blind $1
89427862: posts big blind $2
*** HOLE CARDS ***
Dealt to a2f548cd 
Dealt to a115f066 
Dealt to 5485f6a2 
Dealt to 89427862 
Dealt to 1b913dc2 
Dealt to 2295ea95 
Dealt to Hero [5s 3h]
2295ea95: folds
1b913dc2: calls $2
a2f548cd: folds
a115f066: raises $4 to $6
Hero: folds
5485f6a2: raises $28 to $34
89427862: folds
1b913dc2: folds
a115f066: folds
Uncalled bet ($28) returned to 5485f6a2
*** SHOWDOWN ***
5485f6a2 collected $16 from pot
*** SUMMARY ***
Total pot $16
Seat 7: a2f548cd folded before Flop (didn't bet)
Seat 1: a115f066 folded before Flop
Seat 3: 5485f6a2(small blind)won ($16)
Seat 4: 89427862(big blind) folded before Flop
Seat 6: 1b913dc2 folded before Flop
Seat 5: 2295ea95 folded before Flop (didn't bet)
Seat 2: Hero folded before Flop (didn't bet)



Poker Hand #ring_859593075: NLH No Limit ($1/$2) - 2025/05/05 14:22:26
Table 'MR NLH 1/2' 7-max Seat #1 is the button
Seat 7: a2f548cd ($311.67 in chips)
Seat 1: a115f066 ($543.94 in chips)
Seat 3: 5485f6a2 ($730.83 in chips)
Seat 6: 1b913dc2 ($224.52 in chips)
Seat 5: 2295ea95 ($182 in chips)
Seat 2: Hero ($317.04 in chips)
Seat 4: 6b8ac437 ($295.02 in chips)
Hero: posts small blind $1
5485f6a2: posts big blind $2
*** HOLE CARDS ***
Dealt to a2f548cd 
Dealt to a115f066 
Dealt to 5485f6a2 
Dealt to 1b913dc2 
Dealt to 2295ea95 
Dealt to Hero [6h 9h]
Dealt to 6b8ac437 
6b8ac437: folds
2295ea95: folds
1b913dc2: calls $2
a2f548cd: raises $4 to $6
a115f066: raises $15 to $21
Hero: folds
5485f6a2: folds
1b913dc2: folds
a2f548cd: raises $23.5 to $44.5
a115f066: calls $23.5
*** FLOP *** [8h Ks 4s]
a2f548cd: bets $47
a115f066: folds
Uncalled bet ($47) returned to a2f548cd
*** SHOWDOWN ***
a2f548cd collected $94 from pot
*** SUMMARY ***
Total pot $94
Board [8h Ks 4s]
Seat 7: a2f548cdwon ($94) with King-High
Seat 1: a115f066 folded on the Flop
Seat 3: 5485f6a2(big blind) folded before Flop
Seat 6: 1b913dc2 folded before Flop
Seat 5: 2295ea95 folded before Flop (didn't bet)
Seat 2: Hero(small blind) folded before Flop
Seat 4: 6b8ac437 folded before Flop (didn't bet)



Poker Hand #ring_859591585: NLH No Limit ($1/$2) - 2025/05/05 14:20:55
Table 'MR NLH 1/2' 7-max Seat #7 is the button
Seat 7: a2f548cd ($359.67 in chips)
Seat 1: a115f066 ($404.3 in chips)
Seat 3: 5485f6a2 ($779.83 in chips)
Seat 6: 1b913dc2 ($226.52 in chips)
Seat 5: 2295ea95 ($182 in chips)
Seat 2: Hero ($365.04 in chips)
Seat 4: 6b8ac437 ($297.02 in chips)
a115f066: posts small blind $1
Hero: posts big blind $2
5485f6a2: posts big blind $2
5485f6a2: posts small blind $1
*** HOLE CARDS ***
Dealt to a2f548cd 
Dealt to a115f066 
Dealt to 5485f6a2 
Dealt to 1b913dc2 
Dealt to 2295ea95 
Dealt to Hero [Th Td]
Dealt to 6b8ac437 
5485f6a2: checks
6b8ac437: calls $2
2295ea95: folds
1b913dc2: calls $2
a2f548cd: raises $14 to $16
a115f066: calls $15
Hero: calls $14
5485f6a2: raises $32 to $48
6b8ac437: folds
1b913dc2: folds
a2f548cd: calls $32
a115f066: calls $32
Hero: calls $32
*** FLOP *** [Qh 6h 5h]
a115f066: checks
Hero: checks
5485f6a2: checks
a2f548cd: checks
*** TURN *** [Qh 6h 5h] [Jc]
a115f066: bets $98.5
Hero: folds
5485f6a2: folds
a2f548cd: folds
Uncalled bet ($98.5) returned to a115f066
a115f066: shows [Qs]
*** SHOWDOWN ***
a115f066 collected $197 from pot
*** SUMMARY ***
Total pot $196
Board [Qh 6h 5h Jc]
Seat 7: a2f548cd folded on the Turn
Seat 1: a115f066(small blind) showed [Qs] and won ($197) with Pair of Queens
Seat 3: 5485f6a2 folded on the Turn
Seat 6: 1b913dc2 folded before Flop
Seat 5: 2295ea95 folded before Flop (didn't bet)
Seat 2: Hero(big blind) folded on the Turn
Seat 4: 6b8ac437 folded before Flop



Poker Hand #ring_859590591: NLH No Limit ($1/$2) - 2025/05/05 14:19:55
Table 'MR NLH 1/2' 7-max Seat #6 is the button
Seat 7: a2f548cd ($360.67 in chips)
Seat 1: a115f066 ($455.31 in chips)
Seat 6: 1b913dc2 ($226.52 in chips)
Seat 5: 2295ea95 ($182 in chips)
Seat 2: Hero ($312.43 in chips)
Seat 4: 6b8ac437 ($303.02 in chips)
a2f548cd: posts small blind $1
a115f066: posts big blind $2
*** HOLE CARDS ***
Dealt to a2f548cd 
Dealt to a115f066 
Dealt to 1b913dc2 
Dealt to 2295ea95 
Dealt to Hero [6h 5h]
Dealt to 6b8ac437 
Hero: raises $4 to $6
6b8ac437: calls $6
2295ea95: folds
1b913dc2: folds
a2f548cd: folds
a115f066: raises $20 to $26
Hero: calls $20
6b8ac437: folds
*** FLOP *** [8c 5s 9c]
a115f066: bets $25.01
Hero: calls $25.01
*** TURN *** [8c 5s 9c] [Tc]
a115f066: checks
Hero: bets $60
a115f066: folds
Uncalled bet ($60) returned to Hero
*** SHOWDOWN ***
Hero collected $109.02 from pot
*** SUMMARY ***
Total pot $109.02
Board [8c 5s 9c Tc]
Seat 7: a2f548cd(small blind) folded before Flop
Seat 1: a115f066(big blind) folded on the Turn
Seat 6: 1b913dc2 folded before Flop (didn't bet)
Seat 5: 2295ea95 folded before Flop (didn't bet)
Seat 2: Herowon ($109.02) with Pair of Fives
Seat 4: 6b8ac437 folded before Flop



Poker Hand #ring_859590065: NLH No Limit ($1/$2) - 2025/05/05 14:19:23
Table 'MR NLH 1/2' 7-max Seat #5 is the button
Seat 7: a2f548cd ($370.67 in chips)
Seat 1: a115f066 ($408.51 in chips)
Seat 6: 1b913dc2 ($236.52 in chips)
Seat 5: 2295ea95 ($192 in chips)
Seat 2: Hero ($322.43 in chips)
Seat 4: 6b8ac437 ($313.02 in chips)
1b913dc2: posts the ante $10
a2f548cd: posts the ante $10
a115f066: posts the ante $10
Hero: posts the ante $10
6b8ac437: posts the ante $10
2295ea95: posts the ante $10
*** HOLE CARDS ***
Dealt to a2f548cd 
Dealt to a115f066 
Dealt to 1b913dc2 
Dealt to 2295ea95 
Dealt to Hero [7d Jh]
Dealt to 6b8ac437 
*** FLOP *** [5c 4c 6c]
1b913dc2: checks
a2f548cd: checks
a115f066: bets $30
Hero: folds
6b8ac437: folds
2295ea95: folds
1b913dc2: folds
a2f548cd: folds
Uncalled bet ($30) returned to a115f066
*** SHOWDOWN ***
a115f066 collected $60 from pot
*** SUMMARY ***
Total pot $60
Board [5c 4c 6c]
Seat 7: a2f548cd(big blind) folded on the Flop
Seat 1: a115f066won ($60) with Pair of Sixes and Pair of Fours
Seat 6: 1b913dc2(small blind) folded on the Flop
Seat 5: 2295ea95 folded on the Flop
Seat 2: Hero folded on the Flop
Seat 4: 6b8ac437 folded on the Flop



Poker Hand #ring_859589571: NLH No Limit ($1/$2) - 2025/05/05 14:18:53
Table 'MR NLH 1/2' 7-max Seat #4 is the button
Seat 7: a2f548cd ($365.98 in chips)
Seat 1: a115f066 ($408.51 in chips)
Seat 6: 1b913dc2 ($238.52 in chips)
Seat 5: 2295ea95 ($193 in chips)
Seat 2: Hero ($322.43 in chips)
Seat 4: 6b8ac437 ($315.02 in chips)
2295ea95: posts small blind $1
1b913dc2: posts big blind $2
*** HOLE CARDS ***
Dealt to a2f548cd 
Dealt to a115f066 
Dealt to 1b913dc2 
Dealt to 2295ea95 
Dealt to Hero [Kc 3h]
Dealt to 6b8ac437 
a2f548cd: calls $2
a115f066: folds
Hero: folds
6b8ac437: calls $2
2295ea95: folds
1b913dc2: checks
*** FLOP *** [Td 3c 6s]
1b913dc2: checks
a2f548cd: bets $2.31
6b8ac437: folds
1b913dc2: folds
Uncalled bet ($2.31) returned to a2f548cd
*** SHOWDOWN ***
a2f548cd collected $7 from pot
*** SUMMARY ***
Total pot $7
Board [Td 3c 6s]
Seat 7: a2f548cdwon ($7) with Ace-High
Seat 1: a115f066 folded before Flop (didn't bet)
Seat 6: 1b913dc2(big blind) folded on the Flop
Seat 5: 2295ea95(small blind) folded before Flop
Seat 2: Hero folded before Flop (didn't bet)
Seat 4: 6b8ac437 folded on the Flop



Poker Hand #ring_859587665: NLH No Limit ($1/$2) - 2025/05/05 14:16:54
Table 'MR NLH 1/2' 7-max Seat #2 is the button
Seat 7: a2f548cd ($322.22 in chips)
Seat 1: a115f066 ($412.51 in chips)
Seat 6: 1b913dc2 ($242.52 in chips)
Seat 5: 2295ea95 ($197 in chips)
Seat 2: Hero ($354.27 in chips)
Seat 4: 6b8ac437 ($319.02 in chips)
6b8ac437: posts small blind $1
2295ea95: posts big blind $2
*** HOLE CARDS ***
Dealt to a2f548cd 
Dealt to a115f066 
Dealt to 1b913dc2 
Dealt to 2295ea95 
Dealt to Hero [Jc 9d]
Dealt to 6b8ac437 
1b913dc2: raises $2 to $4
a2f548cd: calls $4
a115f066: calls $4
Hero: calls $4
6b8ac437: calls $3
2295ea95: calls $2
*** FLOP *** [Jd 3c 3d]
6b8ac437: checks
2295ea95: checks
1b913dc2: checks
a2f548cd: bets $12
a115f066: folds
Hero: calls $12
6b8ac437: folds
2295ea95: folds
1b913dc2: folds
*** TURN *** [Jd 3c 3d] [3s]
a2f548cd: bets $15.84
Hero: calls $15.84
*** RIVER *** [Jd 3c 3d 3s] [Kc]
a2f548cd: bets $120
Hero: folds
Uncalled bet ($120) returned to a2f548cd
*** SHOWDOWN ***
a2f548cd collected $79.68 from pot
*** SUMMARY ***
Total pot $79.68
Board [Jd 3c 3d 3s Kc]
Seat 7: a2f548cdwon ($79.68) with Treys Full over Kings
Seat 1: a115f066 folded on the Flop
Seat 6: 1b913dc2 folded on the Flop
Seat 5: 2295ea95(big blind) folded on the Flop
Seat 2: Hero folded on the River
Seat 4: 6b8ac437(small blind) folded on the Flop



Poker Hand #ring_859586959: NLH No Limit ($1/$2) - 2025/05/05 14:16:11
Table 'MR NLH 1/2' 7-max Seat #1 is the button
Seat 7: a2f548cd ($322.22 in chips)
Seat 1: a115f066 ($401.95 in chips)
Seat 6: 1b913dc2 ($251.52 in chips)
Seat 5: 2295ea95 ($197 in chips)
Seat 2: Hero ($355.27 in chips)
Seat 4: 6b8ac437 ($321.02 in chips)
Hero: posts small blind $1
6b8ac437: posts big blind $2
*** HOLE CARDS ***
Dealt to a2f548cd 
Dealt to a115f066 
Dealt to 1b913dc2 
Dealt to 2295ea95 
Dealt to Hero [Th Qs]
Dealt to 6b8ac437 
2295ea95: folds
1b913dc2: calls $2
a2f548cd: folds
a115f066: raises $7 to $9
Hero: folds
6b8ac437: folds
1b913dc2: calls $7
*** FLOP *** [5d Qd 8c]
1b913dc2: checks
a115f066: bets $6.93
1b913dc2: folds
Uncalled bet ($6.93) returned to a115f066
*** SHOWDOWN ***
a115f066 collected $21 from pot
*** SUMMARY ***
Total pot $21
Board [5d Qd 8c]
Seat 7: a2f548cd folded before Flop (didn't bet)
Seat 1: a115f066won ($21) with Ace-High
Seat 6: 1b913dc2 folded on the Flop
Seat 5: 2295ea95 folded before Flop (didn't bet)
Seat 2: Hero(small blind) folded before Flop
Seat 4: 6b8ac437(big blind) folded before Flop



Poker Hand #ring_859586456: NLH No Limit ($1/$2) - 2025/05/05 14:15:40
Table 'MR NLH 1/2' 7-max Seat #7 is the button
Seat 7: a2f548cd ($322.22 in chips)
Seat 1: a115f066 ($402.95 in chips)
Seat 6: 1b913dc2 ($243.28 in chips)
Seat 5: 2295ea95 ($197 in chips)
Seat 2: Hero ($363.27 in chips)
Seat 4: 6b8ac437 ($321.02 in chips)
a115f066: posts small blind $1
Hero: posts big blind $2
*** HOLE CARDS ***
Dealt to a2f548cd 
Dealt to a115f066 
Dealt to 1b913dc2 
Dealt to 2295ea95 
Dealt to Hero [8d Kd]
Dealt to 6b8ac437 
6b8ac437: folds
2295ea95: folds
1b913dc2: raises $6 to $8
a2f548cd: folds
a115f066: folds
Hero: calls $6
*** FLOP *** [3s 7h 6h]
Hero: checks
1b913dc2: bets $8.5
Hero: folds
Uncalled bet ($8.5) returned to 1b913dc2
*** SHOWDOWN ***
1b913dc2 collected $17 from pot
*** SUMMARY ***
Total pot $17
Board [3s 7h 6h]
Seat 7: a2f548cd folded before Flop (didn't bet)
Seat 1: a115f066(small blind) folded before Flop
Seat 6: 1b913dc2won ($17) with Pair of Jacks
Seat 5: 2295ea95 folded before Flop (didn't bet)
Seat 2: Hero(big blind) folded on the Flop
Seat 4: 6b8ac437 folded before Flop (didn't bet)



Poker Hand #ring_859585716: NLH No Limit ($1/$2) - 2025/05/05 14:14:56
Table 'MR NLH 1/2' 7-max Seat #6 is the button
Seat 7: a2f548cd ($306.22 in chips)
Seat 1: a115f066 ($404.95 in chips)
Seat 6: 1b913dc2 ($249.28 in chips)
Seat 5: 2295ea95 ($203 in chips)
Seat 2: Hero ($363.27 in chips)
Seat 4: 6b8ac437 ($323.02 in chips)
a2f548cd: posts small blind $1
a115f066: posts big blind $2
*** HOLE CARDS ***
Dealt to a2f548cd 
Dealt to a115f066 
Dealt to 1b913dc2 
Dealt to 2295ea95 
Dealt to Hero [8s Qc]
Dealt to 6b8ac437 
Hero: folds
6b8ac437: calls $2
2295ea95: raises $4 to $6
1b913dc2: calls $6
a2f548cd: raises $300.22 to $306.22 and is all-in
a115f066: folds
6b8ac437: folds
2295ea95: folds
1b913dc2: folds
Uncalled bet ($300.22) returned to a2f548cd
*** SHOWDOWN ***
a2f548cd collected $22 from pot
*** SUMMARY ***
Total pot $22
Seat 7: a2f548cd(small blind)won ($22)
Seat 1: a115f066(big blind) folded before Flop
Seat 6: 1b913dc2 folded before Flop
Seat 5: 2295ea95 folded before Flop
Seat 2: Hero folded before Flop (didn't bet)
Seat 4: 6b8ac437 folded before Flop



Poker Hand #ring_859585056: NLH No Limit ($1/$2) - 2025/05/05 14:14:14
Table 'MR NLH 1/2' 7-max Seat #5 is the button
Seat 7: a2f548cd ($308.22 in chips)
Seat 1: a115f066 ($404.95 in chips)
Seat 3: 5485f6a2 ($779.83 in chips)
Seat 6: 1b913dc2 ($250.28 in chips)
Seat 5: 2295ea95 ($200 in chips)
Seat 2: Hero ($363.27 in chips)
Seat 4: 6b8ac437 ($323.02 in chips)
1b913dc2: posts small blind $1
a2f548cd: posts big blind $2
2295ea95: posts big blind $2
*** HOLE CARDS ***
Dealt to a2f548cd 
Dealt to a115f066 
Dealt to 5485f6a2 
Dealt to 1b913dc2 
Dealt to 2295ea95 
Dealt to Hero [6c 5d]
Dealt to 6b8ac437 
a115f066: folds
Hero: folds
5485f6a2: folds
6b8ac437: folds
2295ea95: raises $4 to $6
1b913dc2: folds
a2f548cd: folds
Uncalled bet ($4) returned to 2295ea95
*** SHOWDOWN ***
2295ea95 collected $5 from pot
*** SUMMARY ***
Total pot $5
Seat 7: a2f548cd(big blind) folded before Flop
Seat 1: a115f066 folded before Flop (didn't bet)
Seat 3: 5485f6a2 folded before Flop (didn't bet)
Seat 6: 1b913dc2(small blind) folded before Flop
Seat 5: 2295ea95won ($5)
Seat 2: Hero folded before Flop (didn't bet)
Seat 4: 6b8ac437 folded before Flop (didn't bet)



Poker Hand #ring_859584334: NLH No Limit ($1/$2) - 2025/05/05 14:13:31
Table 'MR NLH 1/2' 7-max Seat #4 is the button
Seat 7: a2f548cd ($308.22 in chips)
Seat 1: a115f066 ($417.95 in chips)
Seat 3: 5485f6a2 ($779.83 in chips)
Seat 6: 1b913dc2 ($252.28 in chips)
Seat 2: Hero ($363.27 in chips)
Seat 4: 6b8ac437 ($309.78 in chips)
1b913dc2: posts big blind $2
*** HOLE CARDS ***
Dealt to a2f548cd 
Dealt to a115f066 
Dealt to 5485f6a2 
Dealt to 1b913dc2 
Dealt to Hero [2s 6s]
Dealt to 6b8ac437 
a2f548cd: folds
a115f066: raises $4 to $6
Hero: folds
5485f6a2: folds
6b8ac437: calls $6
1b913dc2: folds
*** FLOP *** [Qs 2h 4c]
a115f066: bets $7
6b8ac437: calls $7
*** TURN *** [Qs 2h 4c] [3s]
a115f066: checks
6b8ac437: bets $21
a115f066: folds
Uncalled bet ($21) returned to 6b8ac437
*** SHOWDOWN ***
6b8ac437 collected $28 from pot
*** SUMMARY ***
Total pot $28
Board [Qs 2h 4c 3s]
Seat 7: a2f548cd folded before Flop (didn't bet)
Seat 1: a115f066 folded on the Turn
Seat 3: 5485f6a2 folded before Flop (didn't bet)
Seat 6: 1b913dc2(big blind) folded before Flop
Seat 2: Hero folded before Flop (didn't bet)
Seat 4: 6b8ac437won ($28) with Pair of Fives



Poker Hand #ring_859583459: NLH No Limit ($1/$2) - 2025/05/05 14:12:36
Table 'MR NLH 1/2' 7-max Seat #3 is the button
Seat 7: a2f548cd ($314.22 in chips)
Seat 1: a115f066 ($244.6 in chips)
Seat 3: 5485f6a2 ($779.83 in chips)
Seat 6: 1b913dc2 ($252.28 in chips)
Seat 2: Hero ($380.52 in chips)
Seat 5: f4a9a75d ($165.59 in chips)
Seat 4: 6b8ac437 ($310.78 in chips)
6b8ac437: posts small blind $1
f4a9a75d: posts big blind $2
*** HOLE CARDS ***
Dealt to a2f548cd 
Dealt to a115f066 
Dealt to 5485f6a2 
Dealt to 1b913dc2 
Dealt to Hero [9c 9s]
Dealt to f4a9a75d 
Dealt to 6b8ac437 
1b913dc2: folds
a2f548cd: raises $4 to $6
a115f066: raises $11.25 to $17.25
Hero: calls $17.25
5485f6a2: folds
6b8ac437: folds
f4a9a75d: raises $67.06 to $84.31
a2f548cd: folds
a115f066: raises $160.29 to $244.6 and is all-in
Hero: folds
f4a9a75d: calls $81.28 and is all-in
Uncalled bet ($79.01) returned to a115f066
a115f066: shows [Td Th]
f4a9a75d: shows [Ad Kc]
*** FLOP *** [Qs Jc 8h]
*** TURN *** [Qs Jc 8h] [6h]
*** RIVER *** [Qs Jc 8h 6h] [4h]
*** SHOWDOWN ***
a115f066 collected $355.43 from pot
*** SUMMARY ***
Total pot $355.43
Board [Qs Jc 8h 6h 4h]
Seat 7: a2f548cd folded before Flop
Seat 1: a115f066 showed [Td Th] and won ($355.43) with Pair of Tens
Seat 3: 5485f6a2 folded before Flop (didn't bet)
Seat 6: 1b913dc2 folded before Flop (didn't bet)
Seat 2: Hero folded before Flop
Seat 5: f4a9a75d(big blind) showed [Ad Kc] and lost with Ace-High
Seat 4: 6b8ac437(small blind) folded before Flop



Poker Hand #ring_859582160: NLH No Limit ($1/$2) - 2025/05/05 14:11:16
Table 'MR NLH 1/2' 7-max Seat #2 is the button
Seat 7: a2f548cd ($311 in chips)
Seat 1: a115f066 ($241.39 in chips)
Seat 3: 5485f6a2 ($780.83 in chips)
Seat 6: 1b913dc2 ($252.28 in chips)
Seat 2: Hero ($380.52 in chips)
Seat 5: f4a9a75d ($192.59 in chips)
Seat 4: 6b8ac437 ($312.78 in chips)
5485f6a2: posts small blind $1
6b8ac437: posts big blind $2
*** HOLE CARDS ***
Dealt to a2f548cd 
Dealt to a115f066 
Dealt to 5485f6a2 
Dealt to 1b913dc2 
Dealt to Hero [Ts Qc]
Dealt to f4a9a75d 
Dealt to 6b8ac437 
f4a9a75d: raises $4 to $6
1b913dc2: folds
a2f548cd: calls $6
a115f066: raises $21 to $27
Hero: folds
5485f6a2: folds
6b8ac437: folds
f4a9a75d: calls $21
a2f548cd: raises $53 to $80
a115f066: raises $161.39 to $241.39 and is all-in
f4a9a75d: folds
a2f548cd: calls $161.39
a115f066: shows [Qh As]
a2f548cd: shows [Qs Ad]
*** FLOP *** [8c 4c Jh]
*** TURN *** [8c 4c Jh] [Js]
*** RIVER *** [8c 4c Jh Js] [Tc]
*** SHOWDOWN ***
a115f066 collected $256.39 from pot
a2f548cd collected $256.39 from pot
*** SUMMARY ***
Total pot $512.78
Board [8c 4c Jh Js Tc]
Seat 7: a2f548cd showed [Qs Ad] and won ($256.39) with Pair of Jacks
Seat 1: a115f066 showed [Qh As] and won ($256.39) with Pair of Jacks
Seat 3: 5485f6a2(small blind) folded before Flop
Seat 6: 1b913dc2 folded before Flop (didn't bet)
Seat 2: Hero folded before Flop (didn't bet)
Seat 5: f4a9a75d folded before Flop
Seat 4: 6b8ac437(big blind) folded before Flop



Poker Hand #ring_859581059: NLH No Limit ($1/$2) - 2025/05/05 14:10:07
Table 'MR NLH 1/2' 7-max Seat #1 is the button
Seat 7: a2f548cd ($342 in chips)
Seat 1: a115f066 ($251.39 in chips)
Seat 3: 5485f6a2 ($790.83 in chips)
Seat 6: 1b913dc2 ($262.28 in chips)
Seat 2: Hero ($351.1 in chips)
Seat 5: f4a9a75d ($202.59 in chips)
Seat 4: 6b8ac437 ($283.37 in chips)
Hero: posts the ante $10
5485f6a2: posts the ante $10
6b8ac437: posts the ante $10
f4a9a75d: posts the ante $10
1b913dc2: posts the ante $10
a2f548cd: posts the ante $10
a115f066: posts the ante $10
*** HOLE CARDS ***
Dealt to a2f548cd 
Dealt to a115f066 
Dealt to 5485f6a2 
Dealt to 1b913dc2 
Dealt to Hero [Qs Tc]
Dealt to f4a9a75d 
Dealt to 6b8ac437 
*** FLOP *** [4c Td 5c]
Hero: bets $21
5485f6a2: folds
6b8ac437: calls $21
f4a9a75d: folds
1b913dc2: folds
a2f548cd: calls $21
a115f066: folds
*** TURN *** [4c Td 5c] [5d]
Hero: bets $63.18
6b8ac437: calls $63.18
a2f548cd: folds
*** RIVER *** [4c Td 5c 5d] [5s]
Hero: checks
6b8ac437: checks
Hero: shows [Qs Tc]
6b8ac437: shows [6c Ts]
*** SHOWDOWN ***
Hero collected $129.68 from pot
6b8ac437 collected $129.68 from pot
*** SUMMARY ***
Total pot $259.36
Board [4c Td 5c 5d 5s]
Seat 7: a2f548cd folded on the Turn
Seat 1: a115f066 folded on the Flop
Seat 3: 5485f6a2(big blind) folded on the Flop
Seat 6: 1b913dc2 folded on the Flop
Seat 2: Hero(small blind) showed [Qs Tc] and won ($129.68) with Fives Full over Tens
Seat 5: f4a9a75d folded on the Flop
Seat 4: 6b8ac437 showed [6c Ts] and won ($129.68) with Fives Full over Tens



Poker Hand #ring_859580316: NLH No Limit ($1/$2) - 2025/05/05 14:09:22
Table 'MR NLH 1/2' 7-max Seat #7 is the button
Seat 7: a2f548cd ($342 in chips)
Seat 1: a115f066 ($251.27 in chips)
Seat 3: 5485f6a2 ($790.83 in chips)
Seat 6: 1b913dc2 ($262.28 in chips)
Seat 2: Hero ($353.1 in chips)
Seat 5: f4a9a75d ($202.59 in chips)
Seat 4: 6b8ac437 ($283.25 in chips)
a115f066: posts small blind $1
Hero: posts big blind $2
*** HOLE CARDS ***
Dealt to a2f548cd 
Dealt to a115f066 
Dealt to 5485f6a2 
Dealt to 1b913dc2 
Dealt to Hero [7d 2d]
Dealt to f4a9a75d 
Dealt to 6b8ac437 
5485f6a2: folds
6b8ac437: raises $4 to $6
f4a9a75d: folds
1b913dc2: folds
a2f548cd: folds
a115f066: calls $5
Hero: folds
*** FLOP *** [6s 3c Jc]
a115f066: checks
6b8ac437: checks
*** TURN *** [6s 3c Jc] [3s]
a115f066: checks
6b8ac437: checks
*** RIVER *** [6s 3c Jc 3s] [Ac]
a115f066: checks
6b8ac437: bets $7
a115f066: calls $7
a115f066: shows [Ah 9c]
6b8ac437: shows [Ad 8h]
*** SHOWDOWN ***
a115f066 collected $14 from pot
6b8ac437 collected $14 from pot
*** SUMMARY ***
Total pot $28
Board [6s 3c Jc 3s Ac]
Seat 7: a2f548cd folded before Flop (didn't bet)
Seat 1: a115f066(small blind) showed [Ah 9c] and won ($14) with Pair of Aces and Pair of Treys
Seat 3: 5485f6a2 folded before Flop (didn't bet)
Seat 6: 1b913dc2 folded before Flop (didn't bet)
Seat 2: Hero(big blind) folded before Flop
Seat 5: f4a9a75d folded before Flop (didn't bet)
Seat 4: 6b8ac437 showed [Ad 8h] and won ($14) with Pair of Aces and Pair of Treys



Poker Hand #ring_859579662: NLH No Limit ($1/$2) - 2025/05/05 14:08:40
Table 'MR NLH 1/2' 7-max Seat #6 is the button
Seat 7: a2f548cd ($343 in chips)
Seat 1: a115f066 ($270.27 in chips)
Seat 3: 5485f6a2 ($790.83 in chips)
Seat 6: 1b913dc2 ($262.28 in chips)
Seat 2: Hero ($353.1 in chips)
Seat 5: f4a9a75d ($182.59 in chips)
Seat 4: 6b8ac437 ($283.25 in chips)
a2f548cd: posts small blind $1
a115f066: posts big blind $2
*** HOLE CARDS ***
Dealt to a2f548cd 
Dealt to a115f066 
Dealt to 5485f6a2 
Dealt to 1b913dc2 
Dealt to Hero [7s Td]
Dealt to f4a9a75d 
Dealt to 6b8ac437 
Hero: folds
5485f6a2: folds
6b8ac437: folds
f4a9a75d: raises $4 to $6
1b913dc2: folds
a2f548cd: folds
a115f066: raises $13 to $19
f4a9a75d: raises $62.04 to $81.04
a115f066: folds
Uncalled bet ($62.04) returned to f4a9a75d
*** SHOWDOWN ***
f4a9a75d collected $39 from pot
*** SUMMARY ***
Total pot $39
Seat 7: a2f548cd(small blind) folded before Flop
Seat 1: a115f066(big blind) folded before Flop
Seat 3: 5485f6a2 folded before Flop (didn't bet)
Seat 6: 1b913dc2 folded before Flop (didn't bet)
Seat 2: Hero folded before Flop (didn't bet)
Seat 5: f4a9a75dwon ($39)
Seat 4: 6b8ac437 folded before Flop (didn't bet)



Poker Hand #ring_859579085: NLH No Limit ($1/$2) - 2025/05/05 14:08:03
Table 'MR NLH 1/2' 7-max Seat #5 is the button
Seat 7: a2f548cd ($330 in chips)
Seat 1: a115f066 ($276.27 in chips)
Seat 3: 5485f6a2 ($790.83 in chips)
Seat 6: 1b913dc2 ($263.28 in chips)
Seat 2: Hero ($353.1 in chips)
Seat 5: f4a9a75d ($188.59 in chips)
Seat 4: 6b8ac437 ($283.25 in chips)
1b913dc2: posts small blind $1
a2f548cd: posts big blind $2
*** HOLE CARDS ***
Dealt to a2f548cd 
Dealt to a115f066 
Dealt to 5485f6a2 
Dealt to 1b913dc2 
Dealt to Hero [Kd 4d]
Dealt to f4a9a75d 
Dealt to 6b8ac437 
a115f066: raises $4 to $6
Hero: folds
5485f6a2: folds
6b8ac437: folds
f4a9a75d: calls $6
1b913dc2: folds
a2f548cd: raises $24 to $30
a115f066: folds
f4a9a75d: folds
Uncalled bet ($24) returned to a2f548cd
*** SHOWDOWN ***
a2f548cd collected $19 from pot
*** SUMMARY ***
Total pot $19
Seat 7: a2f548cd(big blind)won ($19)
Seat 1: a115f066 folded before Flop
Seat 3: 5485f6a2 folded before Flop (didn't bet)
Seat 6: 1b913dc2(small blind) folded before Flop
Seat 2: Hero folded before Flop (didn't bet)
Seat 5: f4a9a75d folded before Flop
Seat 4: 6b8ac437 folded before Flop (didn't bet)



Poker Hand #ring_859578140: NLH No Limit ($1/$2) - 2025/05/05 14:07:03
Table 'MR NLH 1/2' 7-max Seat #4 is the button
Seat 7: a2f548cd ($330 in chips)
Seat 1: a115f066 ($276.27 in chips)
Seat 3: 5485f6a2 ($790.83 in chips)
Seat 6: 1b913dc2 ($265.28 in chips)
Seat 2: Hero ($353.1 in chips)
Seat 5: f4a9a75d ($190.59 in chips)
Seat 4: 6b8ac437 ($279.52 in chips)
f4a9a75d: posts small blind $1
1b913dc2: posts big blind $2
*** HOLE CARDS ***
Dealt to a2f548cd 
Dealt to a115f066 
Dealt to 5485f6a2 
Dealt to 1b913dc2 
Dealt to Hero [3c 2h]
Dealt to f4a9a75d 
Dealt to 6b8ac437 
a2f548cd: folds
a115f066: folds
Hero: folds
5485f6a2: folds
6b8ac437: calls $2
f4a9a75d: calls $1
1b913dc2: checks
*** FLOP *** [5d Js 9d]
f4a9a75d: checks
1b913dc2: checks
6b8ac437: bets $3
f4a9a75d: folds
1b913dc2: folds
Uncalled bet ($3) returned to 6b8ac437
*** SHOWDOWN ***
6b8ac437 collected $6 from pot
*** SUMMARY ***
Total pot $6
Board [5d Js 9d]
Seat 7: a2f548cd folded before Flop (didn't bet)
Seat 1: a115f066 folded before Flop (didn't bet)
Seat 3: 5485f6a2 folded before Flop (didn't bet)
Seat 6: 1b913dc2(big blind) folded on the Flop
Seat 2: Hero folded before Flop (didn't bet)
Seat 5: f4a9a75d(small blind) folded on the Flop
Seat 4: 6b8ac437won ($6) with Ace-High



Poker Hand #ring_859576540: NLH No Limit ($1/$2) - 2025/05/05 14:05:23
Table 'MR NLH 1/2' 7-max Seat #3 is the button
Seat 7: a2f548cd ($330 in chips)
Seat 1: a115f066 ($276.27 in chips)
Seat 3: 5485f6a2 ($794.83 in chips)
Seat 6: 1b913dc2 ($254 in chips)
Seat 2: Hero ($353.1 in chips)
Seat 5: f4a9a75d ($194.59 in chips)
Seat 4: 6b8ac437 ($283.52 in chips)
6b8ac437: posts small blind $1
f4a9a75d: posts big blind $2
*** HOLE CARDS ***
Dealt to a2f548cd 
Dealt to a115f066 
Dealt to 5485f6a2 
Dealt to 1b913dc2 
Dealt to Hero [6c 8s]
Dealt to f4a9a75d 
Dealt to 6b8ac437 
1b913dc2: calls $2
a2f548cd: folds
a115f066: folds
Hero: folds
5485f6a2: raises $2 to $4
6b8ac437: calls $3
f4a9a75d: calls $2
1b913dc2: calls $2
*** FLOP *** [4d Qd 2h]
6b8ac437: checks
f4a9a75d: checks
1b913dc2: checks
5485f6a2: checks
*** TURN *** [4d Qd 2h] [5c]
6b8ac437: checks
f4a9a75d: checks
1b913dc2: bets $8
5485f6a2: folds
6b8ac437: folds
f4a9a75d: folds
Uncalled bet ($8) returned to 1b913dc2
*** SHOWDOWN ***
1b913dc2 collected $16 from pot
*** SUMMARY ***
Total pot $16
Board [4d Qd 2h 5c]
Seat 7: a2f548cd folded before Flop (didn't bet)
Seat 1: a115f066 folded before Flop (didn't bet)
Seat 3: 5485f6a2 folded on the Turn
Seat 6: 1b913dc2won ($16) with Fives-High Straight
Seat 2: Hero folded before Flop (didn't bet)
Seat 5: f4a9a75d(big blind) folded on the Turn
Seat 4: 6b8ac437(small blind) folded on the Turn



Poker Hand #ring_859574609: NLH No Limit ($1/$2) - 2025/05/05 14:03:21
Table 'MR NLH 1/2' 7-max Seat #2 is the button
Seat 7: a2f548cd ($330 in chips)
Seat 1: a115f066 ($289.52 in chips)
Seat 3: 5485f6a2 ($799.83 in chips)
Seat 6: 1b913dc2 ($254 in chips)
Seat 2: Hero ($403.35 in chips)
Seat 5: f4a9a75d ($127.15 in chips)
Seat 4: 6b8ac437 ($288.52 in chips)
5485f6a2: posts small blind $1
6b8ac437: posts big blind $2
*** HOLE CARDS ***
Dealt to a2f548cd 
Dealt to a115f066 
Dealt to 5485f6a2 
Dealt to 1b913dc2 
Dealt to Hero [2d 3d]
Dealt to f4a9a75d 
Dealt to 6b8ac437 
f4a9a75d: calls $2
1b913dc2: folds
a2f548cd: folds
a115f066: raises $3 to $5
Hero: calls $5
5485f6a2: calls $4
6b8ac437: calls $3
f4a9a75d: calls $3
*** FLOP *** [Ad Ts Kd]
5485f6a2: checks
6b8ac437: checks
f4a9a75d: checks
a115f066: bets $8.25
Hero: calls $8.25
5485f6a2: folds
6b8ac437: folds
f4a9a75d: calls $8.25
*** TURN *** [Ad Ts Kd] [Qc]
f4a9a75d: checks
a115f066: checks
Hero: checks
*** RIVER *** [Ad Ts Kd Qc] [5c]
f4a9a75d: checks
a115f066: checks
Hero: bets $37
f4a9a75d: calls $37
a115f066: folds
Hero: shows [2d 3d]
f4a9a75d: shows [Td Kh]
*** SHOWDOWN ***
f4a9a75d collected $123.75 from pot
*** SUMMARY ***
Total pot $123.75
Board [Ad Ts Kd Qc 5c]
Seat 7: a2f548cd folded before Flop (didn't bet)
Seat 1: a115f066 folded on the River
Seat 3: 5485f6a2(small blind) folded on the Flop
Seat 6: 1b913dc2 folded before Flop (didn't bet)
Seat 2: Hero showed [2d 3d] and lost with Ace-High
Seat 5: f4a9a75d showed [Td Kh] and won ($123.75) with Pair of Kings and Pair of Tens
Seat 4: 6b8ac437(big blind) folded on the Flop



Poker Hand #ring_859573532: NLH No Limit ($1/$2) - 2025/05/05 14:02:12
Table 'MR NLH 1/2' 7-max Seat #1 is the button
Seat 7: a2f548cd ($325 in chips)
Seat 1: a115f066 ($289.52 in chips)
Seat 3: 5485f6a2 ($801.83 in chips)
Seat 6: 1b913dc2 ($256 in chips)
Seat 2: Hero ($404.35 in chips)
Seat 5: f4a9a75d ($127.15 in chips)
Seat 4: 6b8ac437 ($288.52 in chips)
Hero: posts small blind $1
5485f6a2: posts big blind $2
1b913dc2: posts big blind $2
*** HOLE CARDS ***
Dealt to a2f548cd 
Dealt to a115f066 
Dealt to 5485f6a2 
Dealt to 1b913dc2 
Dealt to Hero [8s Ac]
Dealt to f4a9a75d 
Dealt to 6b8ac437 
6b8ac437: folds
f4a9a75d: folds
1b913dc2: checks
a2f548cd: raises $7 to $9
a115f066: folds
Hero: folds
5485f6a2: folds
1b913dc2: folds
Uncalled bet ($7) returned to a2f548cd
*** SHOWDOWN ***
a2f548cd collected $7 from pot
*** SUMMARY ***
Total pot $7
Seat 7: a2f548cdwon ($7)
Seat 1: a115f066 folded before Flop (didn't bet)
Seat 3: 5485f6a2(big blind) folded before Flop
Seat 6: 1b913dc2 folded before Flop
Seat 2: Hero(small blind) folded before Flop
Seat 5: f4a9a75d folded before Flop (didn't bet)
Seat 4: 6b8ac437 folded before Flop (didn't bet)



Poker Hand #ring_859572522: NLH No Limit ($1/$2) - 2025/05/05 14:01:06
Table 'MR NLH 1/2' 7-max Seat #7 is the button
Seat 7: a2f548cd ($325 in chips)
Seat 1: a115f066 ($150.84 in chips)
Seat 3: 5485f6a2 ($801.83 in chips)
Seat 2: Hero ($406.35 in chips)
Seat 5: f4a9a75d ($277.99 in chips)
Seat 4: 6b8ac437 ($288.52 in chips)
a115f066: posts small blind $1
Hero: posts big blind $2
*** HOLE CARDS ***
Dealt to a2f548cd 
Dealt to a115f066 
Dealt to 5485f6a2 
Dealt to Hero [7h 2s]
Dealt to f4a9a75d 
Dealt to 6b8ac437 
5485f6a2: folds
6b8ac437: folds
f4a9a75d: raises $4 to $6
a2f548cd: folds
a115f066: raises $10.5 to $16.5
Hero: folds
f4a9a75d: calls $10.5
*** FLOP *** [8d Ts 4h]
a115f066: bets $11.55
f4a9a75d: raises $43.58 to $55.13
a115f066: calls $43.58
*** TURN *** [8d Ts 4h] [8s]
a115f066: checks
f4a9a75d: bets $108.94
a115f066: calls $79.21 and is all-in
Uncalled bet ($29.73) returned to f4a9a75d
a115f066: shows [Td Tc]
f4a9a75d: shows [6h 6c]
*** RIVER *** [8d Ts 4h 8s] [5c]
*** SHOWDOWN ***
a115f066 collected $303.68 from pot
*** SUMMARY ***
Total pot $303.68
Board [8d Ts 4h 8s 5c]
Seat 7: a2f548cd folded before Flop (didn't bet)
Seat 1: a115f066(small blind) showed [Td Tc] and won ($303.68) with Tens Full over Eights
Seat 3: 5485f6a2 folded before Flop (didn't bet)
Seat 2: Hero(big blind) folded before Flop
Seat 5: f4a9a75d showed [6h 6c] and lost with Pair of Eights and Pair of Sixes
Seat 4: 6b8ac437 folded before Flop (didn't bet)



Poker Hand #ring_859572158: NLH No Limit ($1/$2) - 2025/05/05 14:00:44
Table 'MR NLH 1/2' 7-max Seat #5 is the button
Seat 7: a2f548cd ($326 in chips)
Seat 1: a115f066 ($152.84 in chips)
Seat 3: 5485f6a2 ($801.83 in chips)
Seat 2: Hero ($406.35 in chips)
Seat 5: f4a9a75d ($277.99 in chips)
Seat 4: 6b8ac437 ($285.52 in chips)
a2f548cd: posts small blind $1
a115f066: posts big blind $2
*** HOLE CARDS ***
Dealt to a2f548cd 
Dealt to a115f066 
Dealt to 5485f6a2 
Dealt to Hero [4c 6h]
Dealt to f4a9a75d 
Dealt to 6b8ac437 
Hero: folds
5485f6a2: folds
6b8ac437: raises $5 to $7
f4a9a75d: folds
a2f548cd: folds
a115f066: folds
Uncalled bet ($5) returned to 6b8ac437
*** SHOWDOWN ***
6b8ac437 collected $5 from pot
*** SUMMARY ***
Total pot $5
Seat 7: a2f548cd(small blind) folded before Flop
Seat 1: a115f066(big blind) folded before Flop
Seat 3: 5485f6a2 folded before Flop (didn't bet)
Seat 2: Hero folded before Flop (didn't bet)
Seat 5: f4a9a75d folded before Flop (didn't bet)
Seat 4: 6b8ac437won ($5)



Poker Hand #ring_859571339: NLH No Limit ($1/$2) - 2025/05/05 13:59:49
Table 'MR NLH 1/2' 7-max Seat #4 is the button
Seat 7: a2f548cd ($366 in chips)
Seat 1: a115f066 ($162.84 in chips)
Seat 3: 5485f6a2 ($811.83 in chips)
Seat 2: Hero ($416.35 in chips)
Seat 5: f4a9a75d ($203.89 in chips)
Seat 4: 6b8ac437 ($295.52 in chips)
f4a9a75d: posts the ante $10
a2f548cd: posts the ante $10
a115f066: posts the ante $10
Hero: posts the ante $10
5485f6a2: posts the ante $10
6b8ac437: posts the ante $10
*** HOLE CARDS ***
Dealt to a2f548cd 
Dealt to a115f066 
Dealt to 5485f6a2 
Dealt to Hero [5h 9s]
Dealt to f4a9a75d 
Dealt to 6b8ac437 
*** FLOP *** [Jc Qd Js]
f4a9a75d: checks
a2f548cd: checks
a115f066: checks
Hero: checks
5485f6a2: checks
6b8ac437: checks
*** TURN *** [Jc Qd Js] [6c]
f4a9a75d: checks
a2f548cd: bets $30
a115f066: folds
Hero: folds
5485f6a2: folds
6b8ac437: folds
f4a9a75d: calls $30
*** RIVER *** [Jc Qd Js 6c] [4c]
f4a9a75d: checks
a2f548cd: checks
f4a9a75d: shows [Qc 6s]
a2f548cd: shows [8s 8h]
*** SHOWDOWN ***
f4a9a75d collected $120 from pot
*** SUMMARY ***
Total pot $120
Board [Jc Qd Js 6c 4c]
Seat 7: a2f548cd(big blind) showed [8s 8h] and lost with Pair of Jacks and Pair of Eights
Seat 1: a115f066 folded on the Turn
Seat 3: 5485f6a2 folded on the Turn
Seat 2: Hero folded on the Turn
Seat 5: f4a9a75d(small blind) showed [Qc 6s] and won ($120) with Pair of Queens and Pair of Jacks
Seat 4: 6b8ac437 folded on the Turn



Poker Hand #ring_859570709: NLH No Limit ($1/$2) - 2025/05/05 13:59:09
Table 'MR NLH 1/2' 7-max Seat #3 is the button
Seat 7: a2f548cd ($366 in chips)
Seat 1: a115f066 ($162.84 in chips)
Seat 3: 5485f6a2 ($811.83 in chips)
Seat 2: Hero ($416.35 in chips)
Seat 5: f4a9a75d ($203.98 in chips)
Seat 4: 6b8ac437 ($295.61 in chips)
6b8ac437: posts small blind $1
f4a9a75d: posts big blind $2
*** HOLE CARDS ***
Dealt to a2f548cd 
Dealt to a115f066 
Dealt to 5485f6a2 
Dealt to Hero [5h 6s]
Dealt to f4a9a75d 
Dealt to 6b8ac437 
a2f548cd: folds
a115f066: folds
Hero: folds
5485f6a2: folds
6b8ac437: calls $1
f4a9a75d: checks
*** FLOP *** [7s 7h As]
6b8ac437: checks
f4a9a75d: checks
*** TURN *** [7s 7h As] [5d]
6b8ac437: checks
f4a9a75d: checks
*** RIVER *** [7s 7h As 5d] [6d]
6b8ac437: checks
f4a9a75d: checks
6b8ac437: shows [6h 8d]
f4a9a75d: shows [Ts 6c]
*** SHOWDOWN ***
6b8ac437 collected $2 from pot
f4a9a75d collected $2 from pot
*** SUMMARY ***
Total pot $4
Board [7s 7h As 5d 6d]
Seat 7: a2f548cd folded before Flop (didn't bet)
Seat 1: a115f066 folded before Flop (didn't bet)
Seat 3: 5485f6a2 folded before Flop (didn't bet)
Seat 2: Hero folded before Flop (didn't bet)
Seat 5: f4a9a75d(big blind) showed [Ts 6c] and won ($2) with Pair of Sevens and Pair of Sixes
Seat 4: 6b8ac437(small blind) showed [6h 8d] and won ($2) with Pair of Sevens and Pair of Sixes



Poker Hand #ring_859569986: NLH No Limit ($1/$2) - 2025/05/05 13:58:23
Table 'MR NLH 1/2' 7-max Seat #2 is the button
Seat 7: a2f548cd ($366 in chips)
Seat 1: a115f066 ($125.87 in chips)
Seat 3: 5485f6a2 ($812.83 in chips)
Seat 2: Hero ($416.35 in chips)
Seat 5: f4a9a75d ($203.98 in chips)
Seat 4: 6b8ac437 ($335.73 in chips)
5485f6a2: posts small blind $1
6b8ac437: posts big blind $2
*** HOLE CARDS ***
Dealt to a2f548cd 
Dealt to a115f066 
Dealt to 5485f6a2 
Dealt to Hero [3h 9d]
Dealt to f4a9a75d 
Dealt to 6b8ac437 
f4a9a75d: folds
a2f548cd: folds
a115f066: raises $4 to $6
Hero: folds
5485f6a2: folds
6b8ac437: calls $4
*** FLOP *** [2h As Qc]
6b8ac437: checks
a115f066: checks
*** TURN *** [2h As Qc] [8h]
6b8ac437: bets $9.75
a115f066: calls $9.75
*** RIVER *** [2h As Qc 8h] [8c]
6b8ac437: bets $24.37
a115f066: calls $24.37
a115f066: shows [Kh Ac]
6b8ac437: shows [2s 4s]
*** SHOWDOWN ***
a115f066 collected $81.24 from pot
*** SUMMARY ***
Total pot $81.24
Board [2h As Qc 8h 8c]
Seat 7: a2f548cd folded before Flop (didn't bet)
Seat 1: a115f066 showed [Kh Ac] and won ($81.24) with Pair of Aces and Pair of Eights
Seat 3: 5485f6a2(small blind) folded before Flop
Seat 2: Hero folded before Flop (didn't bet)
Seat 5: f4a9a75d folded before Flop (didn't bet)
Seat 4: 6b8ac437(big blind) showed [2s 4s] and lost with Pair of Eights and Pair of Twos



Poker Hand #ring_859569018: NLH No Limit ($1/$2) - 2025/05/05 13:57:21
Table 'MR NLH 1/2' 7-max Seat #1 is the button
Seat 7: a2f548cd ($400 in chips)
Seat 1: a115f066 ($125.87 in chips)
Seat 3: 5485f6a2 ($814.83 in chips)
Seat 2: Hero ($384 in chips)
Seat 5: f4a9a75d ($203.98 in chips)
Seat 4: 6b8ac437 ($335.73 in chips)
Hero: posts small blind $1
5485f6a2: posts big blind $2
*** HOLE CARDS ***
Dealt to a2f548cd 
Dealt to a115f066 
Dealt to 5485f6a2 
Dealt to Hero [Ks Jh]
Dealt to f4a9a75d 
Dealt to 6b8ac437 
6b8ac437: folds
f4a9a75d: folds
a2f548cd: raises $4 to $6
a115f066: folds
Hero: calls $5
5485f6a2: folds
*** FLOP *** [Js Qd Jc]
Hero: bets $7
a2f548cd: raises $21 to $28
Hero: calls $21
*** TURN *** [Js Qd Jc] [7h]
Hero: bets $21
a2f548cd: folds
Uncalled bet ($21) returned to Hero
*** SHOWDOWN ***
Hero collected $70 from pot
*** SUMMARY ***
Total pot $70
Board [Js Qd Jc 7h]
Seat 7: a2f548cd folded on the Turn
Seat 1: a115f066 folded before Flop (didn't bet)
Seat 3: 5485f6a2(big blind) folded before Flop
Seat 2: Hero(small blind)won ($70) with Three Jacks
Seat 5: f4a9a75d folded before Flop (didn't bet)
Seat 4: 6b8ac437 folded before Flop (didn't bet)



Poker Hand #ring_859568722: NLH No Limit ($1/$2) - 2025/05/05 13:57:01
Table 'MR NLH 1/2' 7-max Seat #7 is the button
Seat 7: a2f548cd ($78 in chips)
Seat 1: a115f066 ($126.87 in chips)
Seat 3: 5485f6a2 ($814.83 in chips)
Seat 2: Hero ($386 in chips)
Seat 5: f4a9a75d ($200.98 in chips)
Seat 4: 6b8ac437 ($335.73 in chips)
a115f066: posts small blind $1
Hero: posts big blind $2
*** HOLE CARDS ***
Dealt to a2f548cd 
Dealt to a115f066 
Dealt to 5485f6a2 
Dealt to Hero [6d 9s]
Dealt to f4a9a75d 
Dealt to 6b8ac437 
5485f6a2: folds
6b8ac437: folds
f4a9a75d: raises $4 to $6
a2f548cd: folds
a115f066: folds
Hero: folds
Uncalled bet ($4) returned to f4a9a75d
*** SHOWDOWN ***
f4a9a75d collected $5 from pot
*** SUMMARY ***
Total pot $5
Seat 7: a2f548cd folded before Flop (didn't bet)
Seat 1: a115f066(small blind) folded before Flop
Seat 3: 5485f6a2 folded before Flop (didn't bet)
Seat 2: Hero(big blind) folded before Flop
Seat 5: f4a9a75dwon ($5)
Seat 4: 6b8ac437 folded before Flop (didn't bet)



Poker Hand #ring_859568201: NLH No Limit ($1/$2) - 2025/05/05 13:56:27
Table 'MR NLH 1/2' 7-max Seat #0 is the button
Seat 7: a2f548cd ($79 in chips)
Seat 1: a115f066 ($128.87 in chips)
Seat 3: 5485f6a2 ($806.83 in chips)
Seat 2: Hero ($391 in chips)
Seat 5: f4a9a75d ($200.98 in chips)
Seat 4: 6b8ac437 ($335.73 in chips)
a2f548cd: posts small blind $1
a115f066: posts big blind $2
*** HOLE CARDS ***
Dealt to a2f548cd 
Dealt to a115f066 
Dealt to 5485f6a2 
Dealt to Hero [8s Ks]
Dealt to f4a9a75d 
Dealt to 6b8ac437 
Hero: raises $3 to $5
5485f6a2: raises $13 to $18
6b8ac437: folds
f4a9a75d: folds
a2f548cd: folds
a115f066: folds
Hero: folds
Uncalled bet ($13) returned to 5485f6a2
*** SHOWDOWN ***
5485f6a2 collected $13 from pot
*** SUMMARY ***
Total pot $13
Seat 7: a2f548cd(small blind) folded before Flop
Seat 1: a115f066(big blind) folded before Flop
Seat 3: 5485f6a2won ($13)
Seat 2: Hero folded before Flop
Seat 5: f4a9a75d folded before Flop (didn't bet)
Seat 4: 6b8ac437 folded before Flop (didn't bet)



Poker Hand #ring_859567706: NLH No Limit ($1/$2) - 2025/05/05 13:55:56
Table 'MR NLH 1/2' 7-max Seat #5 is the button
Seat 7: a2f548cd ($85 in chips)
Seat 1: a115f066 ($128.87 in chips)
Seat 3: 5485f6a2 ($806.83 in chips)
Seat 2: Hero ($235.35 in chips)
Seat 5: f4a9a75d ($200.98 in chips)
Seat 4: 6b8ac437 ($316.85 in chips)
a2f548cd: posts big blind $2
*** HOLE CARDS ***
Dealt to a2f548cd 
Dealt to a115f066 
Dealt to 5485f6a2 
Dealt to Hero [Td 8d]
Dealt to f4a9a75d 
Dealt to 6b8ac437 
a115f066: folds
Hero: raises $4 to $6
5485f6a2: folds
6b8ac437: calls $6
f4a9a75d: folds
a2f548cd: calls $4
*** FLOP *** [2s 8c Ad]
a2f548cd: checks
Hero: bets $9
6b8ac437: raises $18 to $27
a2f548cd: folds
Hero: folds
Uncalled bet ($18) returned to 6b8ac437
*** SHOWDOWN ***
6b8ac437 collected $36 from pot
*** SUMMARY ***
Total pot $36
Board [2s 8c Ad]
Seat 7: a2f548cd(big blind) folded on the Flop
Seat 1: a115f066 folded before Flop (didn't bet)
Seat 3: 5485f6a2 folded before Flop (didn't bet)
Seat 2: Hero folded on the Flop
Seat 5: f4a9a75d folded before Flop (didn't bet)
Seat 4: 6b8ac437won ($36) with Pair of Aces



Poker Hand #ring_859566754: NLH No Limit ($1/$2) - 2025/05/05 13:54:57
Table 'MR NLH 1/2' 7-max Seat #4 is the button
Seat 7: a2f548cd ($85 in chips)
Seat 1: a115f066 ($128.87 in chips)
Seat 3: 5485f6a2 ($806.83 in chips)
Seat 6: f60ee93f ($195.15 in chips)
Seat 2: Hero ($400 in chips)
Seat 5: f4a9a75d ($201.98 in chips)
Seat 4: 6b8ac437 ($164.65 in chips)
f4a9a75d: posts small blind $1
f60ee93f: posts big blind $2
*** HOLE CARDS ***
Dealt to a2f548cd 
Dealt to a115f066 
Dealt to 5485f6a2 
Dealt to f60ee93f 
Dealt to Hero [Ac Kh]
Dealt to f4a9a75d 
Dealt to 6b8ac437 
a2f548cd: folds
a115f066: folds
Hero: raises $4 to $6
5485f6a2: folds
6b8ac437: raises $15 to $21
f4a9a75d: folds
f60ee93f: folds
Hero: raises $36 to $57
6b8ac437: calls $36
*** FLOP *** [Jh 4s 7c]
Hero: bets $35.1
6b8ac437: raises $72.55 to $107.65 and is all-in
Hero: calls $72.55
Hero: shows [Ac Kh] (Ace-High)
6b8ac437: shows [Jd Ad] (Pair of Jacks)
*** TURN *** [Jh 4s 7c] [9c]
*** RIVER *** [Jh 4s 7c 9c] [5c]
*** SHOWDOWN ***
6b8ac437 collected $332.3 from pot
*** SUMMARY ***
Total pot $332.3
Board [Jh 4s 7c 9c 5c]
Seat 7: a2f548cd folded before Flop (didn't bet)
Seat 1: a115f066 folded before Flop (didn't bet)
Seat 3: 5485f6a2 folded before Flop (didn't bet)
Seat 6: f60ee93f(big blind) folded before Flop
Seat 2: Hero showed [Ac Kh] and lost with Ace-High
Seat 5: f4a9a75d(small blind) folded before Flop
Seat 4: 6b8ac437 showed [Jd Ad] and won ($332.3) with Pair of Jacks



Poker Hand #ring_859565865: NLH No Limit ($1/$2) - 2025/05/05 13:54:01
Table 'MR NLH 1/2' 7-max Seat #3 is the button
Seat 7: a2f548cd ($85 in chips)
Seat 1: a115f066 ($107.17 in chips)
Seat 3: 5485f6a2 ($812.83 in chips)
Seat 6: f60ee93f ($195.15 in chips)
Seat 2: Hero ($400 in chips)
Seat 5: f4a9a75d ($203.98 in chips)
Seat 4: 6b8ac437 ($180.65 in chips)
6b8ac437: posts small blind $1
f4a9a75d: posts big blind $2
*** HOLE CARDS ***
Dealt to a2f548cd 
Dealt to a115f066 
Dealt to 5485f6a2 
Dealt to f60ee93f 
Dealt to Hero [9s Qh]
Dealt to f4a9a75d 
Dealt to 6b8ac437 
f60ee93f: folds
a2f548cd: folds
a115f066: raises $4 to $6
Hero: folds
5485f6a2: calls $6
6b8ac437: calls $5
f4a9a75d: folds
*** FLOP *** [Ts Th 9h]
6b8ac437: checks
a115f066: bets $10
5485f6a2: folds
6b8ac437: calls $10
*** TURN *** [Ts Th 9h] [Td]
6b8ac437: checks
a115f066: bets $25
6b8ac437: folds
Uncalled bet ($25) returned to a115f066
*** SHOWDOWN ***
a115f066 collected $40 from pot
*** SUMMARY ***
Total pot $40
Board [Ts Th 9h Td]
Seat 7: a2f548cd folded before Flop (didn't bet)
Seat 1: a115f066won ($40) with Four Tens
Seat 3: 5485f6a2 folded on the Flop
Seat 6: f60ee93f folded before Flop (didn't bet)
Seat 2: Hero folded before Flop (didn't bet)
Seat 5: f4a9a75d(big blind) folded before Flop
Seat 4: 6b8ac437(small blind) folded on the Turn



Poker Hand #ring_859565529: NLH No Limit ($1/$2) - 2025/05/05 13:53:38
Table 'MR NLH 1/2' 7-max Seat #2 is the button
Seat 7: a2f548cd ($85 in chips)
Seat 1: a115f066 ($107.17 in chips)
Seat 3: 5485f6a2 ($810.83 in chips)
Seat 6: f60ee93f ($195.15 in chips)
Seat 2: Hero ($333.5 in chips)
Seat 5: f4a9a75d ($203.98 in chips)
Seat 4: 6b8ac437 ($182.65 in chips)
5485f6a2: posts small blind $1
6b8ac437: posts big blind $2
*** HOLE CARDS ***
Dealt to a2f548cd 
Dealt to a115f066 
Dealt to 5485f6a2 
Dealt to f60ee93f 
Dealt to Hero [6s Td]
Dealt to f4a9a75d 
Dealt to 6b8ac437 
f4a9a75d: folds
f60ee93f: folds
a2f548cd: folds
a115f066: folds
Hero: folds
5485f6a2: raises $4 to $6
6b8ac437: folds
Uncalled bet ($4) returned to 5485f6a2
*** SHOWDOWN ***
5485f6a2 collected $4 from pot
*** SUMMARY ***
Total pot $4
Seat 7: a2f548cd folded before Flop (didn't bet)
Seat 1: a115f066 folded before Flop (didn't bet)
Seat 3: 5485f6a2(small blind)won ($4)
Seat 6: f60ee93f folded before Flop (didn't bet)
Seat 2: Hero folded before Flop (didn't bet)
Seat 5: f4a9a75d folded before Flop (didn't bet)
Seat 4: 6b8ac437(big blind) folded before Flop



Poker Hand #ring_859564561: NLH No Limit ($1/$2) - 2025/05/05 13:52:36
Table 'MR NLH 1/2' 7-max Seat #1 is the button
Seat 7: a2f548cd ($95 in chips)
Seat 1: a115f066 ($117.17 in chips)
Seat 3: 5485f6a2 ($706.7 in chips)
Seat 6: f60ee93f ($205.15 in chips)
Seat 2: Hero ($396 in chips)
Seat 5: f4a9a75d ($213.98 in chips)
Seat 4: 6b8ac437 ($192.65 in chips)
Hero: posts the ante $10
5485f6a2: posts the ante $10
6b8ac437: posts the ante $10
f4a9a75d: posts the ante $10
f60ee93f: posts the ante $10
a2f548cd: posts the ante $10
a115f066: posts the ante $10
*** HOLE CARDS ***
Dealt to a2f548cd 
Dealt to a115f066 
Dealt to 5485f6a2 
Dealt to f60ee93f 
Dealt to Hero [Js Qc]
Dealt to f4a9a75d 
Dealt to 6b8ac437 
*** FLOP *** [4s 9c 8d]
Hero: checks
5485f6a2: bets $52.5
6b8ac437: folds
f4a9a75d: folds
f60ee93f: folds
a2f548cd: folds
a115f066: folds
Hero: calls $52.5
*** TURN *** [4s 9c 8d] [3d]
Hero: checks
5485f6a2: bets $131.25
Hero: folds
Uncalled bet ($131.25) returned to 5485f6a2
*** SHOWDOWN ***
5485f6a2 collected $175 from pot
*** SUMMARY ***
Total pot $175
Board [4s 9c 8d 3d]
Seat 7: a2f548cd folded on the Flop
Seat 1: a115f066 folded on the Flop
Seat 3: 5485f6a2(big blind)won ($175) with Pair of Nines and Pair of Eights
Seat 6: f60ee93f folded on the Flop
Seat 2: Hero(small blind) folded on the Turn
Seat 5: f4a9a75d folded on the Flop
Seat 4: 6b8ac437 folded on the Flop



Poker Hand #ring_859564172: NLH No Limit ($1/$2) - 2025/05/05 13:52:11
Table 'MR NLH 1/2' 7-max Seat #7 is the button
Seat 7: a2f548cd ($95 in chips)
Seat 1: a115f066 ($118.17 in chips)
Seat 3: 5485f6a2 ($706.7 in chips)
Seat 6: f60ee93f ($205.15 in chips)
Seat 2: Hero ($395 in chips)
Seat 5: f4a9a75d ($213.98 in chips)
Seat 4: 6b8ac437 ($192.65 in chips)
a115f066: posts small blind $1
Hero: posts big blind $2
*** HOLE CARDS ***
Dealt to a2f548cd 
Dealt to a115f066 
Dealt to 5485f6a2 
Dealt to f60ee93f 
Dealt to Hero [6h Kd]
Dealt to f4a9a75d 
Dealt to 6b8ac437 
5485f6a2: folds
6b8ac437: folds
f4a9a75d: folds
f60ee93f: folds
a2f548cd: folds
a115f066: folds
*** SHOWDOWN ***
Hero collected $3 from pot
*** SUMMARY ***
Total pot $3
Seat 7: a2f548cd folded before Flop (didn't bet)
Seat 1: a115f066(small blind) folded before Flop
Seat 3: 5485f6a2 folded before Flop (didn't bet)
Seat 6: f60ee93f folded before Flop (didn't bet)
Seat 2: Hero(big blind)won ($3)
Seat 5: f4a9a75d folded before Flop (didn't bet)
Seat 4: 6b8ac437 folded before Flop (didn't bet)



Poker Hand #ring_859563336: NLH No Limit ($1/$2) - 2025/05/05 13:51:17
Table 'MR NLH 1/2' 7-max Seat #6 is the button
Seat 7: a2f548cd ($96 in chips)
Seat 1: a115f066 ($120.17 in chips)
Seat 3: 5485f6a2 ($706.7 in chips)
Seat 6: f60ee93f ($97 in chips)
Seat 2: Hero ($395 in chips)
Seat 5: f4a9a75d ($213.98 in chips)
Seat 4: 6b8ac437 ($200.65 in chips)
a2f548cd: posts small blind $1
a115f066: posts big blind $2
*** HOLE CARDS ***
Dealt to a2f548cd 
Dealt to a115f066 
Dealt to 5485f6a2 
Dealt to f60ee93f 
Dealt to Hero [Ts 7h]
Dealt to f4a9a75d 
Dealt to 6b8ac437 
Hero: folds
5485f6a2: folds
6b8ac437: calls $2
f4a9a75d: folds
f60ee93f: raises $6 to $8
a2f548cd: folds
a115f066: folds
6b8ac437: calls $6
*** FLOP *** [9h Jc 3h]
6b8ac437: checks
f60ee93f: bets $14.25
6b8ac437: folds
Uncalled bet ($14.25) returned to f60ee93f
*** SHOWDOWN ***
f60ee93f collected $19 from pot
*** SUMMARY ***
Total pot $19
Board [9h Jc 3h]
Seat 7: a2f548cd(small blind) folded before Flop
Seat 1: a115f066(big blind) folded before Flop
Seat 3: 5485f6a2 folded before Flop (didn't bet)
Seat 6: f60ee93fwon ($19) with Pair of Eights
Seat 2: Hero folded before Flop (didn't bet)
Seat 5: f4a9a75d folded before Flop (didn't bet)
Seat 4: 6b8ac437 folded on the Flop



Poker Hand #ring_859562909: NLH No Limit ($1/$2) - 2025/05/05 13:50:48
Table 'MR NLH 1/2' 7-max Seat #5 is the button
Seat 7: a2f548cd ($98 in chips)
Seat 1: a115f066 ($120.17 in chips)
Seat 3: 5485f6a2 ($706.7 in chips)
Seat 6: f60ee93f ($98 in chips)
Seat 2: Hero ($395 in chips)
Seat 5: f4a9a75d ($210.98 in chips)
Seat 4: 6b8ac437 ($200.65 in chips)
f60ee93f: posts small blind $1
a2f548cd: posts big blind $2
*** HOLE CARDS ***
Dealt to a2f548cd 
Dealt to a115f066 
Dealt to 5485f6a2 
Dealt to f60ee93f 
Dealt to Hero [4s 9d]
Dealt to f4a9a75d 
Dealt to 6b8ac437 
a115f066: folds
Hero: folds
5485f6a2: folds
6b8ac437: folds
f4a9a75d: raises $4 to $6
f60ee93f: folds
a2f548cd: folds
Uncalled bet ($4) returned to f4a9a75d
*** SHOWDOWN ***
f4a9a75d collected $5 from pot
*** SUMMARY ***
Total pot $5
Seat 7: a2f548cd(big blind) folded before Flop
Seat 1: a115f066 folded before Flop (didn't bet)
Seat 3: 5485f6a2 folded before Flop (didn't bet)
Seat 6: f60ee93f(small blind) folded before Flop
Seat 2: Hero folded before Flop (didn't bet)
Seat 5: f4a9a75dwon ($5)
Seat 4: 6b8ac437 folded before Flop (didn't bet)



Poker Hand #ring_859561800: NLH No Limit ($1/$2) - 2025/05/05 13:49:37
Table 'MR NLH 1/2' 7-max Seat #4 is the button
Seat 7: a2f548cd ($100 in chips)
Seat 1: a115f066 ($132.17 in chips)
Seat 3: 5485f6a2 ($706.7 in chips)
Seat 6: f60ee93f ($100 in chips)
Seat 2: Hero ($395 in chips)
Seat 5: f4a9a75d ($196.74 in chips)
Seat 4: 6b8ac437 ($200.65 in chips)
f4a9a75d: posts small blind $1
f60ee93f: posts big blind $2
a2f548cd: posts big blind $2
*** HOLE CARDS ***
Dealt to a2f548cd 
Dealt to a115f066 
Dealt to 5485f6a2 
Dealt to f60ee93f 
Dealt to Hero [8c 3c]
Dealt to f4a9a75d 
Dealt to 6b8ac437 
a2f548cd: checks
a115f066: raises $3 to $5
Hero: folds
5485f6a2: folds
6b8ac437: folds
f4a9a75d: calls $4
f60ee93f: folds
a2f548cd: folds
*** FLOP *** [Jc As Qc]
f4a9a75d: checks
a115f066: bets $7
f4a9a75d: calls $7
*** TURN *** [Jc As Qc] [5h]
f4a9a75d: checks
a115f066: checks
*** RIVER *** [Jc As Qc 5h] [Ad]
f4a9a75d: bets $14
a115f066: folds
Uncalled bet ($14) returned to f4a9a75d
*** SHOWDOWN ***
f4a9a75d collected $28 from pot
*** SUMMARY ***
Total pot $28
Board [Jc As Qc 5h Ad]
Seat 7: a2f548cd folded before Flop
Seat 1: a115f066 folded on the River
Seat 3: 5485f6a2 folded before Flop (didn't bet)
Seat 6: f60ee93f(big blind) folded before Flop
Seat 2: Hero folded before Flop (didn't bet)
Seat 5: f4a9a75d(small blind)won ($28) with Aces Full over Fives
Seat 4: 6b8ac437 folded before Flop (didn't bet)



Poker Hand #ring_859560659: NLH No Limit ($1/$2) - 2025/05/05 13:48:23
Table 'MR NLH 1/2' 7-max Seat #3 is the button
Seat 1: a115f066 ($132.17 in chips)
Seat 3: 5485f6a2 ($706.7 in chips)
Seat 2: Hero ($400 in chips)
Seat 5: f4a9a75d ($195.1 in chips)
Seat 4: 6b8ac437 ($199 in chips)
6b8ac437: posts small blind $1
f4a9a75d: posts big blind $2
*** HOLE CARDS ***
Dealt to a115f066 
Dealt to 5485f6a2 
Dealt to Hero [Ad 4h]
Dealt to f4a9a75d 
Dealt to 6b8ac437 
a115f066: folds
Hero: raises $3 to $5
5485f6a2: folds
6b8ac437: raises $6 to $11
f4a9a75d: calls $9
Hero: folds
*** FLOP *** [7s 8s Jc]
6b8ac437: checks
f4a9a75d: checks
*** TURN *** [7s 8s Jc] [Ks]
6b8ac437: checks
f4a9a75d: checks
*** RIVER *** [7s 8s Jc Ks] [8h]
6b8ac437: checks
f4a9a75d: checks
6b8ac437: shows [Ah 9h]
f4a9a75d: shows [Ac Td]
*** SHOWDOWN ***
6b8ac437 collected $13.5 from pot
f4a9a75d collected $13.5 from pot
*** SUMMARY ***
Total pot $27
Board [7s 8s Jc Ks 8h]
Seat 1: a115f066 folded before Flop (didn't bet)
Seat 3: 5485f6a2 folded before Flop (didn't bet)
Seat 2: Hero folded before Flop
Seat 5: f4a9a75d(big blind) showed [Ac Td] and won ($13.5) with Pair of Eights
Seat 4: 6b8ac437(small blind) showed [Ah 9h] and won ($13.5) with Pair of Eights



Poker Hand #ring_859560409: NLH No Limit ($1/$2) - 2025/05/05 13:48:07
Table 'MR NLH 1/2' 7-max Seat #2 is the button
Seat 1: a115f066 ($132.17 in chips)
Seat 3: 5485f6a2 ($707.7 in chips)
Seat 2: Hero ($234.39 in chips)
Seat 5: f4a9a75d ($195.1 in chips)
Seat 4: 6b8ac437 ($198 in chips)
5485f6a2: posts small blind $1
6b8ac437: posts big blind $2
*** HOLE CARDS ***
Dealt to a115f066 
Dealt to 5485f6a2 
Dealt to Hero [Jd 6h]
Dealt to f4a9a75d 
Dealt to 6b8ac437 
f4a9a75d: folds
a115f066: folds
Hero: folds
5485f6a2: folds
*** SHOWDOWN ***
6b8ac437 collected $3 from pot
*** SUMMARY ***
Total pot $3
Seat 1: a115f066 folded before Flop (didn't bet)
Seat 3: 5485f6a2(small blind) folded before Flop
Seat 2: Hero folded before Flop (didn't bet)
Seat 5: f4a9a75d folded before Flop (didn't bet)
Seat 4: 6b8ac437(big blind)won ($3)



Poker Hand #ring_859559748: NLH No Limit ($1/$2) - 2025/05/05 13:47:25
Table 'MR NLH 1/2' 7-max Seat #1 is the button
Seat 1: a115f066 ($66.96 in chips)
Seat 3: 5485f6a2 ($709.7 in chips)
Seat 2: Hero ($235.39 in chips)
Seat 5: f4a9a75d ($262.06 in chips)
Seat 4: 6b8ac437 ($200 in chips)
Hero: posts small blind $1
5485f6a2: posts big blind $2
6b8ac437: posts big blind $2
*** HOLE CARDS ***
Dealt to a115f066 
Dealt to 5485f6a2 
Dealt to Hero [4c Ks]
Dealt to f4a9a75d 
Dealt to 6b8ac437 
*** FIRST FLOP *** [Ts 2h 9c]
*** SECOND FLOP *** [9h 4d 3d]
*** FIRST TURN *** [Ts 2h 9c] [Ac]
*** SECOND TURN *** [9h 4d 3d] [9d]
*** FIRST RIVER *** [Ts 2h 9c Ac] [7d]
*** SECOND RIVER *** [9h 4d 3d 9d] [Tc]
6b8ac437: checks
f4a9a75d: calls $2
a115f066: raises $64.96 to $66.96 and is all-in
Hero: folds
5485f6a2: folds
6b8ac437: folds
f4a9a75d: calls $64.96
a115f066: shows [6c 6d]
f4a9a75d: shows [Jh Kc]
*** FIRST SHOWDOWN ***
a115f066 collected $69.72 from pot
*** SECOND SHOWDOWN ***
a115f066 collected $69.2 from pot
*** SUMMARY ***
Total pot $138.92
Hand was run two timesFIRST Board [Ts 2h 9c Ac 7d]
SECOND Board [9h 4d 3d 9d Tc]
Seat 1: a115f066 showed [6c 6d] and won ($138.92) with Pair of Sixes / Pair of Nines and Pair of Sixes
Seat 3: 5485f6a2(big blind) folded before Flop
Seat 2: Hero(small blind) folded before Flop
Seat 5: f4a9a75d showed [Jh Kc] and lost with Ace-High / Pair of Nines
Seat 4: 6b8ac437 folded before Flop



Poker Hand #ring_859558937: NLH No Limit ($1/$2) - 2025/05/05 13:46:34
Table 'MR NLH 1/2' 7-max Seat #5 is the button
Seat 1: a115f066 ($95.46 in chips)
Seat 3: 5485f6a2 ($720.7 in chips)
Seat 2: Hero ($237.39 in chips)
Seat 5: f4a9a75d ($224.21 in chips)
a115f066: posts small blind $1
Hero: posts big blind $2
*** HOLE CARDS ***
Dealt to a115f066 
Dealt to 5485f6a2 
Dealt to Hero [2d 7s]
Dealt to f4a9a75d 
5485f6a2: raises $2 to $4
f4a9a75d: calls $4
a115f066: calls $3
Hero: folds
*** FLOP *** [2h 4h Ks]
a115f066: checks
5485f6a2: checks
f4a9a75d: checks
*** TURN *** [2h 4h Ks] [Kc]
a115f066: bets $7
5485f6a2: calls $7
f4a9a75d: calls $7
*** RIVER *** [2h 4h Ks Kc] [8h]
a115f066: checks
5485f6a2: checks
f4a9a75d: bets $17.5
a115f066: calls $17.5
5485f6a2: folds
a115f066: shows [8c 4c]
f4a9a75d: shows [Qh 9h]
*** SHOWDOWN ***
f4a9a75d collected $70 from pot
*** SUMMARY ***
Total pot $70
Board [2h 4h Ks Kc 8h]
Seat 1: a115f066(small blind) showed [8c 4c] and lost with Pair of Kings and Pair of Eights
Seat 3: 5485f6a2 folded on the River
Seat 2: Hero(big blind) folded before Flop
Seat 5: f4a9a75d showed [Qh 9h] and won ($70) with Queen High Flush



Poker Hand #ring_859557927: NLH No Limit ($1/$2) - 2025/05/05 13:45:34
Table 'MR NLH 1/2' 7-max Seat #3 is the button
Seat 1: a115f066 ($90 in chips)
Seat 3: 5485f6a2 ($720.7 in chips)
Seat 2: Hero ($37.39 in chips)
Seat 5: f4a9a75d ($230.21 in chips)
f4a9a75d: posts small blind $1
a115f066: posts big blind $2
*** HOLE CARDS ***
Dealt to a115f066 
Dealt to 5485f6a2 
Dealt to Hero [3h 8s]
Dealt to f4a9a75d 
Hero: folds
5485f6a2: folds
f4a9a75d: calls $1
a115f066: checks
*** FLOP *** [2d 2s 3s]
f4a9a75d: checks
a115f066: checks
*** TURN *** [2d 2s 3s] [4h]
f4a9a75d: checks
a115f066: bets $4
f4a9a75d: calls $4
*** RIVER *** [2d 2s 3s 4h] [Jh]
f4a9a75d: checks
a115f066: bets $12
f4a9a75d: folds
Uncalled bet ($12) returned to a115f066
*** SHOWDOWN ***
a115f066 collected $12 from pot
*** SUMMARY ***
Total pot $12
Board [2d 2s 3s 4h Jh]
Seat 1: a115f066(big blind)won ($12) with Three Twos
Seat 3: 5485f6a2 folded before Flop (didn't bet)
Seat 2: Hero folded before Flop (didn't bet)
Seat 5: f4a9a75d(small blind) folded on the River



Poker Hand #ring_859557061: NLH No Limit ($1/$2) - 2025/05/05 13:44:39
Table 'MR NLH 1/2' 7-max Seat #2 is the button
Seat 1: a115f066 ($100 in chips)
Seat 3: 5485f6a2 ($367.59 in chips)
Seat 2: Hero ($404.98 in chips)
Seat 5: f4a9a75d ($240.21 in chips)
5485f6a2: posts the ante $10
f4a9a75d: posts the ante $10
a115f066: posts the ante $10
Hero: posts the ante $10
*** HOLE CARDS ***
Dealt to a115f066 
Dealt to 5485f6a2 
Dealt to Hero [Qc Jc]
Dealt to f4a9a75d 
*** FLOP *** [4c 7h 9c]
5485f6a2: checks
f4a9a75d: checks
a115f066: checks
Hero: bets $25
5485f6a2: raises $45 to $70
f4a9a75d: folds
a115f066: folds
Hero: raises $324.98 to $394.98 and is all-in
5485f6a2: calls $287.59 and is all-in
Uncalled bet ($37.39) returned to Hero
Hero: shows [Qc Jc] (Queen-High)
5485f6a2: shows [4d 8s] (Pair of Fours)
*** TURN *** [4c 7h 9c] [3h]
*** RIVER *** [4c 7h 9c 3h] [9d]
a115f066: shows [3c 3s]
*** SHOWDOWN ***
5485f6a2 collected $755.18 from pot
*** SUMMARY ***
Total pot $755.18
Board [4c 7h 9c 3h 9d]
Seat 1: a115f066 folded on the Flop
Seat 3: 5485f6a2(small blind) showed [4d 8s] and won ($755.18) with Pair of Nines and Pair of Fours
Seat 2: Hero showed [Qc Jc] and lost with Pair of Nines
Seat 5: f4a9a75d(big blind) folded on the Flop



Poker Hand #ring_859556344: NLH No Limit ($1/$2) - 2025/05/05 13:43:52
Table 'MR NLH 1/2' 7-max Seat #5 is the button
Seat 3: 5485f6a2 ($369.59 in chips)
Seat 2: Hero ($409.98 in chips)
Seat 5: f4a9a75d ($233.75 in chips)
Hero: posts small blind $1
5485f6a2: posts big blind $2
*** HOLE CARDS ***
Dealt to 5485f6a2 
Dealt to Hero [7s 5h]
Dealt to f4a9a75d 
f4a9a75d: calls $2
Hero: calls $1
5485f6a2: checks
*** FLOP *** [Ts 6h 6d]
Hero: checks
5485f6a2: checks
f4a9a75d: checks
*** TURN *** [Ts 6h 6d] [2h]
Hero: bets $3
5485f6a2: folds
f4a9a75d: calls $3
*** RIVER *** [Ts 6h 6d 2h] [Ad]
Hero: checks
f4a9a75d: checks
Hero: shows [7s 5h]
f4a9a75d: shows [9s 8s]
*** SHOWDOWN ***
f4a9a75d collected $12 from pot
*** SUMMARY ***
Total pot $12
Board [Ts 6h 6d 2h Ad]
Seat 3: 5485f6a2(big blind) folded on the Turn
Seat 2: Hero(small blind) showed [7s 5h] and lost with Pair of Sixes
Seat 5: f4a9a75d showed [9s 8s] and won ($12) with Pair of Sixes



Poker Hand #ring_859555339: NLH No Limit ($1/$2) - 2025/05/05 13:42:47
Table 'MR NLH 1/2' 7-max Seat #3 is the button
Seat 3: 5485f6a2 ($392.59 in chips)
Seat 2: Hero ($413.98 in chips)
Seat 5: f4a9a75d ($209 in chips)
f4a9a75d: posts small blind $1
Hero: posts big blind $2
*** HOLE CARDS ***
Dealt to 5485f6a2 
Dealt to Hero [6h 3c]
Dealt to f4a9a75d 
5485f6a2: raises $2 to $4
f4a9a75d: calls $3
Hero: calls $2
*** FLOP *** [Qc 2d 9c]
f4a9a75d: checks
Hero: checks
5485f6a2: bets $4
f4a9a75d: calls $4
Hero: folds
*** TURN *** [Qc 2d 9c] [2s]
f4a9a75d: checks
5485f6a2: checks
*** RIVER *** [Qc 2d 9c 2s] [Jd]
f4a9a75d: checks
5485f6a2: bets $15
f4a9a75d: calls $15
5485f6a2: shows [Ad 6s]
f4a9a75d: shows [9d Td]
*** SHOWDOWN ***
f4a9a75d collected $50 from pot
*** SUMMARY ***
Total pot $50
Board [Qc 2d 9c 2s Jd]
Seat 3: 5485f6a2 showed [Ad 6s] and lost with Pair of Twos
Seat 2: Hero(big blind) folded on the Flop
Seat 5: f4a9a75d(small blind) showed [9d Td] and won ($50) with Pair of Nines and Pair of Twos



Poker Hand #ring_859555125: NLH No Limit ($1/$2) - 2025/05/05 13:42:33
Table 'MR NLH 1/2' 7-max Seat #2 is the button
Seat 3: 5485f6a2 ($393.59 in chips)
Seat 2: Hero ($413.98 in chips)
Seat 5: f4a9a75d ($208 in chips)
5485f6a2: posts small blind $1
f4a9a75d: posts big blind $2
*** HOLE CARDS ***
Dealt to 5485f6a2 
Dealt to Hero [Td 3h]
Dealt to f4a9a75d 
Hero: folds
5485f6a2: folds
*** SHOWDOWN ***
f4a9a75d collected $3 from pot
*** SUMMARY ***
Total pot $3
Seat 3: 5485f6a2(small blind) folded before Flop
Seat 2: Hero folded before Flop (didn't bet)
Seat 5: f4a9a75d(big blind)won ($3)



Poker Hand #ring_859554942: NLH No Limit ($1/$2) - 2025/05/05 13:42:21
Table 'MR NLH 1/2' 7-max Seat #2 is the button
Seat 3: 5485f6a2 ($395.59 in chips)
Seat 2: Hero ($411.98 in chips)
Hero: posts small blind $1
5485f6a2: posts big blind $2
*** HOLE CARDS ***
Dealt to 5485f6a2 
Dealt to Hero [Tc Js]
Hero: raises $3 to $5
5485f6a2: folds
Uncalled bet ($3) returned to Hero
*** SHOWDOWN ***
Hero collected $4 from pot
*** SUMMARY ***
Total pot $4
Seat 3: 5485f6a2(big blind) folded before Flop
Seat 2: Hero(small blind)won ($4)



Poker Hand #ring_859553479: NLH No Limit ($1/$2) - 2025/05/05 13:40:45
Table 'MR NLH 1/2' 7-max Seat #3 is the button
Seat 3: 5485f6a2 ($492.43 in chips)
Seat 2: Hero ($319.49 in chips)
5485f6a2: posts small blind $1
Hero: posts big blind $2
*** HOLE CARDS ***
Dealt to 5485f6a2 
Dealt to Hero [9h Jc]
5485f6a2: raises $2 to $4
Hero: calls $2
*** FLOP *** [5d 9c Ac]
Hero: checks
5485f6a2: bets $4
Hero: calls $4
*** TURN *** [5d 9c Ac] [Js]
Hero: checks
5485f6a2: bets $8
Hero: raises $25.6 to $33.6
5485f6a2: calls $25.6
*** RIVER *** [5d 9c Ac Js] [7s]
Hero: bets $55.24
5485f6a2: calls $55.24
Hero: shows [9h Jc]
5485f6a2: shows [Ks Kd]
*** SHOWDOWN ***
Hero collected $193.68 from pot
*** SUMMARY ***
Total pot $193.68
Board [5d 9c Ac Js 7s]
Seat 3: 5485f6a2(small blind) showed [Ks Kd] and lost with Pair of Kings
Seat 2: Hero(big blind) showed [9h Jc] and won ($193.68) with Pair of Jacks and Pair of Nines



Poker Hand #ring_859553050: NLH No Limit ($1/$2) - 2025/05/05 13:40:18
Table 'MR NLH 1/2' 7-max Seat #2 is the button
Seat 3: 5485f6a2 ($487.65 in chips)
Seat 2: Hero ($324.49 in chips)
Hero: posts small blind $1
5485f6a2: posts big blind $2
*** HOLE CARDS ***
Dealt to 5485f6a2 
Dealt to Hero [7s Kh]
Hero: raises $3 to $5
5485f6a2: calls $3
*** FLOP *** [5d Ts Jc]
5485f6a2: checks
Hero: checks
*** TURN *** [5d Ts Jc] [Jd]
5485f6a2: checks
Hero: checks
*** RIVER *** [5d Ts Jc Jd] [2d]
5485f6a2: checks
Hero: checks
Hero: shows [7s Kh]
5485f6a2: shows [4d Td]
*** SHOWDOWN ***
5485f6a2 collected $10 from pot
*** SUMMARY ***
Total pot $10
Board [5d Ts Jc Jd 2d]
Seat 3: 5485f6a2(big blind) showed [4d Td] and won ($10) with Jack High Flush
Seat 2: Hero(small blind) showed [7s Kh] and lost with Pair of Jacks



Poker Hand #ring_859552860: NLH No Limit ($1/$2) - 2025/05/05 13:40:06
Table 'MR NLH 1/2' 7-max Seat #3 is the button
Seat 3: 5485f6a2 ($488.65 in chips)
Seat 2: Hero ($323.49 in chips)
5485f6a2: posts small blind $1
Hero: posts big blind $2
*** HOLE CARDS ***
Dealt to 5485f6a2 
Dealt to Hero [Ad Kd]
5485f6a2: folds
*** SHOWDOWN ***
Hero collected $3 from pot
*** SUMMARY ***
Total pot $3
Seat 3: 5485f6a2(small blind) folded before Flop
Seat 2: Hero(big blind)won ($3)



Poker Hand #ring_859552702: NLH No Limit ($1/$2) - 2025/05/05 13:39:55
Table 'MR NLH 1/2' 7-max Seat #2 is the button
Seat 3: 5485f6a2 ($487.65 in chips)
Seat 2: Hero ($324.49 in chips)
Hero: posts small blind $1
5485f6a2: posts big blind $2
*** HOLE CARDS ***
Dealt to 5485f6a2 
Dealt to Hero [Td 3s]
Hero: folds
*** SHOWDOWN ***
5485f6a2 collected $3 from pot
*** SUMMARY ***
Total pot $3
Seat 3: 5485f6a2(big blind)won ($3)
Seat 2: Hero(small blind) folded before Flop



Poker Hand #ring_859552511: NLH No Limit ($1/$2) - 2025/05/05 13:39:42
Table 'MR NLH 1/2' 7-max Seat #3 is the button
Seat 3: 5485f6a2 ($485.65 in chips)
Seat 2: Hero ($326.49 in chips)
5485f6a2: posts small blind $1
Hero: posts big blind $2
*** HOLE CARDS ***
Dealt to 5485f6a2 
Dealt to Hero [3d Js]
5485f6a2: raises $2 to $4
Hero: folds
Uncalled bet ($2) returned to 5485f6a2
*** SHOWDOWN ***
5485f6a2 collected $4 from pot
*** SUMMARY ***
Total pot $4
Seat 3: 5485f6a2(small blind)won ($4)
Seat 2: Hero(big blind) folded before Flop



Poker Hand #ring_859551325: NLH No Limit ($1/$2) - 2025/05/05 13:38:25
Table 'MR NLH 1/2' 7-max Seat #2 is the button
Seat 3: 5485f6a2 ($563.65 in chips)
Seat 2: Hero ($252 in chips)
5485f6a2: posts the ante $10
Hero: posts the ante $10
*** HOLE CARDS ***
Dealt to 5485f6a2 
Dealt to Hero [Kc 4h]
*** FLOP *** [Kh 2c Ts]
5485f6a2: checks
Hero: checks
*** TURN *** [Kh 2c Ts] [Ac]
5485f6a2: bets $10
Hero: calls $10
*** RIVER *** [Kh 2c Ts Ac] [9c]
5485f6a2: bets $58
Hero: calls $58
Hero: shows [Kc 4h]
5485f6a2: shows [3c Jd]
*** SHOWDOWN ***
Hero collected $156 from pot
*** SUMMARY ***
Total pot $156
Board [Kh 2c Ts Ac 9c]
Seat 3: 5485f6a2(big blind) showed [3c Jd] and lost with Ace-High
Seat 2: Hero(small blind) showed [Kc 4h] and won ($156) with Pair of Kings



Poker Hand #ring_859551129: NLH No Limit ($1/$2) - 2025/05/05 13:38:13
Table 'MR NLH 1/2' 7-max Seat #3 is the button
Seat 3: 5485f6a2 ($564.65 in chips)
Seat 2: Hero ($251 in chips)
5485f6a2: posts small blind $1
Hero: posts big blind $2
*** HOLE CARDS ***
Dealt to 5485f6a2 
Dealt to Hero [2h 8h]
5485f6a2: folds
*** SHOWDOWN ***
Hero collected $3 from pot
*** SUMMARY ***
Total pot $3
Seat 3: 5485f6a2(small blind) folded before Flop
Seat 2: Hero(big blind)won ($3)



Poker Hand #ring_859550954: NLH No Limit ($1/$2) - 2025/05/05 13:38:02
Table 'MR NLH 1/2' 7-max Seat #2 is the button
Seat 3: 5485f6a2 ($566.65 in chips)
Seat 2: Hero ($249 in chips)
Hero: posts small blind $1
5485f6a2: posts big blind $2
*** HOLE CARDS ***
Dealt to 5485f6a2 
Dealt to Hero [Kh Ad]
Hero: raises $3 to $5
5485f6a2: folds
Uncalled bet ($3) returned to Hero
*** SHOWDOWN ***
Hero collected $4 from pot
*** SUMMARY ***
Total pot $4
Seat 3: 5485f6a2(big blind) folded before Flop
Seat 2: Hero(small blind)won ($4)



Poker Hand #ring_859550786: NLH No Limit ($1/$2) - 2025/05/05 13:37:51
Table 'MR NLH 1/2' 7-max Seat #3 is the button
Seat 3: 5485f6a2 ($567.65 in chips)
Seat 2: Hero ($248 in chips)
5485f6a2: posts small blind $1
Hero: posts big blind $2
*** HOLE CARDS ***
Dealt to 5485f6a2 
Dealt to Hero [4d 6h]
5485f6a2: folds
*** SHOWDOWN ***
Hero collected $3 from pot
*** SUMMARY ***
Total pot $3
Seat 3: 5485f6a2(small blind) folded before Flop
Seat 2: Hero(big blind)won ($3)



Poker Hand #ring_859550480: NLH No Limit ($1/$2) - 2025/05/05 13:37:32
Table 'MR NLH 1/2' 7-max Seat #2 is the button
Seat 3: 5485f6a2 ($569.65 in chips)
Seat 2: Hero ($246 in chips)
Hero: posts small blind $1
5485f6a2: posts big blind $2
*** HOLE CARDS ***
Dealt to 5485f6a2 
Dealt to Hero [2d 2s]
Hero: raises $3 to $5
5485f6a2: folds
Uncalled bet ($3) returned to Hero
*** SHOWDOWN ***
Hero collected $4 from pot
*** SUMMARY ***
Total pot $4
Seat 3: 5485f6a2(big blind) folded before Flop
Seat 2: Hero(small blind)won ($4)



Poker Hand #ring_859550333: NLH No Limit ($1/$2) - 2025/05/05 13:37:22
Table 'MR NLH 1/2' 7-max Seat #3 is the button
Seat 3: 5485f6a2 ($570.65 in chips)
Seat 2: Hero ($245 in chips)
5485f6a2: posts small blind $1
Hero: posts big blind $2
*** HOLE CARDS ***
Dealt to 5485f6a2 
Dealt to Hero [Tc 5c]
5485f6a2: folds
*** SHOWDOWN ***
Hero collected $3 from pot
*** SUMMARY ***
Total pot $3
Seat 3: 5485f6a2(small blind) folded before Flop
Seat 2: Hero(big blind)won ($3)



Poker Hand #ring_859549797: NLH No Limit ($1/$2) - 2025/05/05 13:36:47
Table 'MR NLH 1/2' 7-max Seat #2 is the button
Seat 3: 5485f6a2 ($561.1 in chips)
Seat 2: Hero ($255 in chips)
Hero: posts small blind $1
5485f6a2: posts big blind $2
*** HOLE CARDS ***
Dealt to 5485f6a2 
Dealt to Hero [Qc 6c]
Hero: raises $3 to $5
5485f6a2: calls $3
*** FLOP *** [8s Ad 5h]
5485f6a2: checks
Hero: bets $5
5485f6a2: calls $5
*** TURN *** [8s Ad 5h] [Tc]
5485f6a2: bets $10
Hero: folds
Uncalled bet ($10) returned to 5485f6a2
*** SHOWDOWN ***
5485f6a2 collected $20 from pot
*** SUMMARY ***
Total pot $20
Board [8s Ad 5h Tc]
Seat 3: 5485f6a2(big blind)won ($20) with Pair of Treys
Seat 2: Hero(small blind) folded on the Turn



Poker Hand #ring_859549605: NLH No Limit ($1/$2) - 2025/05/05 13:36:35
Table 'MR NLH 1/2' 7-max Seat #3 is the button
Seat 3: 5485f6a2 ($562.1 in chips)
Seat 2: Hero ($254 in chips)
5485f6a2: posts small blind $1
Hero: posts big blind $2
*** HOLE CARDS ***
Dealt to 5485f6a2 
Dealt to Hero [5c 7s]
5485f6a2: folds
*** SHOWDOWN ***
Hero collected $3 from pot
*** SUMMARY ***
Total pot $3
Seat 3: 5485f6a2(small blind) folded before Flop
Seat 2: Hero(big blind)won ($3)



Poker Hand #ring_859549354: NLH No Limit ($1/$2) - 2025/05/05 13:36:19
Table 'MR NLH 1/2' 7-max Seat #2 is the button
Seat 3: 5485f6a2 ($564.1 in chips)
Seat 2: Hero ($252 in chips)
Hero: posts small blind $1
5485f6a2: posts big blind $2
*** HOLE CARDS ***
Dealt to 5485f6a2 
Dealt to Hero [9s 9d]
Hero: raises $3 to $5
5485f6a2: folds
Uncalled bet ($3) returned to Hero
*** SHOWDOWN ***
Hero collected $4 from pot
*** SUMMARY ***
Total pot $4
Seat 3: 5485f6a2(big blind) folded before Flop
Seat 2: Hero(small blind)won ($4)



Poker Hand #ring_859548714: NLH No Limit ($1/$2) - 2025/05/05 13:35:38
Table 'MR NLH 1/2' 7-max Seat #3 is the button
Seat 3: 5485f6a2 ($584.1 in chips)
Seat 2: Hero ($232.9 in chips)
5485f6a2: posts small blind $1
Hero: posts big blind $2
*** HOLE CARDS ***
Dealt to 5485f6a2 
Dealt to Hero [5d 4h]
5485f6a2: raises $2 to $4
Hero: calls $2
*** FLOP *** [2d 5c 7c]
Hero: checks
5485f6a2: bets $4
Hero: calls $4
*** TURN *** [2d 5c 7c] [Jd]
Hero: checks
5485f6a2: bets $12
Hero: calls $12
*** RIVER *** [2d 5c 7c Jd] [5s]
Hero: checks
5485f6a2: checks
Hero: shows [5d 4h]
5485f6a2: shows [8s 8c]
*** SHOWDOWN ***
Hero collected $40 from pot
*** SUMMARY ***
Total pot $40
Board [2d 5c 7c Jd 5s]
Seat 3: 5485f6a2(small blind) showed [8s 8c] and lost with Pair of Eights and Pair of Fives
Seat 2: Hero(big blind) showed [5d 4h] and won ($40) with Three Fives



Poker Hand #ring_859548442: NLH No Limit ($1/$2) - 2025/05/05 13:35:20
Table 'MR NLH 1/2' 7-max Seat #2 is the button
Seat 3: 5485f6a2 ($594.1 in chips)
Seat 2: Hero ($223.35 in chips)
5485f6a2: posts the ante $10
Hero: posts the ante $10
*** HOLE CARDS ***
Dealt to 5485f6a2 
Dealt to Hero [5c 5s]
*** FLOP *** [2d 4h As]
5485f6a2: checks
Hero: bets $10
5485f6a2: folds
Uncalled bet ($10) returned to Hero
*** SHOWDOWN ***
Hero collected $20 from pot
*** SUMMARY ***
Total pot $20
Board [2d 4h As]
Seat 3: 5485f6a2(big blind) folded on the Flop
Seat 2: Hero(small blind)won ($20) with Pair of Fives



Poker Hand #ring_859547858: NLH No Limit ($1/$2) - 2025/05/05 13:34:41
Table 'MR NLH 1/2' 7-max Seat #3 is the button
Seat 3: 5485f6a2 ($625.3 in chips)
Seat 2: Hero ($193.55 in chips)
5485f6a2: posts small blind $1
Hero: posts big blind $2
*** HOLE CARDS ***
Dealt to 5485f6a2 
Dealt to Hero [6d 6c]
5485f6a2: raises $2 to $4
Hero: raises $11.6 to $15.6
5485f6a2: calls $11.6
*** FLOP *** [7d As 9d]
Hero: bets $15.6
5485f6a2: calls $15.6
*** TURN *** [7d As 9d] [Js]
Hero: bets $41.31
5485f6a2: folds
Uncalled bet ($41.31) returned to Hero
*** SHOWDOWN ***
Hero collected $62.4 from pot
*** SUMMARY ***
Total pot $62.4
Board [7d As 9d Js]
Seat 3: 5485f6a2(small blind) folded on the Turn
Seat 2: Hero(big blind)won ($62.4) with Pair of Sixes



Poker Hand #ring_859547672: NLH No Limit ($1/$2) - 2025/05/05 13:34:29
Table 'MR NLH 1/2' 7-max Seat #2 is the button
Seat 3: 5485f6a2 ($627.3 in chips)
Seat 2: Hero ($191.55 in chips)
Hero: posts small blind $1
5485f6a2: posts big blind $2
*** HOLE CARDS ***
Dealt to 5485f6a2 
Dealt to Hero [4s 4d]
Hero: raises $3 to $5
5485f6a2: folds
Uncalled bet ($3) returned to Hero
*** SHOWDOWN ***
Hero collected $4 from pot
*** SUMMARY ***
Total pot $4
Seat 3: 5485f6a2(big blind) folded before Flop
Seat 2: Hero(small blind)won ($4)



Poker Hand #ring_859547375: NLH No Limit ($1/$2) - 2025/05/05 13:34:10
Table 'MR NLH 1/2' 7-max Seat #3 is the button
Seat 3: 5485f6a2 ($623.48 in chips)
Seat 2: Hero ($195.55 in chips)
5485f6a2: posts small blind $1
Hero: posts big blind $2
*** HOLE CARDS ***
Dealt to 5485f6a2 
Dealt to Hero [Kd 5s]
5485f6a2: raises $2 to $4
Hero: calls $2
*** FLOP *** [8c Ts Qh]
Hero: checks
5485f6a2: bets $4
Hero: folds
Uncalled bet ($4) returned to 5485f6a2
*** SHOWDOWN ***
5485f6a2 collected $8 from pot
*** SUMMARY ***
Total pot $8
Board [8c Ts Qh]
Seat 3: 5485f6a2(small blind)won ($8) with Queen-High
Seat 2: Hero(big blind) folded on the Flop



Poker Hand #ring_859547204: NLH No Limit ($1/$2) - 2025/05/05 13:34:00
Table 'MR NLH 1/2' 7-max Seat #2 is the button
Seat 3: 5485f6a2 ($622.48 in chips)
Seat 2: Hero ($196.55 in chips)
Hero: posts small blind $1
5485f6a2: posts big blind $2
*** HOLE CARDS ***
Dealt to 5485f6a2 
Dealt to Hero [5d 9c]
Hero: folds
*** SHOWDOWN ***
5485f6a2 collected $3 from pot
*** SUMMARY ***
Total pot $3
Seat 3: 5485f6a2(big blind)won ($3)
Seat 2: Hero(small blind) folded before Flop



Poker Hand #ring_859547058: NLH No Limit ($1/$2) - 2025/05/05 13:33:49
Table 'MR NLH 1/2' 7-max Seat #3 is the button
Seat 3: 5485f6a2 ($623.48 in chips)
Seat 2: Hero ($195.55 in chips)
5485f6a2: posts small blind $1
Hero: posts big blind $2
*** HOLE CARDS ***
Dealt to 5485f6a2 
Dealt to Hero [Ac As]
5485f6a2: folds
*** SHOWDOWN ***
Hero collected $3 from pot
*** SUMMARY ***
Total pot $3
Seat 3: 5485f6a2(small blind) folded before Flop
Seat 2: Hero(big blind)won ($3)



Poker Hand #ring_859546755: NLH No Limit ($1/$2) - 2025/05/05 13:33:28
Table 'MR NLH 1/2' 7-max Seat #2 is the button
Seat 3: 5485f6a2 ($625.48 in chips)
Seat 2: Hero ($193.55 in chips)
Hero: posts small blind $1
5485f6a2: posts big blind $2
*** HOLE CARDS ***
Dealt to 5485f6a2 
Dealt to Hero [6c 6h]
Hero: raises $3 to $5
5485f6a2: folds
Uncalled bet ($3) returned to Hero
*** SHOWDOWN ***
Hero collected $4 from pot
*** SUMMARY ***
Total pot $4
Seat 3: 5485f6a2(big blind) folded before Flop
Seat 2: Hero(small blind)won ($4)



Poker Hand #ring_859546576: NLH No Limit ($1/$2) - 2025/05/05 13:33:17
Table 'MR NLH 1/2' 7-max Seat #3 is the button
Seat 3: 5485f6a2 ($626.48 in chips)
Seat 2: Hero ($192.55 in chips)
5485f6a2: posts small blind $1
Hero: posts big blind $2
*** HOLE CARDS ***
Dealt to 5485f6a2 
Dealt to Hero [3d As]
5485f6a2: folds
*** SHOWDOWN ***
Hero collected $3 from pot
*** SUMMARY ***
Total pot $3
Seat 3: 5485f6a2(small blind) folded before Flop
Seat 2: Hero(big blind)won ($3)



Poker Hand #ring_859546391: NLH No Limit ($1/$2) - 2025/05/05 13:33:06
Table 'MR NLH 1/2' 7-max Seat #2 is the button
Seat 3: 5485f6a2 ($625.48 in chips)
Seat 2: Hero ($193.55 in chips)
Hero: posts small blind $1
5485f6a2: posts big blind $2
*** HOLE CARDS ***
Dealt to 5485f6a2 
Dealt to Hero [Ts 2d]
Hero: folds
*** SHOWDOWN ***
5485f6a2 collected $3 from pot
*** SUMMARY ***
Total pot $3
Seat 3: 5485f6a2(big blind)won ($3)
Seat 2: Hero(small blind) folded before Flop



Poker Hand #ring_859546235: NLH No Limit ($1/$2) - 2025/05/05 13:32:56
Table 'MR NLH 1/2' 7-max Seat #3 is the button
Seat 3: 5485f6a2 ($626.48 in chips)
Seat 2: Hero ($192.55 in chips)
5485f6a2: posts small blind $1
Hero: posts big blind $2
*** HOLE CARDS ***
Dealt to 5485f6a2 
Dealt to Hero [2h 5c]
5485f6a2: folds
*** SHOWDOWN ***
Hero collected $3 from pot
*** SUMMARY ***
Total pot $3
Seat 3: 5485f6a2(small blind) folded before Flop
Seat 2: Hero(big blind)won ($3)



Poker Hand #ring_859545886: NLH No Limit ($1/$2) - 2025/05/05 13:32:33
Table 'MR NLH 1/2' 7-max Seat #2 is the button
Seat 3: 5485f6a2 ($636.48 in chips)
Seat 2: Hero ($183 in chips)
5485f6a2: posts the ante $10
Hero: posts the ante $10
*** HOLE CARDS ***
Dealt to 5485f6a2 
Dealt to Hero [2h Td]
*** FLOP *** [4d Js 4h]
5485f6a2: checks
Hero: checks
*** TURN *** [4d Js 4h] [2c]
5485f6a2: checks
Hero: checks
*** RIVER *** [4d Js 4h 2c] [Ks]
5485f6a2: checks
Hero: checks
Hero: shows [2h Td]
5485f6a2: shows [7c 8h]
*** SHOWDOWN ***
Hero collected $20 from pot
*** SUMMARY ***
Total pot $20
Board [4d Js 4h 2c Ks]
Seat 3: 5485f6a2(big blind) showed [7c 8h] and lost with Pair of Fours
Seat 2: Hero(small blind) showed [2h Td] and won ($20) with Pair of Fours and Pair of Twos



Poker Hand #ring_859545615: NLH No Limit ($1/$2) - 2025/05/05 13:32:16
Table 'MR NLH 1/2' 7-max Seat #3 is the button
Seat 3: 5485f6a2 ($637.48 in chips)
Seat 2: Hero ($182 in chips)
5485f6a2: posts small blind $1
Hero: posts big blind $2
*** HOLE CARDS ***
Dealt to 5485f6a2 
Dealt to Hero [8c 3s]
5485f6a2: folds
*** SHOWDOWN ***
Hero collected $3 from pot
*** SUMMARY ***
Total pot $3
Seat 3: 5485f6a2(small blind) folded before Flop
Seat 2: Hero(big blind)won ($3)



Poker Hand #ring_859544938: NLH No Limit ($1/$2) - 2025/05/05 13:31:31
Table 'MR NLH 1/2' 7-max Seat #2 is the button
Seat 3: 5485f6a2 ($627.93 in chips)
Seat 2: Hero ($192 in chips)
Hero: posts small blind $1
5485f6a2: posts big blind $2
*** HOLE CARDS ***
Dealt to 5485f6a2 
Dealt to Hero [4h 3c]
Hero: raises $3 to $5
5485f6a2: calls $3
*** FLOP *** [2s 8d 2c]
5485f6a2: checks
Hero: checks
*** TURN *** [2s 8d 2c] [Qh]
5485f6a2: checks
Hero: checks
*** RIVER *** [2s 8d 2c Qh] [7h]
5485f6a2: checks
Hero: bets $5
5485f6a2: calls $5
Hero: shows [4h 3c]
5485f6a2: shows [Td Qc]
*** SHOWDOWN ***
5485f6a2 collected $20 from pot
*** SUMMARY ***
Total pot $20
Board [2s 8d 2c Qh 7h]
Seat 3: 5485f6a2(big blind) showed [Td Qc] and won ($20) with Pair of Queens and Pair of Twos
Seat 2: Hero(small blind) showed [4h 3c] and lost with Pair of Twos



Poker Hand #ring_859544776: NLH No Limit ($1/$2) - 2025/05/05 13:31:20
Table 'MR NLH 1/2' 7-max Seat #3 is the button
Seat 3: 5485f6a2 ($628.93 in chips)
Seat 2: Hero ($191 in chips)
5485f6a2: posts small blind $1
Hero: posts big blind $2
*** HOLE CARDS ***
Dealt to 5485f6a2 
Dealt to Hero [Ac 2s]
5485f6a2: folds
*** SHOWDOWN ***
Hero collected $3 from pot
*** SUMMARY ***
Total pot $3
Seat 3: 5485f6a2(small blind) folded before Flop
Seat 2: Hero(big blind)won ($3)



Poker Hand #ring_859544559: NLH No Limit ($1/$2) - 2025/05/05 13:31:08
Table 'MR NLH 1/2' 7-max Seat #2 is the button
Seat 3: 5485f6a2 ($630.93 in chips)
Seat 2: Hero ($189 in chips)
Hero: posts small blind $1
5485f6a2: posts big blind $2
*** HOLE CARDS ***
Dealt to 5485f6a2 
Dealt to Hero [5d Qc]
Hero: raises $3 to $5
5485f6a2: folds
Uncalled bet ($3) returned to Hero
*** SHOWDOWN ***
Hero collected $4 from pot
*** SUMMARY ***
Total pot $4
Seat 3: 5485f6a2(big blind) folded before Flop
Seat 2: Hero(small blind)won ($4)



Poker Hand #ring_859543774: NLH No Limit ($1/$2) - 2025/05/05 13:30:14
Table 'MR NLH 1/2' 7-max Seat #3 is the button
Seat 3: 5485f6a2 ($638.93 in chips)
Seat 2: Hero ($181.36 in chips)
5485f6a2: posts small blind $1
Hero: posts big blind $2
*** HOLE CARDS ***
Dealt to 5485f6a2 
Dealt to Hero [Qs 7h]
5485f6a2: raises $2 to $4
Hero: calls $2
*** FLOP *** [4d 2h Js]
Hero: checks
5485f6a2: checks
*** TURN *** [4d 2h Js] [5c]
Hero: checks
5485f6a2: bets $4
Hero: raises $12.8 to $16.8
5485f6a2: folds
Uncalled bet ($12.8) returned to Hero
*** SHOWDOWN ***
Hero collected $16 from pot
*** SUMMARY ***
Total pot $16
Board [4d 2h Js 5c]
Seat 3: 5485f6a2(small blind) folded on the Turn
Seat 2: Hero(big blind)won ($16) with Queen-High



Poker Hand #ring_859543372: NLH No Limit ($1/$2) - 2025/05/05 13:29:49
Table 'MR NLH 1/2' 7-max Seat #2 is the button
Seat 3: 5485f6a2 ($633.93 in chips)
Seat 2: Hero ($186.36 in chips)
Hero: posts small blind $1
5485f6a2: posts big blind $2
*** HOLE CARDS ***
Dealt to 5485f6a2 
Dealt to Hero [4d Qd]
Hero: raises $3 to $5
5485f6a2: raises $17 to $22
Hero: folds
Uncalled bet ($17) returned to 5485f6a2
*** SHOWDOWN ***
5485f6a2 collected $10 from pot
*** SUMMARY ***
Total pot $10
Seat 3: 5485f6a2(big blind)won ($10)
Seat 2: Hero(small blind) folded before Flop



Poker Hand #ring_859543198: NLH No Limit ($1/$2) - 2025/05/05 13:29:38
Table 'MR NLH 1/2' 7-max Seat #3 is the button
Seat 3: 5485f6a2 ($634.93 in chips)
Seat 2: Hero ($185.36 in chips)
5485f6a2: posts small blind $1
Hero: posts big blind $2
*** HOLE CARDS ***
Dealt to 5485f6a2 
Dealt to Hero [Qh Ad]
5485f6a2: folds
*** SHOWDOWN ***
Hero collected $3 from pot
*** SUMMARY ***
Total pot $3
Seat 3: 5485f6a2(small blind) folded before Flop
Seat 2: Hero(big blind)won ($3)



Poker Hand #ring_859542299: NLH No Limit ($1/$2) - 2025/05/05 13:28:52
Table 'MR NLH 1/2' 7-max Seat #2 is the button
Seat 3: 5485f6a2 ($625.38 in chips)
Seat 2: Hero ($195.36 in chips)
Hero: posts small blind $1
5485f6a2: posts big blind $2
*** HOLE CARDS ***
Dealt to 5485f6a2 
Dealt to Hero [4d 3s]
Hero: raises $3 to $5
5485f6a2: calls $3
*** FLOP *** [Qs 5d Jd]
5485f6a2: checks
Hero: checks
*** TURN *** [Qs 5d Jd] [5s]
5485f6a2: checks
Hero: bets $5
5485f6a2: calls $5
*** RIVER *** [Qs 5d Jd 5s] [Jh]
5485f6a2: checks
Hero: checks
Hero: shows [4d 3s]
5485f6a2: shows [Kh 6h]
*** SHOWDOWN ***
5485f6a2 collected $20 from pot
*** SUMMARY ***
Total pot $20
Board [Qs 5d Jd 5s Jh]
Seat 3: 5485f6a2(big blind) showed [Kh 6h] and won ($20) with Pair of Jacks and Pair of Fives
Seat 2: Hero(small blind) showed [4d 3s] and lost with Pair of Jacks and Pair of Fives



Poker Hand #ring_859542126: NLH No Limit ($1/$2) - 2025/05/05 13:28:42
Table 'MR NLH 1/2' 7-max Seat #3 is the button
Seat 3: 5485f6a2 ($626.38 in chips)
Seat 2: Hero ($194.36 in chips)
5485f6a2: posts small blind $1
Hero: posts big blind $2
*** HOLE CARDS ***
Dealt to 5485f6a2 
Dealt to Hero [Jd 5h]
5485f6a2: folds
*** SHOWDOWN ***
Hero collected $3 from pot
*** SUMMARY ***
Total pot $3
Seat 3: 5485f6a2(small blind) folded before Flop
Seat 2: Hero(big blind)won ($3)



Poker Hand #ring_859541781: NLH No Limit ($1/$2) - 2025/05/05 13:28:18
Table 'MR NLH 1/2' 7-max Seat #2 is the button
Seat 3: 5485f6a2 ($616.83 in chips)
Seat 2: Hero ($204.36 in chips)
5485f6a2: posts the ante $10
Hero: posts the ante $10
*** HOLE CARDS ***
Dealt to 5485f6a2 
Dealt to Hero [Js Ks]
*** FLOP *** [2c 9h 6h]
5485f6a2: checks
Hero: checks
*** TURN *** [2c 9h 6h] [8c]
5485f6a2: checks
Hero: checks
*** RIVER *** [2c 9h 6h 8c] [8s]
5485f6a2: checks
Hero: checks
Hero: shows [Js Ks]
5485f6a2: shows [As 3h]
*** SHOWDOWN ***
5485f6a2 collected $20 from pot
*** SUMMARY ***
Total pot $20
Board [2c 9h 6h 8c 8s]
Seat 3: 5485f6a2(big blind) showed [As 3h] and won ($20) with Pair of Eights
Seat 2: Hero(small blind) showed [Js Ks] and lost with Pair of Eights



Poker Hand #ring_859541313: NLH No Limit ($1/$2) - 2025/05/05 13:27:47
Table 'MR NLH 1/2' 7-max Seat #3 is the button
Seat 3: 5485f6a2 ($624.83 in chips)
Seat 2: Hero ($196.72 in chips)
5485f6a2: posts small blind $1
Hero: posts big blind $2
*** HOLE CARDS ***
Dealt to 5485f6a2 
Dealt to Hero [Ad 6h]
5485f6a2: raises $2 to $4
Hero: calls $2
*** FLOP *** [As Tc 2s]
Hero: checks
5485f6a2: checks
*** TURN *** [As Tc 2s] [6s]
Hero: bets $4
5485f6a2: calls $4
*** RIVER *** [As Tc 2s 6s] [Kh]
Hero: checks
5485f6a2: checks
Hero: shows [Ad 6h]
5485f6a2: shows [8d 8s]
*** SHOWDOWN ***
Hero collected $16 from pot
*** SUMMARY ***
Total pot $16
Board [As Tc 2s 6s Kh]
Seat 3: 5485f6a2(small blind) showed [8d 8s] and lost with Pair of Eights
Seat 2: Hero(big blind) showed [Ad 6h] and won ($16) with Pair of Aces and Pair of Sixes



Poker Hand #ring_859540922: NLH No Limit ($1/$2) - 2025/05/05 13:27:22
Table 'MR NLH 1/2' 7-max Seat #2 is the button
Seat 3: 5485f6a2 ($619.1 in chips)
Seat 2: Hero ($202.72 in chips)
Hero: posts small blind $1
5485f6a2: posts big blind $2
*** HOLE CARDS ***
Dealt to 5485f6a2 
Dealt to Hero [9h Ks]
Hero: raises $4 to $6
5485f6a2: calls $4
*** FLOP *** [Jc 4d Jd]
5485f6a2: checks
Hero: checks
*** TURN *** [Jc 4d Jd] [6h]
5485f6a2: checks
Hero: checks
*** RIVER *** [Jc 4d Jd 6h] [7d]
5485f6a2: checks
Hero: checks
Hero: shows [9h Ks]
5485f6a2: shows [2s 2h]
*** SHOWDOWN ***
5485f6a2 collected $12 from pot
*** SUMMARY ***
Total pot $12
Board [Jc 4d Jd 6h 7d]
Seat 3: 5485f6a2(big blind) showed [2s 2h] and won ($12) with Pair of Jacks and Pair of Twos
Seat 2: Hero(small blind) showed [9h Ks] and lost with Pair of Jacks



Poker Hand #ring_859540232: NLH No Limit ($1/$2) - 2025/05/05 13:26:37
Table 'MR NLH 1/2' 7-max Seat #3 is the button
Seat 3: 5485f6a2 ($627.1 in chips)
Seat 2: Hero ($195.08 in chips)
5485f6a2: posts small blind $1
Hero: posts big blind $2
*** HOLE CARDS ***
Dealt to 5485f6a2 
Dealt to Hero [Tc 6c]
5485f6a2: raises $2 to $4
Hero: calls $2
*** FLOP *** [8s 8c Th]
Hero: checks
5485f6a2: bets $4
Hero: raises $12.8 to $16.8
5485f6a2: folds
Uncalled bet ($12.8) returned to Hero
*** SHOWDOWN ***
Hero collected $16 from pot
*** SUMMARY ***
Total pot $16
Board [8s 8c Th]
Seat 3: 5485f6a2(small blind) folded on the Flop
Seat 2: Hero(big blind)won ($16) with Pair of Tens and Pair of Eights



Poker Hand #ring_859540066: NLH No Limit ($1/$2) - 2025/05/05 13:26:27
Table 'MR NLH 1/2' 7-max Seat #2 is the button
Seat 3: 5485f6a2 ($626.1 in chips)
Seat 2: Hero ($196.08 in chips)
Hero: posts small blind $1
5485f6a2: posts big blind $2
*** HOLE CARDS ***
Dealt to 5485f6a2 
Dealt to Hero [5d Jc]
Hero: folds
*** SHOWDOWN ***
5485f6a2 collected $3 from pot
*** SUMMARY ***
Total pot $3
Seat 3: 5485f6a2(big blind)won ($3)
Seat 2: Hero(small blind) folded before Flop



Poker Hand #ring_859539761: NLH No Limit ($1/$2) - 2025/05/05 13:26:05
Table 'MR NLH 1/2' 7-max Seat #3 is the button
Seat 3: 5485f6a2 ($622.28 in chips)
Seat 2: Hero ($200.08 in chips)
5485f6a2: posts small blind $1
Hero: posts big blind $2
*** HOLE CARDS ***
Dealt to 5485f6a2 
Dealt to Hero [9s Kh]
5485f6a2: raises $2 to $4
Hero: calls $2
*** FLOP *** [5s 4h As]
Hero: checks
5485f6a2: bets $4
Hero: folds
Uncalled bet ($4) returned to 5485f6a2
*** SHOWDOWN ***
5485f6a2 collected $8 from pot
*** SUMMARY ***
Total pot $8
Board [5s 4h As]
Seat 3: 5485f6a2(small blind)won ($8) with Ace-High
Seat 2: Hero(big blind) folded on the Flop



Poker Hand #ring_859539537: NLH No Limit ($1/$2) - 2025/05/05 13:25:52
Table 'MR NLH 1/2' 7-max Seat #2 is the button
Seat 3: 5485f6a2 ($624.28 in chips)
Seat 2: Hero ($198.08 in chips)
Hero: posts small blind $1
5485f6a2: posts big blind $2
*** HOLE CARDS ***
Dealt to 5485f6a2 
Dealt to Hero [7d Kh]
Hero: raises $4 to $6
5485f6a2: folds
Uncalled bet ($4) returned to Hero
*** SHOWDOWN ***
Hero collected $4 from pot
*** SUMMARY ***
Total pot $4
Seat 3: 5485f6a2(big blind) folded before Flop
Seat 2: Hero(small blind)won ($4)



Poker Hand #ring_859539132: NLH No Limit ($1/$2) - 2025/05/05 13:25:26
Table 'MR NLH 1/2' 7-max Seat #3 is the button
Seat 3: 5485f6a2 ($639.88 in chips)
Seat 2: Hero ($183.18 in chips)
5485f6a2: posts small blind $1
Hero: posts big blind $2
*** HOLE CARDS ***
Dealt to 5485f6a2 
Dealt to Hero [Th Ac]
5485f6a2: raises $2 to $4
Hero: raises $11.6 to $15.6
5485f6a2: calls $11.6
*** FLOP *** [Tc Jd Jh]
Hero: bets $15.6
5485f6a2: folds
Uncalled bet ($15.6) returned to Hero
*** SHOWDOWN ***
Hero collected $31.2 from pot
*** SUMMARY ***
Total pot $31.2
Board [Tc Jd Jh]
Seat 3: 5485f6a2(small blind) folded on the Flop
Seat 2: Hero(big blind)won ($31.2) with Pair of Jacks and Pair of Tens



Poker Hand #ring_859538890: NLH No Limit ($1/$2) - 2025/05/05 13:25:10
Table 'MR NLH 1/2' 7-max Seat #2 is the button
Seat 3: 5485f6a2 ($641.88 in chips)
Seat 2: Hero ($181.18 in chips)
Hero: posts small blind $1
5485f6a2: posts big blind $2
*** HOLE CARDS ***
Dealt to 5485f6a2 
Dealt to Hero [8h Ah]
Hero: raises $4 to $6
5485f6a2: folds
Uncalled bet ($4) returned to Hero
*** SHOWDOWN ***
Hero collected $4 from pot
*** SUMMARY ***
Total pot $4
Seat 3: 5485f6a2(big blind) folded before Flop
Seat 2: Hero(small blind)won ($4)



Poker Hand #ring_859538681: NLH No Limit ($1/$2) - 2025/05/05 13:24:57
Table 'MR NLH 1/2' 7-max Seat #3 is the button
Seat 3: 5485f6a2 ($642.88 in chips)
Seat 2: Hero ($180.18 in chips)
5485f6a2: posts small blind $1
Hero: posts big blind $2
*** HOLE CARDS ***
Dealt to 5485f6a2 
Dealt to Hero [3h 6h]
5485f6a2: folds
*** SHOWDOWN ***
Hero collected $3 from pot
*** SUMMARY ***
Total pot $3
Seat 3: 5485f6a2(small blind) folded before Flop
Seat 2: Hero(big blind)won ($3)



Poker Hand #ring_859538083: NLH No Limit ($1/$2) - 2025/05/05 13:24:19
Table 'MR NLH 1/2' 7-max Seat #2 is the button
Seat 3: 5485f6a2 ($682.88 in chips)
Seat 2: Hero ($141.98 in chips)
5485f6a2: posts the ante $10
Hero: posts the ante $10
*** HOLE CARDS ***
Dealt to 5485f6a2 
Dealt to Hero [Ad Tc]
*** FLOP *** [As Ac 8h]
5485f6a2: checks
Hero: bets $10
5485f6a2: raises $20 to $30
Hero: calls $20
*** TURN *** [As Ac 8h] [Ks]
5485f6a2: checks
Hero: bets $24
5485f6a2: folds
Uncalled bet ($24) returned to Hero
*** SHOWDOWN ***
Hero collected $80 from pot
*** SUMMARY ***
Total pot $80
Board [As Ac 8h Ks]
Seat 3: 5485f6a2(big blind) folded on the Turn
Seat 2: Hero(small blind)won ($80) with Three Aces



Poker Hand #ring_859537594: NLH No Limit ($1/$2) - 2025/05/05 13:23:47
Table 'MR NLH 1/2' 7-max Seat #3 is the button
Seat 3: 5485f6a2 ($657.05 in chips)
Seat 2: Hero ($169.02 in chips)
5485f6a2: posts small blind $1
Hero: posts big blind $2
*** HOLE CARDS ***
Dealt to 5485f6a2 
Dealt to Hero [Kc 8d]
5485f6a2: raises $2 to $4
Hero: calls $2
*** FLOP *** [Tc 9c 6c]
Hero: checks
5485f6a2: checks
*** TURN *** [Tc 9c 6c] [3h]
Hero: bets $6.4
5485f6a2: calls $6.4
*** RIVER *** [Tc 9c 6c 3h] [Ks]
Hero: bets $16.64
5485f6a2: calls $16.64
Hero: shows [Kc 8d]
5485f6a2: shows [9h Kh]
*** SHOWDOWN ***
5485f6a2 collected $54.08 from pot
*** SUMMARY ***
Total pot $54.08
Board [Tc 9c 6c 3h Ks]
Seat 3: 5485f6a2(small blind) showed [9h Kh] and won ($54.08) with Pair of Kings and Pair of Nines
Seat 2: Hero(big blind) showed [Kc 8d] and lost with Pair of Kings



Poker Hand #ring_859537394: NLH No Limit ($1/$2) - 2025/05/05 13:23:34
Table 'MR NLH 1/2' 7-max Seat #2 is the button
Seat 3: 5485f6a2 ($659.05 in chips)
Seat 2: Hero ($167.02 in chips)
Hero: posts small blind $1
5485f6a2: posts big blind $2
*** HOLE CARDS ***
Dealt to 5485f6a2 
Dealt to Hero [9c 9h]
Hero: raises $3 to $5
5485f6a2: folds
Uncalled bet ($3) returned to Hero
*** SHOWDOWN ***
Hero collected $4 from pot
*** SUMMARY ***
Total pot $4
Seat 3: 5485f6a2(big blind) folded before Flop
Seat 2: Hero(small blind)won ($4)



Poker Hand #ring_859536679: NLH No Limit ($1/$2) - 2025/05/05 13:22:48
Table 'MR NLH 1/2' 7-max Seat #3 is the button
Seat 3: 5485f6a2 ($611.3 in chips)
Seat 2: Hero ($217.02 in chips)
5485f6a2: posts small blind $1
Hero: posts big blind $2
*** HOLE CARDS ***
Dealt to 5485f6a2 
Dealt to Hero [Jd 8h]
5485f6a2: raises $2 to $4
Hero: calls $2
*** FLOP *** [9h 7h 7d]
Hero: checks
5485f6a2: bets $4
Hero: calls $4
*** TURN *** [9h 7h 7d] [5h]
Hero: checks
5485f6a2: bets $12
Hero: calls $12
*** RIVER *** [9h 7h 7d 5h] [Jh]
Hero: checks
5485f6a2: bets $30
Hero: calls $30
Hero: shows [Jd 8h]
5485f6a2: shows [2d Ah]
*** SHOWDOWN ***
5485f6a2 collected $100 from pot
*** SUMMARY ***
Total pot $100
Board [9h 7h 7d 5h Jh]
Seat 3: 5485f6a2(small blind) showed [2d Ah] and won ($100) with Ace High Flush
Seat 2: Hero(big blind) showed [Jd 8h] and lost with Jack High Flush



Poker Hand #ring_859536471: NLH No Limit ($1/$2) - 2025/05/05 13:22:35
Table 'MR NLH 1/2' 7-max Seat #2 is the button
Seat 3: 5485f6a2 ($613.3 in chips)
Seat 2: Hero ($215.02 in chips)
Hero: posts small blind $1
5485f6a2: posts big blind $2
*** HOLE CARDS ***
Dealt to 5485f6a2 
Dealt to Hero [Ah 4d]
Hero: raises $3 to $5
5485f6a2: folds
Uncalled bet ($3) returned to Hero
*** SHOWDOWN ***
Hero collected $4 from pot
*** SUMMARY ***
Total pot $4
Seat 3: 5485f6a2(big blind) folded before Flop
Seat 2: Hero(small blind)won ($4)



Poker Hand #ring_859536268: NLH No Limit ($1/$2) - 2025/05/05 13:22:21
Table 'MR NLH 1/2' 7-max Seat #3 is the button
Seat 3: 5485f6a2 ($614.3 in chips)
Seat 2: Hero ($214.02 in chips)
5485f6a2: posts small blind $1
Hero: posts big blind $2
*** HOLE CARDS ***
Dealt to 5485f6a2 
Dealt to Hero [Qs 7d]
5485f6a2: folds
*** SHOWDOWN ***
Hero collected $3 from pot
*** SUMMARY ***
Total pot $3
Seat 3: 5485f6a2(small blind) folded before Flop
Seat 2: Hero(big blind)won ($3)



Poker Hand #ring_859536041: NLH No Limit ($1/$2) - 2025/05/05 13:22:05
Table 'MR NLH 1/2' 7-max Seat #0 is the button
Seat 3: 5485f6a2 ($616.3 in chips)
Seat 2: Hero ($212.02 in chips)
Hero: posts small blind $1
5485f6a2: posts big blind $2
*** HOLE CARDS ***
Dealt to 5485f6a2 
Dealt to Hero [Qs 6d]
Hero: raises $3 to $5
5485f6a2: folds
Uncalled bet ($3) returned to Hero
*** SHOWDOWN ***
Hero collected $4 from pot
*** SUMMARY ***
Total pot $4
Seat 3: 5485f6a2(big blind) folded before Flop
Seat 2: Hero(small blind)won ($4)



Poker Hand #ring_859535637: NLH No Limit ($1/$2) - 2025/05/05 13:21:39
Table 'MR NLH 1/2' 7-max Seat #3 is the button
Seat 4: 8ac6d4 ($198.52 in chips)
Seat 3: 5485f6a2 ($616.3 in chips)
Seat 2: Hero ($200 in chips)
8ac6d4: posts small blind $1
Hero: posts big blind $2
*** HOLE CARDS ***
Dealt to 8ac6d4 
Dealt to 5485f6a2 
Dealt to Hero [8h Ah]
5485f6a2: folds
8ac6d4: raises $4 to $6
Hero: calls $4
*** FLOP *** [Th 7s Qh]
8ac6d4: bets $7.2
Hero: raises $13.2 to $20.4
8ac6d4: folds
Uncalled bet ($13.2) returned to Hero
*** SHOWDOWN ***
Hero collected $26.4 from pot
*** SUMMARY ***
Total pot $26.4
Board [Th 7s Qh]
Seat 4: 8ac6d4(small blind) folded on the Flop
Seat 3: 5485f6a2 folded before Flop (didn't bet)
Seat 2: Hero(big blind)won ($26.4) with Ace-High



Poker Hand #ring_859534265: NLH No Limit ($1/$2) - 2025/05/05 13:20:08
Table 'MR NLH 1/2' 7-max Seat #4 is the button
Seat 4: 8ac6d4 ($197 in chips)
Seat 3: 5485f6a2 ($283.76 in chips)
Seat 2: Hero ($237.44 in chips)
Seat 6: 31dfc815 ($125 in chips)
31dfc815: posts the ante $10
Hero: posts the ante $10
5485f6a2: posts the ante $10
8ac6d4: posts the ante $10
*** HOLE CARDS ***
Dealt to 8ac6d4 
Dealt to 5485f6a2 
Dealt to Hero [Ac 2c]
Dealt to 31dfc815 
*** FLOP *** [6c Kh Tc]
31dfc815: bets $40
Hero: calls $40
5485f6a2: raises $233.76 to $273.76 and is all-in
8ac6d4: folds
31dfc815: calls $75 and is all-in
Hero: calls $187.44 and is all-in
Uncalled bet ($46.32) returned to 5485f6a2
Hero: shows [Ac 2c] (Ace-High)
5485f6a2: shows [6s Kc] (Pair of Kings and Pair of Sixes)
31dfc815: shows [6h Th] (Pair of Tens and Pair of Sixes)
*** TURN *** [6c Kh Tc] [3d]
*** RIVER *** [6c Kh Tc 3d] [7d]
*** SHOWDOWN ***
5485f6a2 collected $385 from pot
5485f6a2 collected $224.88 from pot
*** SUMMARY ***
Total pot $609.88
Board [6c Kh Tc 3d 7d]
Seat 4: 8ac6d4 folded on the Flop
Seat 3: 5485f6a2 showed [6s Kc] and won ($385) with Pair of Kings and Pair of Sixes
Seat 2: Hero(big blind) showed [Ac 2c] and lost with Ace-High
Seat 6: 31dfc815(small blind) showed [6h Th] and lost with Pair of Tens and Pair of Sixes



Poker Hand #ring_859533935: NLH No Limit ($1/$2) - 2025/05/05 13:19:47
Table 'MR NLH 1/2' 7-max Seat #3 is the button
Seat 4: 8ac6d4 ($198 in chips)
Seat 3: 5485f6a2 ($283.76 in chips)
Seat 2: Hero ($237.44 in chips)
Seat 6: 31dfc815 ($124 in chips)
8ac6d4: posts small blind $1
31dfc815: posts big blind $2
*** HOLE CARDS ***
Dealt to 8ac6d4 
Dealt to 5485f6a2 
Dealt to Hero [Kh Ts]
Dealt to 31dfc815 
Hero: folds
5485f6a2: folds
8ac6d4: folds
*** SHOWDOWN ***
31dfc815 collected $3 from pot
*** SUMMARY ***
Total pot $3
Seat 4: 8ac6d4(small blind) folded before Flop
Seat 3: 5485f6a2 folded before Flop (didn't bet)
Seat 2: Hero folded before Flop (didn't bet)
Seat 6: 31dfc815(big blind)won ($3)



Poker Hand #ring_859533594: NLH No Limit ($1/$2) - 2025/05/05 13:19:26
Table 'MR NLH 1/2' 7-max Seat #2 is the button
Seat 4: 8ac6d4 ($200 in chips)
Seat 3: 5485f6a2 ($284.76 in chips)
Seat 2: Hero ($234.44 in chips)
Seat 6: 31dfc815 ($124 in chips)
5485f6a2: posts small blind $1
8ac6d4: posts big blind $2
*** HOLE CARDS ***
Dealt to 8ac6d4 
Dealt to 5485f6a2 
Dealt to Hero [3s 2s]
Dealt to 31dfc815 
31dfc815: folds
Hero: raises $4 to $6
5485f6a2: folds
8ac6d4: folds
Uncalled bet ($4) returned to Hero
*** SHOWDOWN ***
Hero collected $5 from pot
*** SUMMARY ***
Total pot $5
Seat 4: 8ac6d4(big blind) folded before Flop
Seat 3: 5485f6a2(small blind) folded before Flop
Seat 2: Herowon ($5)
Seat 6: 31dfc815 folded before Flop (didn't bet)



Poker Hand #ring_859532861: NLH No Limit ($1/$2) - 2025/05/05 13:18:36
Table 'MR NLH 1/2' 7-max Seat #6 is the button
Seat 3: 5485f6a2 ($286.76 in chips)
Seat 2: Hero ($220.7 in chips)
Seat 6: 31dfc815 ($137 in chips)
Hero: posts small blind $1
5485f6a2: posts big blind $2
*** HOLE CARDS ***
Dealt to 5485f6a2 
Dealt to Hero [9h 9s]
Dealt to 31dfc815 
31dfc815: raises $4 to $6
Hero: calls $5
5485f6a2: folds
*** FLOP *** [Kc Th 6h]
Hero: checks
31dfc815: bets $7
Hero: calls $7
*** TURN *** [Kc Th 6h] [4s]
Hero: checks
31dfc815: checks
*** RIVER *** [Kc Th 6h 4s] [6c]
Hero: checks
31dfc815: checks
Hero: shows [9h 9s]
31dfc815: shows [3h Ac]
*** SHOWDOWN ***
Hero collected $28 from pot
*** SUMMARY ***
Total pot $28
Board [Kc Th 6h 4s 6c]
Seat 3: 5485f6a2(big blind) folded before Flop
Seat 2: Hero(small blind) showed [9h 9s] and won ($28) with Pair of Nines and Pair of Sixes
Seat 6: 31dfc815 showed [3h Ac] and lost with Pair of Sixes



Poker Hand #ring_859532569: NLH No Limit ($1/$2) - 2025/05/05 13:18:16
Table 'MR NLH 1/2' 7-max Seat #3 is the button
Seat 3: 5485f6a2 ($286.76 in chips)
Seat 2: Hero ($219.7 in chips)
Seat 6: 31dfc815 ($138 in chips)
31dfc815: posts small blind $1
Hero: posts big blind $2
*** HOLE CARDS ***
Dealt to 5485f6a2 
Dealt to Hero [2s 6h]
Dealt to 31dfc815 
5485f6a2: folds
31dfc815: folds
*** SHOWDOWN ***
Hero collected $3 from pot
*** SUMMARY ***
Total pot $3
Seat 3: 5485f6a2 folded before Flop (didn't bet)
Seat 2: Hero(big blind)won ($3)
Seat 6: 31dfc815(small blind) folded before Flop



Poker Hand #ring_859532319: NLH No Limit ($1/$2) - 2025/05/05 13:18:00
Table 'MR NLH 1/2' 7-max Seat #2 is the button
Seat 3: 5485f6a2 ($287.76 in chips)
Seat 2: Hero ($116.7 in chips)
Seat 6: 31dfc815 ($140 in chips)
5485f6a2: posts small blind $1
31dfc815: posts big blind $2
*** HOLE CARDS ***
Dealt to 5485f6a2 
Dealt to Hero [Ts Js]
Dealt to 31dfc815 
Hero: raises $4 to $6
5485f6a2: folds
31dfc815: folds
Uncalled bet ($4) returned to Hero
*** SHOWDOWN ***
Hero collected $5 from pot
*** SUMMARY ***
Total pot $5
Seat 3: 5485f6a2(small blind) folded before Flop
Seat 2: Herowon ($5)
Seat 6: 31dfc815(big blind) folded before Flop



Poker Hand #ring_859532073: NLH No Limit ($1/$2) - 2025/05/05 13:17:44
Table 'MR NLH 1/2' 7-max Seat #6 is the button
Seat 3: 5485f6a2 ($289.76 in chips)
Seat 2: Hero ($117.7 in chips)
Seat 6: 31dfc815 ($137 in chips)
Hero: posts small blind $1
5485f6a2: posts big blind $2
*** HOLE CARDS ***
Dealt to 5485f6a2 
Dealt to Hero [Kc 4s]
Dealt to 31dfc815 
31dfc815: raises $4 to $6
Hero: folds
5485f6a2: folds
Uncalled bet ($4) returned to 31dfc815
*** SHOWDOWN ***
31dfc815 collected $5 from pot
*** SUMMARY ***
Total pot $5
Seat 3: 5485f6a2(big blind) folded before Flop
Seat 2: Hero(small blind) folded before Flop
Seat 6: 31dfc815won ($5)



Poker Hand #ring_859531826: NLH No Limit ($1/$2) - 2025/05/05 13:17:28
Table 'MR NLH 1/2' 7-max Seat #3 is the button
Seat 3: 5485f6a2 ($286.76 in chips)
Seat 2: Hero ($119.7 in chips)
Seat 6: 31dfc815 ($138 in chips)
31dfc815: posts small blind $1
Hero: posts big blind $2
*** HOLE CARDS ***
Dealt to 5485f6a2 
Dealt to Hero [2c Td]
Dealt to 31dfc815 
5485f6a2: raises $2 to $4
31dfc815: folds
Hero: folds
Uncalled bet ($2) returned to 5485f6a2
*** SHOWDOWN ***
5485f6a2 collected $5 from pot
*** SUMMARY ***
Total pot $5
Seat 3: 5485f6a2won ($5)
Seat 2: Hero(big blind) folded before Flop
Seat 6: 31dfc815(small blind) folded before Flop



Poker Hand #ring_859531601: NLH No Limit ($1/$2) - 2025/05/05 13:17:12
Table 'MR NLH 1/2' 7-max Seat #2 is the button
Seat 3: 5485f6a2 ($287.76 in chips)
Seat 2: Hero ($116.7 in chips)
Seat 6: 31dfc815 ($140 in chips)
5485f6a2: posts small blind $1
31dfc815: posts big blind $2
*** HOLE CARDS ***
Dealt to 5485f6a2 
Dealt to Hero [Td 8d]
Dealt to 31dfc815 
Hero: raises $4 to $6
5485f6a2: folds
31dfc815: folds
Uncalled bet ($4) returned to Hero
*** SHOWDOWN ***
Hero collected $5 from pot
*** SUMMARY ***
Total pot $5
Seat 3: 5485f6a2(small blind) folded before Flop
Seat 2: Herowon ($5)
Seat 6: 31dfc815(big blind) folded before Flop



Poker Hand #ring_859531439: NLH No Limit ($1/$2) - 2025/05/05 13:17:02
Table 'MR NLH 1/2' 7-max Seat #2 is the button
Seat 3: 5485f6a2 ($286.76 in chips)
Seat 2: Hero ($117.7 in chips)
Hero: posts small blind $1
5485f6a2: posts big blind $2
*** HOLE CARDS ***
Dealt to 5485f6a2 
Dealt to Hero [2s 7s]
Hero: folds
*** SHOWDOWN ***
5485f6a2 collected $3 from pot
*** SUMMARY ***
Total pot $3
Seat 3: 5485f6a2(big blind)won ($3)
Seat 2: Hero(small blind) folded before Flop



Poker Hand #ring_859530977: NLH No Limit ($1/$2) - 2025/05/05 13:16:35
Table 'MR NLH 1/2' 7-max Seat #3 is the button
Seat 3: 5485f6a2 ($267.66 in chips)
Seat 2: Hero ($137.7 in chips)
Hero: posts the ante $10
5485f6a2: posts the ante $10
*** HOLE CARDS ***
Dealt to 5485f6a2 
Dealt to Hero [6d Ad]
*** FLOP *** [5h 9h Jc]
Hero: checks
5485f6a2: bets $10
Hero: calls $10
*** TURN *** [5h 9h Jc] [Ks]
Hero: checks
5485f6a2: bets $30
Hero: folds
Uncalled bet ($30) returned to 5485f6a2
*** SHOWDOWN ***
5485f6a2 collected $40 from pot
*** SUMMARY ***
Total pot $40
Board [5h 9h Jc Ks]
Seat 3: 5485f6a2(small blind)won ($40) with Pair of Fours
Seat 2: Hero(big blind) folded on the Turn



Poker Hand #ring_859530645: NLH No Limit ($1/$2) - 2025/05/05 13:16:13
Table 'MR NLH 1/2' 7-max Seat #2 is the button
Seat 3: 5485f6a2 ($262.66 in chips)
Seat 2: Hero ($142.7 in chips)
Hero: posts small blind $1
5485f6a2: posts big blind $2
*** HOLE CARDS ***
Dealt to 5485f6a2 
Dealt to Hero [Js 7h]
Hero: raises $3 to $5
5485f6a2: raises $10 to $15
Hero: folds
Uncalled bet ($10) returned to 5485f6a2
*** SHOWDOWN ***
5485f6a2 collected $10 from pot
*** SUMMARY ***
Total pot $10
Seat 3: 5485f6a2(big blind)won ($10)
Seat 2: Hero(small blind) folded before Flop



Poker Hand #ring_859530123: NLH No Limit ($1/$2) - 2025/05/05 13:15:38
Table 'MR NLH 1/2' 7-max Seat #3 is the button
Seat 3: 5485f6a2 ($258.84 in chips)
Seat 2: Hero ($146.7 in chips)
5485f6a2: posts small blind $1
Hero: posts big blind $2
*** HOLE CARDS ***
Dealt to 5485f6a2 
Dealt to Hero [7d Ah]
5485f6a2: raises $2 to $4
Hero: calls $2
*** FLOP *** [9s Kc 8c]
Hero: checks
5485f6a2: checks
*** TURN *** [9s Kc 8c] [5c]
Hero: checks
5485f6a2: bets $6
Hero: folds
Uncalled bet ($6) returned to 5485f6a2
*** SHOWDOWN ***
5485f6a2 collected $8 from pot
*** SUMMARY ***
Total pot $8
Board [9s Kc 8c 5c]
Seat 3: 5485f6a2(small blind)won ($8) with Pair of Kings
Seat 2: Hero(big blind) folded on the Turn



Poker Hand #ring_859529586: NLH No Limit ($1/$2) - 2025/05/05 13:15:02
Table 'MR NLH 1/2' 7-max Seat #2 is the button
Seat 3: 5485f6a2 ($247.38 in chips)
Seat 2: Hero ($158.7 in chips)
Hero: posts small blind $1
5485f6a2: posts big blind $2
*** HOLE CARDS ***
Dealt to 5485f6a2 
Dealt to Hero [8s 9c]
Hero: raises $4 to $6
5485f6a2: calls $4
*** FLOP *** [Ks Qc 9d]
5485f6a2: checks
Hero: checks
*** TURN *** [Ks Qc 9d] [Kc]
5485f6a2: checks
Hero: bets $6
5485f6a2: raises $24 to $30
Hero: folds
Uncalled bet ($24) returned to 5485f6a2
*** SHOWDOWN ***
5485f6a2 collected $24 from pot
*** SUMMARY ***
Total pot $24
Board [Ks Qc 9d Kc]
Seat 3: 5485f6a2(big blind)won ($24) with Kings-High Straight
Seat 2: Hero(small blind) folded on the Turn



Poker Hand #ring_859528915: NLH No Limit ($1/$2) - 2025/05/05 13:14:16
Table 'MR NLH 1/2' 7-max Seat #3 is the button
Seat 3: 5485f6a2 ($290.38 in chips)
Seat 2: Hero ($117.63 in chips)
5485f6a2: posts small blind $1
Hero: posts big blind $2
*** HOLE CARDS ***
Dealt to 5485f6a2 
Dealt to Hero [7c Ac]
5485f6a2: raises $2 to $4
Hero: raises $11.6 to $15.6
5485f6a2: calls $11.6
*** FLOP *** [Kd Qs 8c]
Hero: checks
5485f6a2: checks
*** TURN *** [Kd Qs 8c] [As]
Hero: checks
5485f6a2: bets $10.3
Hero: calls $10.3
*** RIVER *** [Kd Qs 8c As] [9c]
Hero: checks
5485f6a2: bets $17.1
Hero: calls $17.1
Hero: shows [7c Ac]
5485f6a2: shows [4h 5h]
*** SHOWDOWN ***
Hero collected $86 from pot
*** SUMMARY ***
Total pot $86
Board [Kd Qs 8c As 9c]
Seat 3: 5485f6a2(small blind) showed [4h 5h] and lost with Ace-High
Seat 2: Hero(big blind) showed [7c Ac] and won ($86) with Pair of Aces



Poker Hand #ring_859528683: NLH No Limit ($1/$2) - 2025/05/05 13:14:01
Table 'MR NLH 1/2' 7-max Seat #2 is the button
Seat 3: 5485f6a2 ($292.38 in chips)
Seat 2: Hero ($115.63 in chips)
Hero: posts small blind $1
5485f6a2: posts big blind $2
*** HOLE CARDS ***
Dealt to 5485f6a2 
Dealt to Hero [8c Jh]
Hero: raises $3 to $5
5485f6a2: folds
Uncalled bet ($3) returned to Hero
*** SHOWDOWN ***
Hero collected $4 from pot
*** SUMMARY ***
Total pot $4
Seat 3: 5485f6a2(big blind) folded before Flop
Seat 2: Hero(small blind)won ($4)



Poker Hand #ring_859528514: NLH No Limit ($1/$2) - 2025/05/05 13:13:51
Table 'MR NLH 1/2' 7-max Seat #3 is the button
Seat 3: 5485f6a2 ($293.38 in chips)
Seat 2: Hero ($114.63 in chips)
5485f6a2: posts small blind $1
Hero: posts big blind $2
*** HOLE CARDS ***
Dealt to 5485f6a2 
Dealt to Hero [Ah 6c]
5485f6a2: folds
*** SHOWDOWN ***
Hero collected $3 from pot
*** SUMMARY ***
Total pot $3
Seat 3: 5485f6a2(small blind) folded before Flop
Seat 2: Hero(big blind)won ($3)



Poker Hand #ring_859528340: NLH No Limit ($1/$2) - 2025/05/05 13:13:39
Table 'MR NLH 1/2' 7-max Seat #2 is the button
Seat 3: 5485f6a2 ($295.38 in chips)
Seat 2: Hero ($112.63 in chips)
Hero: posts small blind $1
5485f6a2: posts big blind $2
*** HOLE CARDS ***
Dealt to 5485f6a2 
Dealt to Hero [As 4s]
Hero: raises $4 to $6
5485f6a2: folds
Uncalled bet ($4) returned to Hero
*** SHOWDOWN ***
Hero collected $4 from pot
*** SUMMARY ***
Total pot $4
Seat 3: 5485f6a2(big blind) folded before Flop
Seat 2: Hero(small blind)won ($4)



Poker Hand #ring_859528106: NLH No Limit ($1/$2) - 2025/05/05 13:13:22
Table 'MR NLH 1/2' 7-max Seat #3 is the button
Seat 3: 5485f6a2 ($293.38 in chips)
Seat 2: Hero ($114.63 in chips)
5485f6a2: posts small blind $1
Hero: posts big blind $2
*** HOLE CARDS ***
Dealt to 5485f6a2 
Dealt to Hero [3d 6s]
5485f6a2: raises $2 to $4
Hero: folds
Uncalled bet ($2) returned to 5485f6a2
*** SHOWDOWN ***
5485f6a2 collected $4 from pot
*** SUMMARY ***
Total pot $4
Seat 3: 5485f6a2(small blind)won ($4)
Seat 2: Hero(big blind) folded before Flop



Poker Hand #ring_859527793: NLH No Limit ($1/$2) - 2025/05/05 13:13:00
Table 'MR NLH 1/2' 7-max Seat #2 is the button
Seat 3: 5485f6a2 ($287.38 in chips)
Seat 2: Hero ($120.63 in chips)
Hero: posts small blind $1
5485f6a2: posts big blind $2
*** HOLE CARDS ***
Dealt to 5485f6a2 
Dealt to Hero [8h Js]
Hero: raises $4 to $6
5485f6a2: raises $18 to $24
Hero: folds
Uncalled bet ($18) returned to 5485f6a2
*** SHOWDOWN ***
5485f6a2 collected $12 from pot
*** SUMMARY ***
Total pot $12
Seat 3: 5485f6a2(big blind)won ($12)
Seat 2: Hero(small blind) folded before Flop



Poker Hand #ring_859527189: NLH No Limit ($1/$2) - 2025/05/05 13:12:19
Table 'MR NLH 1/2' 7-max Seat #3 is the button
Seat 3: 5485f6a2 ($231.79 in chips)
Seat 2: Hero ($178.83 in chips)
Hero: posts the ante $10
5485f6a2: posts the ante $10
*** HOLE CARDS ***
Dealt to 5485f6a2 
Dealt to Hero [3c Kc]
*** FLOP *** [4d 6d 9c]
Hero: bets $10
5485f6a2: raises $13.2 to $23.2
Hero: calls $13.2
*** TURN *** [4d 6d 9c] [7d]
Hero: bets $25
5485f6a2: calls $25
*** RIVER *** [4d 6d 9c 7d] [2d]
Hero: checks
5485f6a2: checks
Hero: shows [3c Kc]
5485f6a2: shows [5h 8d]
*** SHOWDOWN ***
5485f6a2 collected $116.4 from pot
*** SUMMARY ***
Total pot $116.4
Board [4d 6d 9c 7d 2d]
Seat 3: 5485f6a2(small blind) showed [5h 8d] and won ($116.4) with Eight High Flush
Seat 2: Hero(big blind) showed [3c Kc] and lost with King-High



Poker Hand #ring_859526559: NLH No Limit ($1/$2) - 2025/05/05 13:11:38
Table 'MR NLH 1/2' 7-max Seat #2 is the button
Seat 3: 5485f6a2 ($251.79 in chips)
Seat 2: Hero ($159.73 in chips)
Hero: posts small blind $1
5485f6a2: posts big blind $2
*** HOLE CARDS ***
Dealt to 5485f6a2 
Dealt to Hero [Ad Jh]
Hero: raises $3 to $5
5485f6a2: calls $3
*** FLOP *** [7h Jd 5s]
5485f6a2: checks
Hero: bets $5
5485f6a2: calls $5
*** TURN *** [7h Jd 5s] [Ts]
5485f6a2: checks
Hero: bets $10
5485f6a2: calls $10
*** RIVER *** [7h Jd 5s Ts] [9d]
5485f6a2: checks
Hero: checks
Hero: shows [Ad Jh]
5485f6a2: shows [Jc Qh]
*** SHOWDOWN ***
Hero collected $40 from pot
*** SUMMARY ***
Total pot $40
Board [7h Jd 5s Ts 9d]
Seat 3: 5485f6a2(big blind) showed [Jc Qh] and lost with Pair of Jacks
Seat 2: Hero(small blind) showed [Ad Jh] and won ($40) with Pair of Jacks



Poker Hand #ring_859526349: NLH No Limit ($1/$2) - 2025/05/05 13:11:25
Table 'MR NLH 1/2' 7-max Seat #3 is the button
Seat 3: 5485f6a2 ($249.79 in chips)
Seat 2: Hero ($161.73 in chips)
5485f6a2: posts small blind $1
Hero: posts big blind $2
*** HOLE CARDS ***
Dealt to 5485f6a2 
Dealt to Hero [9d 2d]
5485f6a2: raises $2 to $4
Hero: folds
Uncalled bet ($2) returned to 5485f6a2
*** SHOWDOWN ***
5485f6a2 collected $4 from pot
*** SUMMARY ***
Total pot $4
Seat 3: 5485f6a2(small blind)won ($4)
Seat 2: Hero(big blind) folded before Flop



Poker Hand #ring_859526200: NLH No Limit ($1/$2) - 2025/05/05 13:11:15
Table 'MR NLH 1/2' 7-max Seat #2 is the button
Seat 3: 5485f6a2 ($248.79 in chips)
Seat 2: Hero ($162.73 in chips)
Hero: posts small blind $1
5485f6a2: posts big blind $2
*** HOLE CARDS ***
Dealt to 5485f6a2 
Dealt to Hero [Jh 2d]
Hero: folds
*** SHOWDOWN ***
5485f6a2 collected $3 from pot
*** SUMMARY ***
Total pot $3
Seat 3: 5485f6a2(big blind)won ($3)
Seat 2: Hero(small blind) folded before Flop



Poker Hand #ring_859526021: NLH No Limit ($1/$2) - 2025/05/05 13:11:03
Table 'MR NLH 1/2' 7-max Seat #3 is the button
Seat 3: 5485f6a2 ($249.79 in chips)
Seat 2: Hero ($161.73 in chips)
5485f6a2: posts small blind $1
Hero: posts big blind $2
*** HOLE CARDS ***
Dealt to 5485f6a2 
Dealt to Hero [8h Th]
5485f6a2: folds
*** SHOWDOWN ***
Hero collected $3 from pot
*** SUMMARY ***
Total pot $3
Seat 3: 5485f6a2(small blind) folded before Flop
Seat 2: Hero(big blind)won ($3)



Poker Hand #ring_859525678: NLH No Limit ($1/$2) - 2025/05/05 13:10:41
Table 'MR NLH 1/2' 7-max Seat #0 is the button
Seat 3: 5485f6a2 ($255.79 in chips)
Seat 2: Hero ($156 in chips)
Hero: posts small blind $1
5485f6a2: posts big blind $2
*** HOLE CARDS ***
Dealt to 5485f6a2 
Dealt to Hero [9h Ah]
Hero: raises $4 to $6
5485f6a2: calls $4
*** FLOP *** [3s 9c 3d]
Hero: checks
5485f6a2: checks
*** TURN *** [3s 9c 3d] [4s]
Hero: bets $6
5485f6a2: folds
Uncalled bet ($6) returned to Hero
*** SHOWDOWN ***
Hero collected $12 from pot
*** SUMMARY ***
Total pot $12
Board [3s 9c 3d 4s]
Seat 3: 5485f6a2(big blind) folded on the Turn
Seat 2: Hero(small blind)won ($12) with Pair of Nines and Pair of Treys



Poker Hand #ring_859524733: NLH No Limit ($1/$2) - 2025/05/05 13:09:38
Table 'MR NLH 1/2' 7-max Seat #3 is the button
Seat 4: 80010a9a ($259.65 in chips)
Seat 3: 5485f6a2 ($231.95 in chips)
Seat 2: Hero ($160 in chips)
80010a9a: posts small blind $1
Hero: posts big blind $2
*** HOLE CARDS ***
Dealt to 80010a9a 
Dealt to 5485f6a2 
Dealt to Hero [6h Kh]
5485f6a2: raises $2 to $4
80010a9a: calls $3
Hero: calls $2
*** FLOP *** [As 7s Ah]
80010a9a: checks
Hero: checks
5485f6a2: bets $6
80010a9a: calls $6
Hero: folds
*** TURN *** [As 7s Ah] [Jd]
80010a9a: checks
5485f6a2: checks
*** RIVER *** [As 7s Ah Jd] [4c]
80010a9a: bets $12
5485f6a2: calls $12
5485f6a2: shows [8h 8s]
80010a9a: shows [Td 9s]
*** SHOWDOWN ***
5485f6a2 collected $48 from pot
*** SUMMARY ***
Total pot $48
Board [As 7s Ah Jd 4c]
Seat 4: 80010a9a(small blind) showed [Td 9s] and lost with Pair of Aces
Seat 3: 5485f6a2 showed [8h 8s] and won ($48) with Pair of Aces and Pair of Eights
Seat 2: Hero(big blind) folded on the Flop



Poker Hand #ring_859524528: NLH No Limit ($1/$2) - 2025/05/05 13:09:24
Table 'MR NLH 1/2' 7-max Seat #2 is the button
Seat 4: 80010a9a ($258.65 in chips)
Seat 3: 5485f6a2 ($232.95 in chips)
Seat 2: Hero ($160 in chips)
5485f6a2: posts small blind $1
80010a9a: posts big blind $2
*** HOLE CARDS ***
Dealt to 80010a9a 
Dealt to 5485f6a2 
Dealt to Hero [7d Jc]
Hero: folds
5485f6a2: folds
*** SHOWDOWN ***
80010a9a collected $3 from pot
*** SUMMARY ***
Total pot $3
Seat 4: 80010a9a(big blind)won ($3)
Seat 3: 5485f6a2(small blind) folded before Flop
Seat 2: Hero folded before Flop (didn't bet)



Poker Hand #ring_859524288: NLH No Limit ($1/$2) - 2025/05/05 13:09:09
Table 'MR NLH 1/2' 7-max Seat #4 is the button
Seat 4: 80010a9a ($255.65 in chips)
Seat 3: 5485f6a2 ($234.95 in chips)
Seat 2: Hero ($161 in chips)
Hero: posts small blind $1
5485f6a2: posts big blind $2
*** HOLE CARDS ***
Dealt to 80010a9a 
Dealt to 5485f6a2 
Dealt to Hero [2s 8c]
80010a9a: raises $4 to $6
Hero: folds
5485f6a2: folds
Uncalled bet ($4) returned to 80010a9a
*** SHOWDOWN ***
80010a9a collected $5 from pot
*** SUMMARY ***
Total pot $5
Seat 4: 80010a9awon ($5)
Seat 3: 5485f6a2(big blind) folded before Flop
Seat 2: Hero(small blind) folded before Flop



Poker Hand #ring_859524015: NLH No Limit ($1/$2) - 2025/05/05 13:08:50
Table 'MR NLH 1/2' 7-max Seat #3 is the button
Seat 4: 80010a9a ($256.65 in chips)
Seat 3: 5485f6a2 ($234.95 in chips)
Seat 2: Hero ($160 in chips)
80010a9a: posts small blind $1
Hero: posts big blind $2
*** HOLE CARDS ***
Dealt to 80010a9a 
Dealt to 5485f6a2 
Dealt to Hero [5h 7s]
5485f6a2: folds
80010a9a: folds
*** SHOWDOWN ***
Hero collected $3 from pot
*** SUMMARY ***
Total pot $3
Seat 4: 80010a9a(small blind) folded before Flop
Seat 3: 5485f6a2 folded before Flop (didn't bet)
Seat 2: Hero(big blind)won ($3)



Poker Hand #ring_859523567: NLH No Limit ($1/$2) - 2025/05/05 13:08:20
Table 'MR NLH 1/2' 7-max Seat #2 is the button
Seat 4: 80010a9a ($238 in chips)
Seat 3: 5485f6a2 ($244.95 in chips)
Seat 2: Hero ($170 in chips)
5485f6a2: posts the ante $10
80010a9a: posts the ante $10
Hero: posts the ante $10
*** HOLE CARDS ***
Dealt to 80010a9a 
Dealt to 5485f6a2 
Dealt to Hero [3d 8c]
*** FLOP *** [Kc Td Ad]
5485f6a2: checks
80010a9a: bets $15
Hero: folds
5485f6a2: folds
Uncalled bet ($15) returned to 80010a9a
*** SHOWDOWN ***
80010a9a collected $30 from pot
*** SUMMARY ***
Total pot $30
Board [Kc Td Ad]
Seat 4: 80010a9a(big blind)won ($30) with Pair of Tens
Seat 3: 5485f6a2(small blind) folded on the Flop
Seat 2: Hero folded on the Flop



Poker Hand #ring_859523252: NLH No Limit ($1/$2) - 2025/05/05 13:07:57
Table 'MR NLH 1/2' 7-max Seat #4 is the button
Seat 4: 80010a9a ($238 in chips)
Seat 3: 5485f6a2 ($246.95 in chips)
Seat 2: Hero ($168 in chips)
Hero: posts small blind $1
5485f6a2: posts big blind $2
*** HOLE CARDS ***
Dealt to 80010a9a 
Dealt to 5485f6a2 
Dealt to Hero [Th As]
80010a9a: folds
Hero: raises $3 to $5
5485f6a2: folds
Uncalled bet ($3) returned to Hero
*** SHOWDOWN ***
Hero collected $4 from pot
*** SUMMARY ***
Total pot $4
Seat 4: 80010a9a folded before Flop (didn't bet)
Seat 3: 5485f6a2(big blind) folded before Flop
Seat 2: Hero(small blind)won ($4)



Poker Hand #ring_859523010: NLH No Limit ($1/$2) - 2025/05/05 13:07:42
Table 'MR NLH 1/2' 7-max Seat #3 is the button
Seat 4: 80010a9a ($239 in chips)
Seat 3: 5485f6a2 ($246.95 in chips)
Seat 2: Hero ($167 in chips)
80010a9a: posts small blind $1
Hero: posts big blind $2
*** HOLE CARDS ***
Dealt to 80010a9a 
Dealt to 5485f6a2 
Dealt to Hero [As Qs]
5485f6a2: folds
80010a9a: folds
*** SHOWDOWN ***
Hero collected $3 from pot
*** SUMMARY ***
Total pot $3
Seat 4: 80010a9a(small blind) folded before Flop
Seat 3: 5485f6a2 folded before Flop (didn't bet)
Seat 2: Hero(big blind)won ($3)



Poker Hand #ring_859522389: NLH No Limit ($1/$2) - 2025/05/05 13:07:01
Table 'MR NLH 1/2' 7-max Seat #2 is the button
Seat 4: 80010a9a ($256 in chips)
Seat 3: 5485f6a2 ($226.7 in chips)
Seat 2: Hero ($172 in chips)
5485f6a2: posts small blind $1
80010a9a: posts big blind $2
*** HOLE CARDS ***
Dealt to 80010a9a 
Dealt to 5485f6a2 
Dealt to Hero [5s 7d]
Hero: raises $3 to $5
5485f6a2: raises $12 to $17
80010a9a: calls $15
Hero: folds
*** FLOP *** [7h Jc Qd]
5485f6a2: checks
80010a9a: checks
*** TURN *** [7h Jc Qd] [7c]
5485f6a2: checks
80010a9a: checks
*** RIVER *** [7h Jc Qd 7c] [4h]
5485f6a2: checks
80010a9a: checks
5485f6a2: shows [6c 6h]
80010a9a: shows [Td 9h]
*** SHOWDOWN ***
5485f6a2 collected $39 from pot
*** SUMMARY ***
Total pot $39
Board [7h Jc Qd 7c 4h]
Seat 4: 80010a9a(big blind) showed [Td 9h] and lost with Pair of Sevens
Seat 3: 5485f6a2(small blind) showed [6c 6h] and won ($39) with Pair of Sevens and Pair of Sixes
Seat 2: Hero folded before Flop



Poker Hand #ring_859521975: NLH No Limit ($1/$2) - 2025/05/05 13:06:34
Table 'MR NLH 1/2' 7-max Seat #2 is the button
Seat 3: 5485f6a2 ($221.92 in chips)
Seat 2: Hero ($177 in chips)
Hero: posts small blind $1
5485f6a2: posts big blind $2
*** HOLE CARDS ***
Dealt to 5485f6a2 
Dealt to Hero [8d Qs]
Hero: raises $3 to $5
5485f6a2: calls $3
*** FLOP *** [Ks 2h 6h]
5485f6a2: checks
Hero: checks
*** TURN *** [Ks 2h 6h] [5d]
5485f6a2: bets $7.5
Hero: folds
Uncalled bet ($7.5) returned to 5485f6a2
*** SHOWDOWN ***
5485f6a2 collected $10 from pot
*** SUMMARY ***
Total pot $10
Board [Ks 2h 6h 5d]
Seat 3: 5485f6a2(big blind)won ($10) with Pair of Kings
Seat 2: Hero(small blind) folded on the Turn



Poker Hand #ring_859521754: NLH No Limit ($1/$2) - 2025/05/05 13:06:21
Table 'MR NLH 1/2' 7-max Seat #3 is the button
Seat 3: 5485f6a2 ($219.92 in chips)
Seat 2: Hero ($179 in chips)
5485f6a2: posts small blind $1
Hero: posts big blind $2
*** HOLE CARDS ***
Dealt to 5485f6a2 
Dealt to Hero [3c 8h]
5485f6a2: raises $2 to $4
Hero: folds
Uncalled bet ($2) returned to 5485f6a2
*** SHOWDOWN ***
5485f6a2 collected $4 from pot
*** SUMMARY ***
Total pot $4
Seat 3: 5485f6a2(small blind)won ($4)
Seat 2: Hero(big blind) folded before Flop



Poker Hand #ring_859520851: NLH No Limit ($1/$2) - 2025/05/05 13:05:19
Table 'MR NLH 1/2' 7-max Seat #2 is the button
Seat 3: 5485f6a2 ($200.82 in chips)
Seat 2: Hero ($199 in chips)
Hero: posts small blind $1
5485f6a2: posts big blind $2
*** HOLE CARDS ***
Dealt to 5485f6a2 
Dealt to Hero [2h 4h]
Hero: raises $3 to $5
5485f6a2: calls $3
*** FLOP *** [Tc 2d 3s]
5485f6a2: checks
Hero: checks
*** TURN *** [Tc 2d 3s] [4s]
5485f6a2: checks
Hero: bets $5
5485f6a2: calls $5
*** RIVER *** [Tc 2d 3s 4s] [Kh]
5485f6a2: checks
Hero: bets $10
5485f6a2: raises $64 to $74
Hero: folds
Uncalled bet ($64) returned to 5485f6a2
*** SHOWDOWN ***
5485f6a2 collected $40 from pot
*** SUMMARY ***
Total pot $40
Board [Tc 2d 3s 4s Kh]
Seat 3: 5485f6a2(big blind)won ($40) with Fives-High Straight
Seat 2: Hero(small blind) folded on the River



Poker Hand #ring_859520435: NLH No Limit ($1/$2) - 2025/05/05 13:04:53
Table 'MR NLH 1/2' 7-max Seat #3 is the button
Seat 3: 5485f6a2 ($197 in chips)
Seat 2: Hero ($203 in chips)
5485f6a2: posts small blind $1
Hero: posts big blind $2
*** HOLE CARDS ***
Dealt to 5485f6a2 
Dealt to Hero [Jh 6h]
5485f6a2: raises $2 to $4
Hero: calls $2
*** FLOP *** [4h As 4c]
Hero: checks
5485f6a2: checks
*** TURN *** [4h As 4c] [5s]
Hero: checks
5485f6a2: bets $4
Hero: folds
Uncalled bet ($4) returned to 5485f6a2
*** SHOWDOWN ***
5485f6a2 collected $8 from pot
*** SUMMARY ***
Total pot $8
Board [4h As 4c 5s]
Seat 3: 5485f6a2(small blind)won ($8) with Pair of Fives and Pair of Fours
Seat 2: Hero(big blind) folded on the Turn



Poker Hand #ring_859520213: NLH No Limit ($1/$2) - 2025/05/05 13:04:38
Table 'MR NLH 1/2' 7-max Seat #2 is the button
Seat 3: 5485f6a2 ($199 in chips)
Seat 2: Hero ($151 in chips)
Hero: posts small blind $1
5485f6a2: posts big blind $2
*** HOLE CARDS ***
Dealt to 5485f6a2 
Dealt to Hero [Jd 7d]
Hero: raises $4 to $6
5485f6a2: folds
Uncalled bet ($4) returned to Hero
*** SHOWDOWN ***
Hero collected $4 from pot
*** SUMMARY ***
Total pot $4
Seat 3: 5485f6a2(big blind) folded before Flop
Seat 2: Hero(small blind)won ($4)



Poker Hand #ring_859512951: NLH No Limit ($1/$2) - 2025/05/05 13:04:26
Table 'MR NLH 1/2' 7-max Seat #3 is the button
Seat 3: 5485f6a2 ($200 in chips)
Seat 2: Hero ($100 in chips)
5485f6a2: posts small blind $1
Hero: posts big blind $2
*** HOLE CARDS ***
Dealt to 5485f6a2 
Dealt to Hero [As 9s]
5485f6a2: folds
*** SHOWDOWN ***
Hero collected $3 from pot
*** SUMMARY ***
Total pot $3
Seat 3: 5485f6a2(small blind) folded before Flop
Seat 2: Hero(big blind)won ($3)



