Poker Hand #ring_896225130: NLH No Limit ($1/$2) - 2025/05/24 17:38:17
Table 'MR NLH BOMBPOT 1/2' 7-max Seat #3 is the button
Seat 5: ed8c9b2e ($320.73 in chips)
Seat 6: 26d8ee80 ($954.64 in chips)
Seat 2: Hero ($807.98 in chips)
Seat 3: 537bef28 ($712.37 in chips)
ed8c9b2e: posts small blind $1
26d8ee80: posts big blind $2
*** HOLE CARDS ***
Dealt to ed8c9b2e 
Dealt to 26d8ee80 
Dealt to Hero [Ks Qs]
Dealt to 537bef28 
Hero: raises $4 to $6
537bef28: raises $15 to $21
ed8c9b2e: folds
26d8ee80: folds
Hero: calls $15
*** FLOP *** [Ad 6d 7s]
Hero: checks
537bef28: bets $33.75
Hero: folds
Uncalled bet ($33.75) returned to 537bef28
*** SHOWDOWN ***
537bef28 collected $45 from pot
*** SUMMARY ***
Total pot $45
Board [Ad 6d 7s]
Seat 5: ed8c9b2e(small blind) folded before Flop
Seat 6: 26d8ee80(big blind) folded before Flop
Seat 2: Hero folded on the Flop
Seat 3: 537bef28won ($45) with Three Sixes



Poker Hand #ring_896223707: NLH No Limit ($1/$2) - 2025/05/24 17:37:08
Table 'MR NLH BOMBPOT 1/2' 7-max Seat #2 is the button
Seat 5: ed8c9b2e ($250.25 in chips)
Seat 6: 26d8ee80 ($954.64 in chips)
Seat 2: Hero ($807.98 in chips)
Seat 3: 537bef28 ($790.37 in chips)
537bef28: posts small blind $1
ed8c9b2e: posts big blind $2
*** HOLE CARDS ***
Dealt to ed8c9b2e 
Dealt to 26d8ee80 
Dealt to Hero [Ts 8c]
Dealt to 537bef28 
26d8ee80: folds
Hero: folds
537bef28: raises $4 to $6
ed8c9b2e: calls $4
*** FLOP *** [7c 6s 5c]
537bef28: bets $9
ed8c9b2e: calls $9
*** TURN *** [7c 6s 5c] [Kd]
537bef28: bets $22.5
ed8c9b2e: raises $40.5 to $63
537bef28: calls $40.5
*** RIVER *** [7c 6s 5c Kd] [Jd]
537bef28: checks
ed8c9b2e: bets $172.25 and is all-in
537bef28: folds
Uncalled bet ($172.25) returned to ed8c9b2e
*** SHOWDOWN ***
ed8c9b2e collected $156 from pot
*** SUMMARY ***
Total pot $156
Board [7c 6s 5c Kd Jd]
Seat 5: ed8c9b2e(big blind)won ($156) with Pair of Kings and Pair of Sixes
Seat 6: 26d8ee80 folded before Flop (didn't bet)
Seat 2: Hero folded before Flop (didn't bet)
Seat 3: 537bef28(small blind) folded on the River



Poker Hand #ring_896222561: NLH No Limit ($1/$2) - 2025/05/24 17:36:10
Table 'MR NLH BOMBPOT 1/2' 7-max Seat #6 is the button
Seat 5: ed8c9b2e ($250.25 in chips)
Seat 6: 26d8ee80 ($958.64 in chips)
Seat 2: Hero ($808.98 in chips)
Seat 3: 537bef28 ($785.77 in chips)
Hero: posts small blind $1
537bef28: posts big blind $2
*** HOLE CARDS ***
Dealt to ed8c9b2e 
Dealt to 26d8ee80 
Dealt to Hero [8c Qs]
Dealt to 537bef28 
ed8c9b2e: folds
26d8ee80: raises $2 to $4
Hero: folds
537bef28: calls $2
*** FLOP *** [Tc 3h 9h]
537bef28: checks
26d8ee80: checks
*** TURN *** [Tc 3h 9h] [7d]
537bef28: checks
26d8ee80: checks
*** RIVER *** [Tc 3h 9h 7d] [3c]
537bef28: checks
26d8ee80: checks
537bef28: shows [4c 4h]
26d8ee80: shows [5d Kd]
*** SHOWDOWN ***
537bef28 collected $9 from pot
*** SUMMARY ***
Total pot $9
Board [Tc 3h 9h 7d 3c]
Seat 5: ed8c9b2e folded before Flop (didn't bet)
Seat 6: 26d8ee80 showed [5d Kd] and lost with Pair of Treys
Seat 2: Hero(small blind) folded before Flop
Seat 3: 537bef28(big blind) showed [4c 4h] and won ($9) with Pair of Fours and Pair of Treys



Poker Hand #ring_896221921: NLH No Limit ($1/$2) - 2025/05/24 17:35:40
Table 'MR NLH BOMBPOT 1/2' 7-max Seat #5 is the button
Seat 5: ed8c9b2e ($250.25 in chips)
Seat 6: 26d8ee80 ($959.64 in chips)
Seat 2: Hero ($814.98 in chips)
Seat 3: 537bef28 ($779.35 in chips)
26d8ee80: posts small blind $1
Hero: posts big blind $2
*** HOLE CARDS ***
Dealt to ed8c9b2e 
Dealt to 26d8ee80 
Dealt to Hero [9d Kc]
Dealt to 537bef28 
537bef28: raises $4 to $6
ed8c9b2e: folds
26d8ee80: folds
Hero: calls $4
*** FLOP *** [8c 7d 8s]
Hero: checks
537bef28: bets $6.5
Hero: folds
Uncalled bet ($6.5) returned to 537bef28
*** SHOWDOWN ***
537bef28 collected $13 from pot
*** SUMMARY ***
Total pot $13
Board [8c 7d 8s]
Seat 5: ed8c9b2e folded before Flop (didn't bet)
Seat 6: 26d8ee80(small blind) folded before Flop
Seat 2: Hero(big blind) folded on the Flop
Seat 3: 537bef28won ($13) with Pair of Eights



Poker Hand #ring_896220702: NLH No Limit ($1/$2) - 2025/05/24 17:34:40
Table 'MR NLH BOMBPOT 1/2' 7-max Seat #3 is the button
Seat 5: ed8c9b2e ($251.25 in chips)
Seat 6: 26d8ee80 ($961.64 in chips)
Seat 2: Hero ($760.74 in chips)
Seat 3: 537bef28 ($836.35 in chips)
ed8c9b2e: posts small blind $1
26d8ee80: posts big blind $2
*** HOLE CARDS ***
Dealt to ed8c9b2e 
Dealt to 26d8ee80 
Dealt to Hero [Kc Ad]
Dealt to 537bef28 
Hero: raises $4 to $6
537bef28: raises $15 to $21
ed8c9b2e: folds
26d8ee80: folds
Hero: raises $36 to $57
537bef28: calls $36
*** FLOP *** [3c As 6s]
Hero: bets $93.6
537bef28: folds
Uncalled bet ($93.6) returned to Hero
*** SHOWDOWN ***
Hero collected $117 from pot
*** SUMMARY ***
Total pot $117
Board [3c As 6s]
Seat 5: ed8c9b2e(small blind) folded before Flop
Seat 6: 26d8ee80(big blind) folded before Flop
Seat 2: Herowon ($117) with Pair of Aces
Seat 3: 537bef28 folded on the Flop



Poker Hand #ring_896219429: NLH No Limit ($1/$2) - 2025/05/24 17:33:37
Table 'MR NLH BOMBPOT 1/2' 7-max Seat #2 is the button
Seat 5: ed8c9b2e ($197.25 in chips)
Seat 6: 26d8ee80 ($979.64 in chips)
Seat 2: Hero ($718.12 in chips)
Seat 3: 537bef28 ($846.35 in chips)
537bef28: posts the ante $10
ed8c9b2e: posts the ante $10
26d8ee80: posts the ante $10
Hero: posts the ante $10
*** HOLE CARDS ***
Dealt to ed8c9b2e 
Dealt to 26d8ee80 
Dealt to Hero [6d 6c]
Dealt to 537bef28 
*** FLOP *** [4h 4d Ad]
537bef28: checks
ed8c9b2e: bets $8
26d8ee80: calls $8
Hero: calls $8
537bef28: folds
*** TURN *** [4h 4d Ad] [Jd]
ed8c9b2e: checks
26d8ee80: checks
Hero: bets $32
ed8c9b2e: folds
26d8ee80: folds
Uncalled bet ($32) returned to Hero
*** SHOWDOWN ***
Hero collected $64 from pot
*** SUMMARY ***
Total pot $64
Board [4h 4d Ad Jd]
Seat 5: ed8c9b2e(big blind) folded on the Turn
Seat 6: 26d8ee80 folded on the Turn
Seat 2: Herowon ($64) with Pair of Sixes and Pair of Fours
Seat 3: 537bef28(small blind) folded on the Flop



Poker Hand #ring_896218876: NLH No Limit ($1/$2) - 2025/05/24 17:33:09
Table 'MR NLH BOMBPOT 1/2' 7-max Seat #6 is the button
Seat 5: ed8c9b2e ($213 in chips)
Seat 6: 26d8ee80 ($979.64 in chips)
Seat 2: Hero ($719.12 in chips)
Seat 3: 537bef28 ($831.56 in chips)
Hero: posts small blind $1
537bef28: posts big blind $2
*** HOLE CARDS ***
Dealt to ed8c9b2e 
Dealt to 26d8ee80 
Dealt to Hero [6s 2c]
Dealt to 537bef28 
ed8c9b2e: raises $4 to $6
26d8ee80: folds
Hero: folds
537bef28: raises $9.75 to $15.75
ed8c9b2e: calls $9.75
*** FLOP *** [8d Kc 3h]
537bef28: bets $24.37
ed8c9b2e: folds
Uncalled bet ($24.37) returned to 537bef28
*** SHOWDOWN ***
537bef28 collected $32.5 from pot
*** SUMMARY ***
Total pot $32.5
Board [8d Kc 3h]
Seat 5: ed8c9b2e folded on the Flop
Seat 6: 26d8ee80 folded before Flop (didn't bet)
Seat 2: Hero(small blind) folded before Flop
Seat 3: 537bef28(big blind)won ($32.5) with Pair of Queens



Poker Hand #ring_896217808: NLH No Limit ($1/$2) - 2025/05/24 17:32:19
Table 'MR NLH BOMBPOT 1/2' 7-max Seat #5 is the button
Seat 5: ed8c9b2e ($213 in chips)
Seat 6: 26d8ee80 ($980.64 in chips)
Seat 2: Hero ($656.51 in chips)
Seat 3: 537bef28 ($899.86 in chips)
26d8ee80: posts small blind $1
Hero: posts big blind $2
*** HOLE CARDS ***
Dealt to ed8c9b2e 
Dealt to 26d8ee80 
Dealt to Hero [Ad Kd]
Dealt to 537bef28 
537bef28: raises $4 to $6
ed8c9b2e: folds
26d8ee80: folds
Hero: raises $15 to $21
537bef28: calls $15
*** FLOP *** [7c 6h Td]
Hero: bets $12.9
537bef28: calls $12.9
*** TURN *** [7c 6h Td] [2c]
Hero: checks
537bef28: checks
*** RIVER *** [7c 6h Td 2c] [3s]
Hero: checks
537bef28: bets $34.4
Hero: calls $34.4
Hero: shows [Ad Kd]
537bef28: shows [Qc 8c]
*** SHOWDOWN ***
Hero collected $137.6 from pot
*** SUMMARY ***
Total pot $137.6
Board [7c 6h Td 2c 3s]
Seat 5: ed8c9b2e folded before Flop (didn't bet)
Seat 6: 26d8ee80(small blind) folded before Flop
Seat 2: Hero(big blind) showed [Ad Kd] and won ($137.6) with Ace-High
Seat 3: 537bef28 showed [Qc 8c] and lost with Queen-High



Poker Hand #ring_896217176: NLH No Limit ($1/$2) - 2025/05/24 17:31:48
Table 'MR NLH BOMBPOT 1/2' 7-max Seat #3 is the button
Seat 5: ed8c9b2e ($214 in chips)
Seat 6: 26d8ee80 ($986.64 in chips)
Seat 2: Hero ($656.51 in chips)
Seat 3: 537bef28 ($893.44 in chips)
ed8c9b2e: posts small blind $1
26d8ee80: posts big blind $2
*** HOLE CARDS ***
Dealt to ed8c9b2e 
Dealt to 26d8ee80 
Dealt to Hero [5c 8h]
Dealt to 537bef28 
Hero: folds
537bef28: raises $4 to $6
ed8c9b2e: folds
26d8ee80: calls $4
*** FLOP *** [7c Jh Ks]
26d8ee80: checks
537bef28: bets $6.5
26d8ee80: folds
Uncalled bet ($6.5) returned to 537bef28
*** SHOWDOWN ***
537bef28 collected $13 from pot
*** SUMMARY ***
Total pot $13
Board [7c Jh Ks]
Seat 5: ed8c9b2e(small blind) folded before Flop
Seat 6: 26d8ee80(big blind) folded on the Flop
Seat 2: Hero folded before Flop (didn't bet)
Seat 3: 537bef28won ($13) with King-High



Poker Hand #ring_896216527: NLH No Limit ($1/$2) - 2025/05/24 17:31:17
Table 'MR NLH BOMBPOT 1/2' 7-max Seat #2 is the button
Seat 5: ed8c9b2e ($220 in chips)
Seat 6: 26d8ee80 ($986.64 in chips)
Seat 2: Hero ($656.51 in chips)
Seat 3: 537bef28 ($887.98 in chips)
537bef28: posts small blind $1
ed8c9b2e: posts big blind $2
*** HOLE CARDS ***
Dealt to ed8c9b2e 
Dealt to 26d8ee80 
Dealt to Hero [7d 5h]
Dealt to 537bef28 
26d8ee80: folds
Hero: folds
537bef28: raises $4 to $6
ed8c9b2e: calls $4
*** FLOP *** [Ad Qd 5d]
537bef28: bets $6
ed8c9b2e: folds
Uncalled bet ($6) returned to 537bef28
*** SHOWDOWN ***
537bef28 collected $12 from pot
*** SUMMARY ***
Total pot $12
Board [Ad Qd 5d]
Seat 5: ed8c9b2e(big blind) folded on the Flop
Seat 6: 26d8ee80 folded before Flop (didn't bet)
Seat 2: Hero folded before Flop (didn't bet)
Seat 3: 537bef28(small blind)won ($12) with Pair of Aces



Poker Hand #ring_896215639: NLH No Limit ($1/$2) - 2025/05/24 17:30:33
Table 'MR NLH BOMBPOT 1/2' 7-max Seat #6 is the button
Seat 5: ed8c9b2e ($220 in chips)
Seat 6: 26d8ee80 ($986.64 in chips)
Seat 2: Hero ($680.51 in chips)
Seat 3: 537bef28 ($866.64 in chips)
Hero: posts small blind $1
537bef28: posts big blind $2
*** HOLE CARDS ***
Dealt to ed8c9b2e 
Dealt to 26d8ee80 
Dealt to Hero [9s Jd]
Dealt to 537bef28 
ed8c9b2e: folds
26d8ee80: folds
Hero: calls $1
537bef28: raises $4 to $6
Hero: calls $4
*** FLOP *** [7d 3c 3d]
Hero: checks
537bef28: checks
*** TURN *** [7d 3c 3d] [8c]
Hero: bets $6
537bef28: calls $6
*** RIVER *** [7d 3c 3d 8c] [Kh]
Hero: bets $12
537bef28: calls $12
Hero: shows [9s Jd]
537bef28: shows [Kc Qs]
*** SHOWDOWN ***
537bef28 collected $48 from pot
*** SUMMARY ***
Total pot $48
Board [7d 3c 3d 8c Kh]
Seat 5: ed8c9b2e folded before Flop (didn't bet)
Seat 6: 26d8ee80 folded before Flop (didn't bet)
Seat 2: Hero(small blind) showed [9s Jd] and lost with Pair of Treys
Seat 3: 537bef28(big blind) showed [Kc Qs] and won ($48) with Pair of Kings and Pair of Treys



Poker Hand #ring_896213954: NLH No Limit ($1/$2) - 2025/05/24 17:29:11
Table 'MR NLH BOMBPOT 1/2' 7-max Seat #5 is the button
Seat 5: ed8c9b2e ($220 in chips)
Seat 6: 26d8ee80 ($987.64 in chips)
Seat 4: 6e1a2fbb ($136.18 in chips)
Seat 2: Hero ($556.13 in chips)
Seat 3: 537bef28 ($866.64 in chips)
26d8ee80: posts small blind $1
Hero: posts big blind $2
*** HOLE CARDS ***
Dealt to ed8c9b2e 
Dealt to 26d8ee80 
Dealt to 6e1a2fbb 
Dealt to Hero [Ks As]
Dealt to 537bef28 
537bef28: folds
6e1a2fbb: raises $4 to $6
ed8c9b2e: folds
26d8ee80: folds
Hero: raises $15 to $21
6e1a2fbb: calls $15
*** FLOP *** [Td Kc Jc]
Hero: bets $21.5
6e1a2fbb: calls $21.5
*** TURN *** [Td Kc Jc] [3h]
Hero: bets $124.71
6e1a2fbb: calls $93.68 and is all-in
Uncalled bet ($31.03) returned to Hero
Hero: shows [Ks As]
6e1a2fbb: shows [Jd Jh]
*** RIVER *** [Td Kc Jc 3h] [Qc]
*** SHOWDOWN ***
Hero collected $273.36 from pot
*** SUMMARY ***
Total pot $273.36
Board [Td Kc Jc 3h Qc]
Seat 5: ed8c9b2e folded before Flop (didn't bet)
Seat 6: 26d8ee80(small blind) folded before Flop
Seat 4: 6e1a2fbb showed [Jd Jh] and lost with Three Jacks
Seat 2: Hero(big blind) showed [Ks As] and won ($273.36) with Aces-High Straight
Seat 3: 537bef28 folded before Flop (didn't bet)



Poker Hand #ring_896213088: NLH No Limit ($1/$2) - 2025/05/24 17:28:29
Table 'MR NLH BOMBPOT 1/2' 7-max Seat #4 is the button
Seat 5: ed8c9b2e ($216 in chips)
Seat 6: 26d8ee80 ($989.64 in chips)
Seat 4: 6e1a2fbb ($138.18 in chips)
Seat 2: Hero ($556.13 in chips)
Seat 3: 537bef28 ($866.64 in chips)
ed8c9b2e: posts small blind $1
26d8ee80: posts big blind $2
*** HOLE CARDS ***
Dealt to ed8c9b2e 
Dealt to 26d8ee80 
Dealt to 6e1a2fbb 
Dealt to Hero [7h 5d]
Dealt to 537bef28 
Hero: folds
537bef28: folds
6e1a2fbb: calls $2
ed8c9b2e: raises $6 to $8
26d8ee80: folds
6e1a2fbb: folds
Uncalled bet ($6) returned to ed8c9b2e
*** SHOWDOWN ***
ed8c9b2e collected $6 from pot
*** SUMMARY ***
Total pot $6
Seat 5: ed8c9b2e(small blind)won ($6)
Seat 6: 26d8ee80(big blind) folded before Flop
Seat 4: 6e1a2fbb folded before Flop
Seat 2: Hero folded before Flop (didn't bet)
Seat 3: 537bef28 folded before Flop (didn't bet)



Poker Hand #ring_896212669: NLH No Limit ($1/$2) - 2025/05/24 17:28:08
Table 'MR NLH BOMBPOT 1/2' 7-max Seat #3 is the button
Seat 5: ed8c9b2e ($218 in chips)
Seat 6: 26d8ee80 ($989.64 in chips)
Seat 4: 6e1a2fbb ($139.18 in chips)
Seat 2: Hero ($553.13 in chips)
Seat 3: 537bef28 ($866.64 in chips)
6e1a2fbb: posts small blind $1
ed8c9b2e: posts big blind $2
*** HOLE CARDS ***
Dealt to ed8c9b2e 
Dealt to 26d8ee80 
Dealt to 6e1a2fbb 
Dealt to Hero [9c 8c]
Dealt to 537bef28 
26d8ee80: folds
Hero: raises $4 to $6
537bef28: folds
6e1a2fbb: folds
ed8c9b2e: folds
Uncalled bet ($4) returned to Hero
*** SHOWDOWN ***
Hero collected $5 from pot
*** SUMMARY ***
Total pot $5
Seat 5: ed8c9b2e(big blind) folded before Flop
Seat 6: 26d8ee80 folded before Flop (didn't bet)
Seat 4: 6e1a2fbb(small blind) folded before Flop
Seat 2: Herowon ($5)
Seat 3: 537bef28 folded before Flop (didn't bet)



Poker Hand #ring_896211626: NLH No Limit ($1/$2) - 2025/05/24 17:27:17
Table 'MR NLH BOMBPOT 1/2' 7-max Seat #2 is the button
Seat 6: 26d8ee80 ($989.64 in chips)
Seat 4: 6e1a2fbb ($159.18 in chips)
Seat 2: Hero ($553.13 in chips)
Seat 3: 537bef28 ($848.94 in chips)
537bef28: posts small blind $1
6e1a2fbb: posts big blind $2
*** HOLE CARDS ***
Dealt to 26d8ee80 
Dealt to 6e1a2fbb 
Dealt to Hero [Qs 6c]
Dealt to 537bef28 
26d8ee80: folds
Hero: folds
537bef28: raises $2 to $4
6e1a2fbb: calls $2
*** FLOP *** [4d 8c 2d]
537bef28: bets $6
6e1a2fbb: calls $6
*** TURN *** [4d 8c 2d] [Ah]
537bef28: bets $10
6e1a2fbb: calls $10
*** RIVER *** [4d 8c 2d Ah] [Ks]
537bef28: bets $30
6e1a2fbb: folds
Uncalled bet ($30) returned to 537bef28
*** SHOWDOWN ***
537bef28 collected $40 from pot
*** SUMMARY ***
Total pot $40
Board [4d 8c 2d Ah Ks]
Seat 6: 26d8ee80 folded before Flop (didn't bet)
Seat 4: 6e1a2fbb(big blind) folded on the River
Seat 2: Hero folded before Flop (didn't bet)
Seat 3: 537bef28(small blind)won ($40) with Three Fours



Poker Hand #ring_896210768: NLH No Limit ($1/$2) - 2025/05/24 17:26:34
Table 'MR NLH BOMBPOT 1/2' 7-max Seat #6 is the button
Seat 6: 26d8ee80 ($999.64 in chips)
Seat 4: 6e1a2fbb ($169.18 in chips)
Seat 2: Hero ($583.13 in chips)
Seat 3: 537bef28 ($803.04 in chips)
Hero: posts the ante $10
537bef28: posts the ante $10
6e1a2fbb: posts the ante $10
26d8ee80: posts the ante $10
*** HOLE CARDS ***
Dealt to 26d8ee80 
Dealt to 6e1a2fbb 
Dealt to Hero [6d 6h]
Dealt to 537bef28 
*** FLOP *** [Qs 8h Ah]
Hero: checks
537bef28: checks
6e1a2fbb: checks
26d8ee80: checks
*** TURN *** [Qs 8h Ah] [Qc]
Hero: checks
537bef28: bets $20
6e1a2fbb: folds
26d8ee80: folds
Hero: calls $20
*** RIVER *** [Qs 8h Ah Qc] [8c]
Hero: checks
537bef28: checks
Hero: shows [6d 6h]
537bef28: shows [As 4d]
*** SHOWDOWN ***
537bef28 collected $80 from pot
*** SUMMARY ***
Total pot $80
Board [Qs 8h Ah Qc 8c]
Seat 6: 26d8ee80 folded on the Turn
Seat 4: 6e1a2fbb folded on the Turn
Seat 2: Hero(small blind) showed [6d 6h] and lost with Pair of Queens and Pair of Eights
Seat 3: 537bef28(big blind) showed [As 4d] and won ($80) with Pair of Aces and Pair of Queens



Poker Hand #ring_896210210: NLH No Limit ($1/$2) - 2025/05/24 17:26:05
Table 'MR NLH BOMBPOT 1/2' 7-max Seat #4 is the button
Seat 6: 26d8ee80 ($1,000.64 in chips)
Seat 4: 6e1a2fbb ($162.76 in chips)
Seat 2: Hero ($589.13 in chips)
Seat 3: 537bef28 ($803.04 in chips)
26d8ee80: posts small blind $1
Hero: posts big blind $2
*** HOLE CARDS ***
Dealt to 26d8ee80 
Dealt to 6e1a2fbb 
Dealt to Hero [Js 3s]
Dealt to 537bef28 
537bef28: folds
6e1a2fbb: raises $4 to $6
26d8ee80: folds
Hero: calls $4
*** FLOP *** [9s Jh Qh]
Hero: checks
6e1a2fbb: bets $9.75
Hero: folds
Uncalled bet ($9.75) returned to 6e1a2fbb
*** SHOWDOWN ***
6e1a2fbb collected $13 from pot
*** SUMMARY ***
Total pot $13
Board [9s Jh Qh]
Seat 6: 26d8ee80(small blind) folded before Flop
Seat 4: 6e1a2fbbwon ($13) with Pair of Queens
Seat 2: Hero(big blind) folded on the Flop
Seat 3: 537bef28 folded before Flop (didn't bet)



Poker Hand #ring_896209301: NLH No Limit ($1/$2) - 2025/05/24 17:25:21
Table 'MR NLH BOMBPOT 1/2' 7-max Seat #3 is the button
Seat 6: 26d8ee80 ($1,002.64 in chips)
Seat 4: 6e1a2fbb ($194 in chips)
Seat 2: Hero ($559.29 in chips)
Seat 3: 537bef28 ($803.04 in chips)
6e1a2fbb: posts small blind $1
26d8ee80: posts big blind $2
*** HOLE CARDS ***
Dealt to 26d8ee80 
Dealt to 6e1a2fbb 
Dealt to Hero [Ah Kd]
Dealt to 537bef28 
Hero: raises $4 to $6
537bef28: folds
6e1a2fbb: calls $5
26d8ee80: folds
*** FLOP *** [Ks 3s Qs]
6e1a2fbb: checks
Hero: bets $7
6e1a2fbb: calls $7
*** TURN *** [Ks 3s Qs] [3d]
6e1a2fbb: checks
Hero: checks
*** RIVER *** [Ks 3s Qs 3d] [6c]
6e1a2fbb: bets $18.24
Hero: calls $18.24
Hero: shows [Ah Kd]
6e1a2fbb: shows [As 8d]
*** SHOWDOWN ***
Hero collected $64.48 from pot
*** SUMMARY ***
Total pot $64.48
Board [Ks 3s Qs 3d 6c]
Seat 6: 26d8ee80(big blind) folded before Flop
Seat 4: 6e1a2fbb(small blind) showed [As 8d] and lost with Pair of Treys
Seat 2: Hero showed [Ah Kd] and won ($64.48) with Pair of Kings and Pair of Treys
Seat 3: 537bef28 folded before Flop (didn't bet)



Poker Hand #ring_896208116: NLH No Limit ($1/$2) - 2025/05/24 17:24:23
Table 'MR NLH BOMBPOT 1/2' 7-max Seat #2 is the button
Seat 6: 26d8ee80 ($994.4 in chips)
Seat 4: 6e1a2fbb ($202 in chips)
Seat 2: Hero ($559.29 in chips)
Seat 3: 537bef28 ($804.04 in chips)
537bef28: posts small blind $1
6e1a2fbb: posts big blind $2
*** HOLE CARDS ***
Dealt to 26d8ee80 
Dealt to 6e1a2fbb 
Dealt to Hero [2c 5d]
Dealt to 537bef28 
26d8ee80: raises $2 to $4
Hero: folds
537bef28: folds
6e1a2fbb: calls $2
*** FLOP *** [As 3d Qs]
6e1a2fbb: checks
26d8ee80: bets $4
6e1a2fbb: calls $4
*** TURN *** [As 3d Qs] [7c]
6e1a2fbb: checks
26d8ee80: checks
*** RIVER *** [As 3d Qs 7c] [5c]
6e1a2fbb: checks
26d8ee80: checks
6e1a2fbb: shows [Tc Jd]
26d8ee80: shows [Kd Th]
*** SHOWDOWN ***
26d8ee80 collected $17 from pot
*** SUMMARY ***
Total pot $17
Board [As 3d Qs 7c 5c]
Seat 6: 26d8ee80 showed [Kd Th] and won ($17) with Ace-High
Seat 4: 6e1a2fbb(big blind) showed [Tc Jd] and lost with Ace-High
Seat 2: Hero folded before Flop (didn't bet)
Seat 3: 537bef28(small blind) folded before Flop



Poker Hand #ring_896207793: NLH No Limit ($1/$2) - 2025/05/24 17:24:07
Table 'MR NLH BOMBPOT 1/2' 7-max Seat #6 is the button
Seat 6: 26d8ee80 ($991.4 in chips)
Seat 2: Hero ($560.29 in chips)
Seat 3: 537bef28 ($806.04 in chips)
Hero: posts small blind $1
537bef28: posts big blind $2
*** HOLE CARDS ***
Dealt to 26d8ee80 
Dealt to Hero [5s 3c]
Dealt to 537bef28 
26d8ee80: raises $2 to $4
Hero: folds
537bef28: folds
Uncalled bet ($2) returned to 26d8ee80
*** SHOWDOWN ***
26d8ee80 collected $5 from pot
*** SUMMARY ***
Total pot $5
Seat 6: 26d8ee80won ($5)
Seat 2: Hero(small blind) folded before Flop
Seat 3: 537bef28(big blind) folded before Flop



Poker Hand #ring_896207483: NLH No Limit ($1/$2) - 2025/05/24 17:23:53
Table 'MR NLH BOMBPOT 1/2' 7-max Seat #3 is the button
Seat 6: 26d8ee80 ($992.4 in chips)
Seat 2: Hero ($559.29 in chips)
Seat 3: 537bef28 ($806.04 in chips)
26d8ee80: posts small blind $1
Hero: posts big blind $2
*** HOLE CARDS ***
Dealt to 26d8ee80 
Dealt to Hero [8h 5c]
Dealt to 537bef28 
537bef28: folds
26d8ee80: folds
*** SHOWDOWN ***
Hero collected $3 from pot
*** SUMMARY ***
Total pot $3
Seat 6: 26d8ee80(small blind) folded before Flop
Seat 2: Hero(big blind)won ($3)
Seat 3: 537bef28 folded before Flop (didn't bet)



Poker Hand #ring_896207239: NLH No Limit ($1/$2) - 2025/05/24 17:23:41
Table 'MR NLH BOMBPOT 1/2' 7-max Seat #2 is the button
Seat 6: 26d8ee80 ($991.4 in chips)
Seat 2: Hero ($559.29 in chips)
Seat 3: 537bef28 ($807.04 in chips)
537bef28: posts small blind $1
26d8ee80: posts big blind $2
*** HOLE CARDS ***
Dealt to 26d8ee80 
Dealt to Hero [6h 3c]
Dealt to 537bef28 
Hero: folds
537bef28: folds
*** SHOWDOWN ***
26d8ee80 collected $3 from pot
*** SUMMARY ***
Total pot $3
Seat 6: 26d8ee80(big blind)won ($3)
Seat 2: Hero folded before Flop (didn't bet)
Seat 3: 537bef28(small blind) folded before Flop



Poker Hand #ring_896206020: NLH No Limit ($1/$2) - 2025/05/24 17:22:41
Table 'MR NLH BOMBPOT 1/2' 7-max Seat #6 is the button
Seat 6: 26d8ee80 ($1,001.4 in chips)
Seat 2: Hero ($540.64 in chips)
Seat 3: 537bef28 ($817.04 in chips)
Hero: posts small blind $1
537bef28: posts big blind $2
*** HOLE CARDS ***
Dealt to 26d8ee80 
Dealt to Hero [Jc Ad]
Dealt to 537bef28 
26d8ee80: raises $2 to $4
Hero: calls $3
537bef28: calls $2
*** FLOP *** [5c Tc 8c]
Hero: checks
537bef28: checks
26d8ee80: checks
*** TURN *** [5c Tc 8c] [7c]
Hero: checks
537bef28: bets $6
26d8ee80: calls $6
Hero: calls $6
*** RIVER *** [5c Tc 8c 7c] [4c]
Hero: checks
537bef28: checks
26d8ee80: checks
Hero: shows [Jc Ad]
537bef28: shows [Kd Jh]
26d8ee80: shows [8h 7h]
*** SHOWDOWN ***
Hero collected $30 from pot
*** SUMMARY ***
Total pot $30
Board [5c Tc 8c 7c 4c]
Seat 6: 26d8ee80 showed [8h 7h] and lost with Ten High Flush
Seat 2: Hero(small blind) showed [Jc Ad] and won ($30) with Jack High Flush
Seat 3: 537bef28(big blind) showed [Kd Jh] and lost with Ten High Flush



Poker Hand #ring_896205395: NLH No Limit ($1/$2) - 2025/05/24 17:22:10
Table 'MR NLH BOMBPOT 1/2' 7-max Seat #3 is the button
Seat 6: 26d8ee80 ($1,002.4 in chips)
Seat 2: Hero ($531.95 in chips)
Seat 3: 537bef28 ($825.54 in chips)
26d8ee80: posts small blind $1
Hero: posts big blind $2
*** HOLE CARDS ***
Dealt to 26d8ee80 
Dealt to Hero [2d As]
Dealt to 537bef28 
537bef28: raises $2 to $4
26d8ee80: folds
Hero: calls $2
*** FLOP *** [3s Jd 8s]
Hero: checks
537bef28: bets $4.5
Hero: calls $4.5
*** TURN *** [3s Jd 8s] [5h]
Hero: checks
537bef28: checks
*** RIVER *** [3s Jd 8s 5h] [Ac]
Hero: bets $9
537bef28: folds
Uncalled bet ($9) returned to Hero
*** SHOWDOWN ***
Hero collected $18 from pot
*** SUMMARY ***
Total pot $18
Board [3s Jd 8s 5h Ac]
Seat 6: 26d8ee80(small blind) folded before Flop
Seat 2: Hero(big blind)won ($18) with Pair of Aces
Seat 3: 537bef28 folded on the River



Poker Hand #ring_896205204: NLH No Limit ($1/$2) - 2025/05/24 17:21:59
Table 'MR NLH BOMBPOT 1/2' 7-max Seat #2 is the button
Seat 6: 26d8ee80 ($1,001.4 in chips)
Seat 2: Hero ($531.95 in chips)
Seat 3: 537bef28 ($826.54 in chips)
537bef28: posts small blind $1
26d8ee80: posts big blind $2
*** HOLE CARDS ***
Dealt to 26d8ee80 
Dealt to Hero [5c Jh]
Dealt to 537bef28 
Hero: folds
537bef28: folds
*** SHOWDOWN ***
26d8ee80 collected $3 from pot
*** SUMMARY ***
Total pot $3
Seat 6: 26d8ee80(big blind)won ($3)
Seat 2: Hero folded before Flop (didn't bet)
Seat 3: 537bef28(small blind) folded before Flop



Poker Hand #ring_896204306: NLH No Limit ($1/$2) - 2025/05/24 17:21:14
Table 'MR NLH BOMBPOT 1/2' 7-max Seat #6 is the button
Seat 6: 26d8ee80 ($969.1 in chips)
Seat 2: Hero ($541.95 in chips)
Seat 3: 537bef28 ($851.54 in chips)
Hero: posts the ante $10
537bef28: posts the ante $10
26d8ee80: posts the ante $10
*** HOLE CARDS ***
Dealt to 26d8ee80 
Dealt to Hero [Kh 4c]
Dealt to 537bef28 
*** FLOP *** [Qs 8c Jd]
Hero: checks
537bef28: bets $15
26d8ee80: calls $15
Hero: folds
*** TURN *** [Qs 8c Jd] [Ac]
537bef28: checks
26d8ee80: checks
*** RIVER *** [Qs 8c Jd Ac] [8s]
537bef28: checks
26d8ee80: checks
537bef28: shows [Jc 9s]
26d8ee80: shows [7h 8h]
*** SHOWDOWN ***
26d8ee80 collected $60 from pot
*** SUMMARY ***
Total pot $60
Board [Qs 8c Jd Ac 8s]
Seat 6: 26d8ee80 showed [7h 8h] and won ($60) with Three Eights
Seat 2: Hero(small blind) folded on the Flop
Seat 3: 537bef28(big blind) showed [Jc 9s] and lost with Pair of Jacks and Pair of Eights



Poker Hand #ring_896203517: NLH No Limit ($1/$2) - 2025/05/24 17:20:35
Table 'MR NLH BOMBPOT 1/2' 7-max Seat #3 is the button
Seat 6: 26d8ee80 ($970.1 in chips)
Seat 2: Hero ($505.96 in chips)
Seat 3: 537bef28 ($890.04 in chips)
26d8ee80: posts small blind $1
Hero: posts big blind $2
*** HOLE CARDS ***
Dealt to 26d8ee80 
Dealt to Hero [Kc Qd]
Dealt to 537bef28 
537bef28: raises $4 to $6
26d8ee80: folds
Hero: raises $13 to $19
537bef28: calls $13
*** FLOP *** [As Kh Td]
Hero: checks
537bef28: checks
*** TURN *** [As Kh Td] [5c]
Hero: bets $19.5
537bef28: calls $19.5
*** RIVER *** [As Kh Td 5c] [Jh]
Hero: checks
537bef28: checks
Hero: shows [Kc Qd]
537bef28: shows [Jd Ts]
*** SHOWDOWN ***
Hero collected $78 from pot
*** SUMMARY ***
Total pot $78
Board [As Kh Td 5c Jh]
Seat 6: 26d8ee80(small blind) folded before Flop
Seat 2: Hero(big blind) showed [Kc Qd] and won ($78) with Aces-High Straight
Seat 3: 537bef28 showed [Jd Ts] and lost with Pair of Jacks and Pair of Tens



Poker Hand #ring_896203228: NLH No Limit ($1/$2) - 2025/05/24 17:20:19
Table 'MR NLH BOMBPOT 1/2' 7-max Seat #2 is the button
Seat 6: 26d8ee80 ($972.1 in chips)
Seat 2: Hero ($502.96 in chips)
Seat 3: 537bef28 ($891.04 in chips)
537bef28: posts small blind $1
26d8ee80: posts big blind $2
*** HOLE CARDS ***
Dealt to 26d8ee80 
Dealt to Hero [8d Ad]
Dealt to 537bef28 
Hero: raises $4 to $6
537bef28: folds
26d8ee80: folds
Uncalled bet ($4) returned to Hero
*** SHOWDOWN ***
Hero collected $5 from pot
*** SUMMARY ***
Total pot $5
Seat 6: 26d8ee80(big blind) folded before Flop
Seat 2: Herowon ($5)
Seat 3: 537bef28(small blind) folded before Flop



Poker Hand #ring_896202401: NLH No Limit ($1/$2) - 2025/05/24 17:19:41
Table 'MR NLH BOMBPOT 1/2' 7-max Seat #6 is the button
Seat 6: 26d8ee80 ($972.1 in chips)
Seat 2: Hero ($497.5 in chips)
Seat 3: 537bef28 ($897.04 in chips)
Hero: posts small blind $1
537bef28: posts big blind $2
*** HOLE CARDS ***
Dealt to 26d8ee80 
Dealt to Hero [Ah Qs]
Dealt to 537bef28 
26d8ee80: folds
Hero: raises $4 to $6
537bef28: calls $4
*** FLOP *** [7h 9d 3d]
Hero: checks
537bef28: checks
*** TURN *** [7h 9d 3d] [Jc]
Hero: checks
537bef28: checks
*** RIVER *** [7h 9d 3d Jc] [9c]
Hero: checks
537bef28: checks
Hero: shows [Ah Qs]
537bef28: shows [6h Ac]
*** SHOWDOWN ***
Hero collected $12 from pot
*** SUMMARY ***
Total pot $12
Board [7h 9d 3d Jc 9c]
Seat 6: 26d8ee80 folded before Flop (didn't bet)
Seat 2: Hero(small blind) showed [Ah Qs] and won ($12) with Pair of Nines
Seat 3: 537bef28(big blind) showed [6h Ac] and lost with Pair of Nines



Poker Hand #ring_896202029: NLH No Limit ($1/$2) - 2025/05/24 17:19:23
Table 'MR NLH BOMBPOT 1/2' 7-max Seat #3 is the button
Seat 6: 26d8ee80 ($973.1 in chips)
Seat 2: Hero ($499.5 in chips)
Seat 3: 537bef28 ($894.04 in chips)
26d8ee80: posts small blind $1
Hero: posts big blind $2
*** HOLE CARDS ***
Dealt to 26d8ee80 
Dealt to Hero [2s 6s]
Dealt to 537bef28 
537bef28: raises $4 to $6
26d8ee80: folds
Hero: folds
Uncalled bet ($4) returned to 537bef28
*** SHOWDOWN ***
537bef28 collected $5 from pot
*** SUMMARY ***
Total pot $5
Seat 6: 26d8ee80(small blind) folded before Flop
Seat 2: Hero(big blind) folded before Flop
Seat 3: 537bef28won ($5)



Poker Hand #ring_896201823: NLH No Limit ($1/$2) - 2025/05/24 17:19:12
Table 'MR NLH BOMBPOT 1/2' 7-max Seat #2 is the button
Seat 6: 26d8ee80 ($972.1 in chips)
Seat 2: Hero ($499.5 in chips)
Seat 3: 537bef28 ($895.04 in chips)
537bef28: posts small blind $1
26d8ee80: posts big blind $2
*** HOLE CARDS ***
Dealt to 26d8ee80 
Dealt to Hero [2c 6s]
Dealt to 537bef28 
Hero: folds
537bef28: folds
*** SHOWDOWN ***
26d8ee80 collected $3 from pot
*** SUMMARY ***
Total pot $3
Seat 6: 26d8ee80(big blind)won ($3)
Seat 2: Hero folded before Flop (didn't bet)
Seat 3: 537bef28(small blind) folded before Flop



Poker Hand #ring_896201186: NLH No Limit ($1/$2) - 2025/05/24 17:18:41
Table 'MR NLH BOMBPOT 1/2' 7-max Seat #6 is the button
Seat 6: 26d8ee80 ($964.64 in chips)
Seat 2: Hero ($503.5 in chips)
Seat 3: 537bef28 ($899.04 in chips)
Hero: posts small blind $1
537bef28: posts big blind $2
*** HOLE CARDS ***
Dealt to 26d8ee80 
Dealt to Hero [Kh 3h]
Dealt to 537bef28 
26d8ee80: raises $2 to $4
Hero: calls $3
537bef28: calls $2
*** FLOP *** [Td 4c 5d]
Hero: checks
537bef28: checks
26d8ee80: bets $4
Hero: folds
537bef28: folds
Uncalled bet ($4) returned to 26d8ee80
*** SHOWDOWN ***
26d8ee80 collected $12 from pot
*** SUMMARY ***
Total pot $12
Board [Td 4c 5d]
Seat 6: 26d8ee80won ($12) with Three Tens
Seat 2: Hero(small blind) folded on the Flop
Seat 3: 537bef28(big blind) folded on the Flop



Poker Hand #ring_896200828: NLH No Limit ($1/$2) - 2025/05/24 17:18:23
Table 'MR NLH BOMBPOT 1/2' 7-max Seat #3 is the button
Seat 6: 26d8ee80 ($965.64 in chips)
Seat 2: Hero ($502.5 in chips)
Seat 3: 537bef28 ($899.04 in chips)
26d8ee80: posts small blind $1
Hero: posts big blind $2
*** HOLE CARDS ***
Dealt to 26d8ee80 
Dealt to Hero [3h Jc]
Dealt to 537bef28 
537bef28: folds
26d8ee80: folds
*** SHOWDOWN ***
Hero collected $3 from pot
*** SUMMARY ***
Total pot $3
Seat 6: 26d8ee80(small blind) folded before Flop
Seat 2: Hero(big blind)won ($3)
Seat 3: 537bef28 folded before Flop (didn't bet)



Poker Hand #ring_896200589: NLH No Limit ($1/$2) - 2025/05/24 17:18:12
Table 'MR NLH BOMBPOT 1/2' 7-max Seat #2 is the button
Seat 6: 26d8ee80 ($964.64 in chips)
Seat 2: Hero ($502.5 in chips)
Seat 3: 537bef28 ($900.04 in chips)
537bef28: posts small blind $1
26d8ee80: posts big blind $2
*** HOLE CARDS ***
Dealt to 26d8ee80 
Dealt to Hero [Ts 2c]
Dealt to 537bef28 
Hero: folds
537bef28: folds
*** SHOWDOWN ***
26d8ee80 collected $3 from pot
*** SUMMARY ***
Total pot $3
Seat 6: 26d8ee80(big blind)won ($3)
Seat 2: Hero folded before Flop (didn't bet)
Seat 3: 537bef28(small blind) folded before Flop



Poker Hand #ring_896200359: NLH No Limit ($1/$2) - 2025/05/24 17:17:59
Table 'MR NLH BOMBPOT 1/2' 7-max Seat #6 is the button
Seat 6: 26d8ee80 ($964.64 in chips)
Seat 2: Hero ($503.5 in chips)
Seat 3: 537bef28 ($899.04 in chips)
Hero: posts small blind $1
537bef28: posts big blind $2
*** HOLE CARDS ***
Dealt to 26d8ee80 
Dealt to Hero [2c 6d]
Dealt to 537bef28 
26d8ee80: folds
Hero: folds
*** SHOWDOWN ***
537bef28 collected $3 from pot
*** SUMMARY ***
Total pot $3
Seat 6: 26d8ee80 folded before Flop (didn't bet)
Seat 2: Hero(small blind) folded before Flop
Seat 3: 537bef28(big blind)won ($3)



Poker Hand #ring_896199388: NLH No Limit ($1/$2) - 2025/05/24 17:17:13
Table 'MR NLH BOMBPOT 1/2' 7-max Seat #6 is the button
Seat 6: 26d8ee80 ($941.72 in chips)
Seat 2: Hero ($527.5 in chips)
Hero: posts the ante $10
26d8ee80: posts the ante $10
*** HOLE CARDS ***
Dealt to 26d8ee80 
Dealt to Hero [9s Kh]
*** FLOP *** [Ts Ad 3h]
Hero: checks
26d8ee80: checks
*** TURN *** [Ts Ad 3h] [7d]
Hero: checks
26d8ee80: bets $14
Hero: calls $14
*** RIVER *** [Ts Ad 3h 7d] [6d]
Hero: checks
26d8ee80: checks
Hero: shows [9s Kh]
26d8ee80: shows [4c Ac]
*** SHOWDOWN ***
26d8ee80 collected $48 from pot
*** SUMMARY ***
Total pot $48
Board [Ts Ad 3h 7d 6d]
Seat 6: 26d8ee80(small blind) showed [4c Ac] and won ($48) with Pair of Aces
Seat 2: Hero(big blind) showed [9s Kh] and lost with Ace-High



Poker Hand #ring_896198520: NLH No Limit ($1/$2) - 2025/05/24 17:16:31
Table 'MR NLH BOMBPOT 1/2' 7-max Seat #2 is the button
Seat 6: 26d8ee80 ($961.72 in chips)
Seat 2: Hero ($508.4 in chips)
Hero: posts small blind $1
26d8ee80: posts big blind $2
*** HOLE CARDS ***
Dealt to 26d8ee80 
Dealt to Hero [8s 9s]
Hero: raises $4 to $6
26d8ee80: raises $14 to $20
Hero: calls $14
*** FLOP *** [Qd 9c 5s]
26d8ee80: checks
Hero: checks
*** TURN *** [Qd 9c 5s] [6s]
26d8ee80: checks
Hero: bets $25
26d8ee80: folds
Uncalled bet ($25) returned to Hero
*** SHOWDOWN ***
Hero collected $40 from pot
*** SUMMARY ***
Total pot $40
Board [Qd 9c 5s 6s]
Seat 6: 26d8ee80(big blind) folded on the Turn
Seat 2: Hero(small blind)won ($40) with Pair of Nines



Poker Hand #ring_896197230: NLH No Limit ($1/$2) - 2025/05/24 17:15:27
Table 'MR NLH BOMBPOT 1/2' 7-max Seat #4 is the button
Seat 4: b2d584b9 ($154 in chips)
Seat 6: 26d8ee80 ($819.67 in chips)
Seat 2: Hero ($510.4 in chips)
26d8ee80: posts small blind $1
Hero: posts big blind $2
*** HOLE CARDS ***
Dealt to b2d584b9 
Dealt to 26d8ee80 
Dealt to Hero [5s Qd]
b2d584b9: raises $5 to $7
26d8ee80: calls $6
Hero: folds
*** FLOP *** [Jh 2h 2d]
26d8ee80: checks
b2d584b9: bets $10.56
26d8ee80: raises $15.44 to $26
b2d584b9: calls $15.44
*** TURN *** [Jh 2h 2d] [5d]
26d8ee80: bets $20
b2d584b9: calls $20
*** RIVER *** [Jh 2h 2d 5d] [4h]
26d8ee80: checks
b2d584b9: bets $101 and is all-in
26d8ee80: calls $101
b2d584b9: shows [Ac Qh]
26d8ee80: shows [Js 9s]
*** SHOWDOWN ***
26d8ee80 collected $310 from pot
*** SUMMARY ***
Total pot $310
Board [Jh 2h 2d 5d 4h]
Seat 4: b2d584b9 showed [Ac Qh] and lost with Pair of Twos
Seat 6: 26d8ee80(small blind) showed [Js 9s] and won ($310) with Pair of Jacks and Pair of Twos
Seat 2: Hero(big blind) folded before Flop



Poker Hand #ring_896196610: NLH No Limit ($1/$2) - 2025/05/24 17:14:55
Table 'MR NLH BOMBPOT 1/2' 7-max Seat #0 is the button
Seat 4: b2d584b9 ($155 in chips)
Seat 6: 26d8ee80 ($825.67 in chips)
Seat 2: Hero ($503.98 in chips)
b2d584b9: posts small blind $1
26d8ee80: posts big blind $2
*** HOLE CARDS ***
Dealt to b2d584b9 
Dealt to 26d8ee80 
Dealt to Hero [Js Ac]
Hero: raises $4 to $6
b2d584b9: folds
26d8ee80: calls $4
*** FLOP *** [4s Kc Jh]
26d8ee80: checks
Hero: checks
*** TURN *** [4s Kc Jh] [7s]
26d8ee80: checks
Hero: bets $6.5
26d8ee80: folds
Uncalled bet ($6.5) returned to Hero
*** SHOWDOWN ***
Hero collected $13 from pot
*** SUMMARY ***
Total pot $13
Board [4s Kc Jh 7s]
Seat 4: b2d584b9(small blind) folded before Flop
Seat 6: 26d8ee80(big blind) folded on the Turn
Seat 2: Herowon ($13) with Pair of Jacks



Poker Hand #ring_896196102: NLH No Limit ($1/$2) - 2025/05/24 17:14:30
Table 'MR NLH BOMBPOT 1/2' 7-max Seat #2 is the button
Seat 4: b2d584b9 ($154 in chips)
Seat 6: 26d8ee80 ($825.67 in chips)
Seat 2: Hero ($503.98 in chips)
Seat 3: 537bef28 ($900.04 in chips)
537bef28: posts small blind $1
b2d584b9: posts big blind $2
*** HOLE CARDS ***
Dealt to b2d584b9 
Dealt to 26d8ee80 
Dealt to Hero [8s Jc]
Dealt to 537bef28 
26d8ee80: folds
Hero: folds
537bef28: folds
*** SHOWDOWN ***
b2d584b9 collected $3 from pot
*** SUMMARY ***
Total pot $3
Seat 4: b2d584b9(big blind)won ($3)
Seat 6: 26d8ee80 folded before Flop (didn't bet)
Seat 2: Hero folded before Flop (didn't bet)
Seat 3: 537bef28(small blind) folded before Flop



Poker Hand #ring_896195149: NLH No Limit ($1/$2) - 2025/05/24 17:13:43
Table 'MR NLH BOMBPOT 1/2' 7-max Seat #6 is the button
Seat 6: 26d8ee80 ($817.43 in chips)
Seat 2: Hero ($504.98 in chips)
Seat 3: 537bef28 ($908.04 in chips)
Hero: posts small blind $1
537bef28: posts big blind $2
*** HOLE CARDS ***
Dealt to 26d8ee80 
Dealt to Hero [6d 8s]
Dealt to 537bef28 
26d8ee80: raises $2 to $4
Hero: folds
537bef28: calls $2
*** FLOP *** [Jc 3d 5s]
537bef28: checks
26d8ee80: bets $4
537bef28: calls $4
*** TURN *** [Jc 3d 5s] [2s]
537bef28: checks
26d8ee80: checks
*** RIVER *** [Jc 3d 5s 2s] [Kh]
537bef28: checks
26d8ee80: bets $10
537bef28: folds
Uncalled bet ($10) returned to 26d8ee80
*** SHOWDOWN ***
26d8ee80 collected $17 from pot
*** SUMMARY ***
Total pot $17
Board [Jc 3d 5s 2s Kh]
Seat 6: 26d8ee80won ($17) with Pair of Kings
Seat 2: Hero(small blind) folded before Flop
Seat 3: 537bef28(big blind) folded on the River



Poker Hand #ring_896194820: NLH No Limit ($1/$2) - 2025/05/24 17:13:25
Table 'MR NLH BOMBPOT 1/2' 7-max Seat #3 is the button
Seat 6: 26d8ee80 ($818.43 in chips)
Seat 2: Hero ($506.98 in chips)
Seat 3: 537bef28 ($905.04 in chips)
26d8ee80: posts small blind $1
Hero: posts big blind $2
*** HOLE CARDS ***
Dealt to 26d8ee80 
Dealt to Hero [Th 6d]
Dealt to 537bef28 
537bef28: raises $4 to $6
26d8ee80: folds
Hero: folds
Uncalled bet ($4) returned to 537bef28
*** SHOWDOWN ***
537bef28 collected $5 from pot
*** SUMMARY ***
Total pot $5
Seat 6: 26d8ee80(small blind) folded before Flop
Seat 2: Hero(big blind) folded before Flop
Seat 3: 537bef28won ($5)



Poker Hand #ring_896193598: NLH No Limit ($1/$2) - 2025/05/24 17:12:23
Table 'MR NLH BOMBPOT 1/2' 7-max Seat #2 is the button
Seat 6: 26d8ee80 ($909.43 in chips)
Seat 2: Hero ($597.98 in chips)
Seat 3: 537bef28 ($735.32 in chips)
537bef28: posts small blind $1
26d8ee80: posts big blind $2
*** HOLE CARDS ***
Dealt to 26d8ee80 
Dealt to Hero [Qc As]
Dealt to 537bef28 
Hero: raises $4 to $6
537bef28: calls $5
26d8ee80: raises $22 to $28
Hero: calls $22
537bef28: calls $22
*** FLOP *** [Ac 9d Js]
537bef28: checks
26d8ee80: checks
Hero: checks
*** TURN *** [Ac 9d Js] [8d]
537bef28: bets $63
26d8ee80: calls $63
Hero: calls $63
*** RIVER *** [Ac 9d Js 8d] [5d]
537bef28: checks
26d8ee80: checks
Hero: checks
Hero: shows [Qc As]
537bef28: shows [Td Qs]
26d8ee80: shows [Qh Jh]
*** SHOWDOWN ***
537bef28 collected $273 from pot
*** SUMMARY ***
Total pot $273
Board [Ac 9d Js 8d 5d]
Seat 6: 26d8ee80(big blind) showed [Qh Jh] and lost with Pair of Jacks
Seat 2: Hero showed [Qc As] and lost with Pair of Aces
Seat 3: 537bef28(small blind) showed [Td Qs] and won ($273) with Queens-High Straight



Poker Hand #ring_896192997: NLH No Limit ($1/$2) - 2025/05/24 17:11:52
Table 'MR NLH BOMBPOT 1/2' 7-max Seat #6 is the button
Seat 6: 26d8ee80 ($909.43 in chips)
Seat 2: Hero ($609.98 in chips)
Seat 3: 537bef28 ($724.4 in chips)
Hero: posts small blind $1
537bef28: posts big blind $2
*** HOLE CARDS ***
Dealt to 26d8ee80 
Dealt to Hero [Td Jd]
Dealt to 537bef28 
26d8ee80: folds
Hero: raises $4 to $6
537bef28: calls $4
*** FLOP *** [Qc 4s 8c]
Hero: checks
537bef28: checks
*** TURN *** [Qc 4s 8c] [Kd]
Hero: bets $6
537bef28: calls $6
*** RIVER *** [Qc 4s 8c Kd] [3s]
Hero: checks
537bef28: checks
Hero: shows [Td Jd]
537bef28: shows [4c 6c]
*** SHOWDOWN ***
537bef28 collected $24 from pot
*** SUMMARY ***
Total pot $24
Board [Qc 4s 8c Kd 3s]
Seat 6: 26d8ee80 folded before Flop (didn't bet)
Seat 2: Hero(small blind) showed [Td Jd] and lost with King-High
Seat 3: 537bef28(big blind) showed [4c 6c] and won ($24) with Pair of Fours



Poker Hand #ring_896192449: NLH No Limit ($1/$2) - 2025/05/24 17:11:24
Table 'MR NLH BOMBPOT 1/2' 7-max Seat #3 is the button
Seat 6: 26d8ee80 ($915.43 in chips)
Seat 2: Hero ($611.98 in chips)
Seat 3: 537bef28 ($717.03 in chips)
26d8ee80: posts small blind $1
Hero: posts big blind $2
*** HOLE CARDS ***
Dealt to 26d8ee80 
Dealt to Hero [4s Qd]
Dealt to 537bef28 
537bef28: raises $4 to $6
26d8ee80: calls $5
Hero: folds
*** FLOP *** [Kh 6c 3d]
26d8ee80: checks
537bef28: bets $10.5
26d8ee80: folds
Uncalled bet ($10.5) returned to 537bef28
*** SHOWDOWN ***
537bef28 collected $14 from pot
*** SUMMARY ***
Total pot $14
Board [Kh 6c 3d]
Seat 6: 26d8ee80(small blind) folded on the Flop
Seat 2: Hero(big blind) folded before Flop
Seat 3: 537bef28won ($14) with Pair of Jacks



Poker Hand #ring_896190818: NLH No Limit ($1/$2) - 2025/05/24 17:10:01
Table 'MR NLH BOMBPOT 1/2' 7-max Seat #2 is the button
Seat 6: 26d8ee80 ($925.43 in chips)
Seat 2: Hero ($700.72 in chips)
Seat 3: 537bef28 ($626.72 in chips)
537bef28: posts the ante $10
26d8ee80: posts the ante $10
Hero: posts the ante $10
*** HOLE CARDS ***
Dealt to 26d8ee80 
Dealt to Hero [7h Ks]
Dealt to 537bef28 
*** FLOP *** [Kh 3d 8h]
537bef28: bets $22.5
26d8ee80: folds
Hero: calls $22.5
*** TURN *** [Kh 3d 8h] [9s]
537bef28: bets $56.24
Hero: calls $56.24
*** RIVER *** [Kh 3d 8h 9s] [6c]
537bef28: bets $140.61
Hero: folds
Uncalled bet ($140.61) returned to 537bef28
*** SHOWDOWN ***
537bef28 collected $187.48 from pot
*** SUMMARY ***
Total pot $187.48
Board [Kh 3d 8h 9s 6c]
Seat 6: 26d8ee80(big blind) folded on the Flop
Seat 2: Hero folded on the River
Seat 3: 537bef28(small blind)won ($187.48) with Pair of Eights and Pair of Treys



Poker Hand #ring_896190442: NLH No Limit ($1/$2) - 2025/05/24 17:09:42
Table 'MR NLH BOMBPOT 1/2' 7-max Seat #6 is the button
Seat 6: 26d8ee80 ($922.43 in chips)
Seat 2: Hero ($701.72 in chips)
Seat 3: 537bef28 ($628.72 in chips)
Hero: posts small blind $1
537bef28: posts big blind $2
*** HOLE CARDS ***
Dealt to 26d8ee80 
Dealt to Hero [5h 6s]
Dealt to 537bef28 
26d8ee80: raises $4 to $6
Hero: folds
537bef28: folds
Uncalled bet ($4) returned to 26d8ee80
*** SHOWDOWN ***
26d8ee80 collected $5 from pot
*** SUMMARY ***
Total pot $5
Seat 6: 26d8ee80won ($5)
Seat 2: Hero(small blind) folded before Flop
Seat 3: 537bef28(big blind) folded before Flop



Poker Hand #ring_896190100: NLH No Limit ($1/$2) - 2025/05/24 17:09:24
Table 'MR NLH BOMBPOT 1/2' 7-max Seat #3 is the button
Seat 6: 26d8ee80 ($920.43 in chips)
Seat 2: Hero ($703.72 in chips)
Seat 3: 537bef28 ($628.72 in chips)
26d8ee80: posts small blind $1
Hero: posts big blind $2
*** HOLE CARDS ***
Dealt to 26d8ee80 
Dealt to Hero [9h 6d]
Dealt to 537bef28 
537bef28: folds
26d8ee80: raises $4 to $6
Hero: folds
Uncalled bet ($4) returned to 26d8ee80
*** SHOWDOWN ***
26d8ee80 collected $4 from pot
*** SUMMARY ***
Total pot $4
Seat 6: 26d8ee80(small blind)won ($4)
Seat 2: Hero(big blind) folded before Flop
Seat 3: 537bef28 folded before Flop (didn't bet)



Poker Hand #ring_896189241: NLH No Limit ($1/$2) - 2025/05/24 17:08:41
Table 'MR NLH BOMBPOT 1/2' 7-max Seat #2 is the button
Seat 6: 26d8ee80 ($914.01 in chips)
Seat 2: Hero ($709.72 in chips)
Seat 3: 537bef28 ($629.72 in chips)
537bef28: posts small blind $1
26d8ee80: posts big blind $2
*** HOLE CARDS ***
Dealt to 26d8ee80 
Dealt to Hero [8d 7d]
Dealt to 537bef28 
Hero: raises $4 to $6
537bef28: folds
26d8ee80: calls $4
*** FLOP *** [Ad 5c 5h]
26d8ee80: checks
Hero: checks
*** TURN *** [Ad 5c 5h] [3c]
26d8ee80: checks
Hero: checks
*** RIVER *** [Ad 5c 5h 3c] [5d]
26d8ee80: bets $6
Hero: folds
Uncalled bet ($6) returned to 26d8ee80
*** SHOWDOWN ***
26d8ee80 collected $13 from pot
*** SUMMARY ***
Total pot $13
Board [Ad 5c 5h 3c 5d]
Seat 6: 26d8ee80(big blind)won ($13) with Three Fives
Seat 2: Hero folded on the River
Seat 3: 537bef28(small blind) folded before Flop



Poker Hand #ring_896188765: NLH No Limit ($1/$2) - 2025/05/24 17:08:16
Table 'MR NLH BOMBPOT 1/2' 7-max Seat #6 is the button
Seat 6: 26d8ee80 ($914.01 in chips)
Seat 2: Hero ($704.26 in chips)
Seat 3: 537bef28 ($635.72 in chips)
Hero: posts small blind $1
537bef28: posts big blind $2
*** HOLE CARDS ***
Dealt to 26d8ee80 
Dealt to Hero [Jc Ks]
Dealt to 537bef28 
26d8ee80: folds
Hero: raises $4 to $6
537bef28: calls $4
*** FLOP *** [Qd Jd 2s]
Hero: bets $6
537bef28: folds
Uncalled bet ($6) returned to Hero
*** SHOWDOWN ***
Hero collected $12 from pot
*** SUMMARY ***
Total pot $12
Board [Qd Jd 2s]
Seat 6: 26d8ee80 folded before Flop (didn't bet)
Seat 2: Hero(small blind)won ($12) with Pair of Jacks
Seat 3: 537bef28(big blind) folded on the Flop



Poker Hand #ring_896188387: NLH No Limit ($1/$2) - 2025/05/24 17:07:57
Table 'MR NLH BOMBPOT 1/2' 7-max Seat #3 is the button
Seat 6: 26d8ee80 ($912.01 in chips)
Seat 2: Hero ($706.26 in chips)
Seat 3: 537bef28 ($635.72 in chips)
26d8ee80: posts small blind $1
Hero: posts big blind $2
*** HOLE CARDS ***
Dealt to 26d8ee80 
Dealt to Hero [9s 3c]
Dealt to 537bef28 
537bef28: folds
26d8ee80: raises $2 to $4
Hero: folds
Uncalled bet ($2) returned to 26d8ee80
*** SHOWDOWN ***
26d8ee80 collected $4 from pot
*** SUMMARY ***
Total pot $4
Seat 6: 26d8ee80(small blind)won ($4)
Seat 2: Hero(big blind) folded before Flop
Seat 3: 537bef28 folded before Flop (didn't bet)



Poker Hand #ring_896187363: NLH No Limit ($1/$2) - 2025/05/24 17:07:05
Table 'MR NLH BOMBPOT 1/2' 7-max Seat #2 is the button
Seat 6: 26d8ee80 ($901.5 in chips)
Seat 2: Hero ($716.76 in chips)
Seat 3: 537bef28 ($636.72 in chips)
537bef28: posts small blind $1
26d8ee80: posts big blind $2
*** HOLE CARDS ***
Dealt to 26d8ee80 
Dealt to Hero [8c Th]
Dealt to 537bef28 
Hero: raises $3 to $5
537bef28: folds
26d8ee80: calls $3
*** FLOP *** [2c 3h Kd]
26d8ee80: checks
Hero: checks
*** TURN *** [2c 3h Kd] [4s]
26d8ee80: checks
Hero: checks
*** RIVER *** [2c 3h Kd 4s] [4c]
26d8ee80: checks
Hero: bets $5.5
26d8ee80: calls $5.5
Hero: shows [8c Th]
26d8ee80: shows [Qc Js]
*** SHOWDOWN ***
26d8ee80 collected $22 from pot
*** SUMMARY ***
Total pot $22
Board [2c 3h Kd 4s 4c]
Seat 6: 26d8ee80(big blind) showed [Qc Js] and won ($22) with Pair of Fours
Seat 2: Hero showed [8c Th] and lost with Pair of Fours
Seat 3: 537bef28(small blind) folded before Flop



Poker Hand #ring_896186975: NLH No Limit ($1/$2) - 2025/05/24 17:06:46
Table 'MR NLH BOMBPOT 1/2' 7-max Seat #6 is the button
Seat 6: 26d8ee80 ($901.5 in chips)
Seat 2: Hero ($717.76 in chips)
Seat 3: 537bef28 ($635.72 in chips)
Hero: posts small blind $1
537bef28: posts big blind $2
*** HOLE CARDS ***
Dealt to 26d8ee80 
Dealt to Hero [3c Qs]
Dealt to 537bef28 
26d8ee80: folds
Hero: folds
*** SHOWDOWN ***
537bef28 collected $3 from pot
*** SUMMARY ***
Total pot $3
Seat 6: 26d8ee80 folded before Flop (didn't bet)
Seat 2: Hero(small blind) folded before Flop
Seat 3: 537bef28(big blind)won ($3)



Poker Hand #ring_896186633: NLH No Limit ($1/$2) - 2025/05/24 17:06:27
Table 'MR NLH BOMBPOT 1/2' 7-max Seat #3 is the button
Seat 6: 26d8ee80 ($902.5 in chips)
Seat 2: Hero ($716.76 in chips)
Seat 3: 537bef28 ($635.72 in chips)
26d8ee80: posts small blind $1
Hero: posts big blind $2
*** HOLE CARDS ***
Dealt to 26d8ee80 
Dealt to Hero [6h 4c]
Dealt to 537bef28 
537bef28: folds
26d8ee80: folds
*** SHOWDOWN ***
Hero collected $3 from pot
*** SUMMARY ***
Total pot $3
Seat 6: 26d8ee80(small blind) folded before Flop
Seat 2: Hero(big blind)won ($3)
Seat 3: 537bef28 folded before Flop (didn't bet)



Poker Hand #ring_896186217: NLH No Limit ($1/$2) - 2025/05/24 17:06:08
Table 'MR NLH BOMBPOT 1/2' 7-max Seat #2 is the button
Seat 6: 26d8ee80 ($895.5 in chips)
Seat 2: Hero ($722.76 in chips)
Seat 3: 537bef28 ($636.72 in chips)
537bef28: posts small blind $1
26d8ee80: posts big blind $2
*** HOLE CARDS ***
Dealt to 26d8ee80 
Dealt to Hero [Qh Jd]
Dealt to 537bef28 
Hero: raises $4 to $6
537bef28: folds
26d8ee80: raises $16 to $22
Hero: folds
Uncalled bet ($16) returned to 26d8ee80
*** SHOWDOWN ***
26d8ee80 collected $13 from pot
*** SUMMARY ***
Total pot $13
Seat 6: 26d8ee80(big blind)won ($13)
Seat 2: Hero folded before Flop
Seat 3: 537bef28(small blind) folded before Flop



Poker Hand #ring_896185094: NLH No Limit ($1/$2) - 2025/05/24 17:05:10
Table 'MR NLH BOMBPOT 1/2' 7-max Seat #6 is the button
Seat 6: 26d8ee80 ($905.5 in chips)
Seat 2: Hero ($753.76 in chips)
Seat 3: 537bef28 ($598.96 in chips)
Hero: posts the ante $10
537bef28: posts the ante $10
26d8ee80: posts the ante $10
*** HOLE CARDS ***
Dealt to 26d8ee80 
Dealt to Hero [4c 2c]
Dealt to 537bef28 
*** FLOP *** [9s 3d Ad]
Hero: bets $15
537bef28: calls $15
26d8ee80: folds
*** TURN *** [9s 3d Ad] [Jh]
Hero: bets $6
537bef28: calls $6
*** RIVER *** [9s 3d Ad Jh] [3s]
Hero: checks
537bef28: checks
Hero: shows [4c 2c]
537bef28: shows [2d Kd]
*** SHOWDOWN ***
537bef28 collected $72 from pot
*** SUMMARY ***
Total pot $72
Board [9s 3d Ad Jh 3s]
Seat 6: 26d8ee80 folded on the Flop
Seat 2: Hero(small blind) showed [4c 2c] and lost with Pair of Treys
Seat 3: 537bef28(big blind) showed [2d Kd] and won ($72) with Pair of Treys



Poker Hand #ring_896184678: NLH No Limit ($1/$2) - 2025/05/24 17:04:51
Table 'MR NLH BOMBPOT 1/2' 7-max Seat #3 is the button
Seat 6: 26d8ee80 ($906.5 in chips)
Seat 2: Hero ($755.76 in chips)
Seat 3: 537bef28 ($595.96 in chips)
26d8ee80: posts small blind $1
Hero: posts big blind $2
*** HOLE CARDS ***
Dealt to 26d8ee80 
Dealt to Hero [8d 4s]
Dealt to 537bef28 
537bef28: raises $4 to $6
26d8ee80: folds
Hero: folds
Uncalled bet ($4) returned to 537bef28
*** SHOWDOWN ***
537bef28 collected $5 from pot
*** SUMMARY ***
Total pot $5
Seat 6: 26d8ee80(small blind) folded before Flop
Seat 2: Hero(big blind) folded before Flop
Seat 3: 537bef28won ($5)



Poker Hand #ring_896184485: NLH No Limit ($1/$2) - 2025/05/24 17:04:40
Table 'MR NLH BOMBPOT 1/2' 7-max Seat #2 is the button
Seat 6: 26d8ee80 ($905.5 in chips)
Seat 2: Hero ($755.76 in chips)
Seat 3: 537bef28 ($596.96 in chips)
537bef28: posts small blind $1
26d8ee80: posts big blind $2
*** HOLE CARDS ***
Dealt to 26d8ee80 
Dealt to Hero [5h Qc]
Dealt to 537bef28 
Hero: folds
537bef28: folds
*** SHOWDOWN ***
26d8ee80 collected $3 from pot
*** SUMMARY ***
Total pot $3
Seat 6: 26d8ee80(big blind)won ($3)
Seat 2: Hero folded before Flop (didn't bet)
Seat 3: 537bef28(small blind) folded before Flop



Poker Hand #ring_896184190: NLH No Limit ($1/$2) - 2025/05/24 17:04:26
Table 'MR NLH BOMBPOT 1/2' 7-max Seat #6 is the button
Seat 6: 26d8ee80 ($905.5 in chips)
Seat 2: Hero ($756.76 in chips)
Seat 3: 537bef28 ($595.96 in chips)
Hero: posts small blind $1
537bef28: posts big blind $2
*** HOLE CARDS ***
Dealt to 26d8ee80 
Dealt to Hero [Th 2c]
Dealt to 537bef28 
26d8ee80: folds
Hero: folds
*** SHOWDOWN ***
537bef28 collected $3 from pot
*** SUMMARY ***
Total pot $3
Seat 6: 26d8ee80 folded before Flop (didn't bet)
Seat 2: Hero(small blind) folded before Flop
Seat 3: 537bef28(big blind)won ($3)



Poker Hand #ring_896183659: NLH No Limit ($1/$2) - 2025/05/24 17:03:57
Table 'MR NLH BOMBPOT 1/2' 7-max Seat #3 is the button
Seat 6: 26d8ee80 ($909.5 in chips)
Seat 2: Hero ($752.76 in chips)
Seat 3: 537bef28 ($595.96 in chips)
26d8ee80: posts small blind $1
Hero: posts big blind $2
*** HOLE CARDS ***
Dealt to 26d8ee80 
Dealt to Hero [8s 8h]
Dealt to 537bef28 
537bef28: folds
26d8ee80: raises $2 to $4
Hero: raises $9.2 to $13.2
26d8ee80: folds
Uncalled bet ($9.2) returned to Hero
*** SHOWDOWN ***
Hero collected $8 from pot
*** SUMMARY ***
Total pot $8
Seat 6: 26d8ee80(small blind) folded before Flop
Seat 2: Hero(big blind)won ($8)
Seat 3: 537bef28 folded before Flop (didn't bet)



Poker Hand #ring_896183115: NLH No Limit ($1/$2) - 2025/05/24 17:03:29
Table 'MR NLH BOMBPOT 1/2' 7-max Seat #2 is the button
Seat 6: 26d8ee80 ($915.5 in chips)
Seat 2: Hero ($752.76 in chips)
Seat 3: 537bef28 ($590.5 in chips)
537bef28: posts small blind $1
26d8ee80: posts big blind $2
*** HOLE CARDS ***
Dealt to 26d8ee80 
Dealt to Hero [5c 3d]
Dealt to 537bef28 
Hero: folds
537bef28: raises $4 to $6
26d8ee80: calls $4
*** FLOP *** [2h 9c 8s]
537bef28: bets $6
26d8ee80: folds
Uncalled bet ($6) returned to 537bef28
*** SHOWDOWN ***
537bef28 collected $12 from pot
*** SUMMARY ***
Total pot $12
Board [2h 9c 8s]
Seat 6: 26d8ee80(big blind) folded on the Flop
Seat 2: Hero folded before Flop (didn't bet)
Seat 3: 537bef28(small blind)won ($12) with Queen-High



Poker Hand #ring_896182812: NLH No Limit ($1/$2) - 2025/05/24 17:03:12
Table 'MR NLH BOMBPOT 1/2' 7-max Seat #6 is the button
Seat 6: 26d8ee80 ($915.5 in chips)
Seat 2: Hero ($750.76 in chips)
Seat 3: 537bef28 ($592.5 in chips)
Hero: posts small blind $1
537bef28: posts big blind $2
*** HOLE CARDS ***
Dealt to 26d8ee80 
Dealt to Hero [6s Js]
Dealt to 537bef28 
26d8ee80: folds
Hero: raises $3 to $5
537bef28: folds
Uncalled bet ($3) returned to Hero
*** SHOWDOWN ***
Hero collected $4 from pot
*** SUMMARY ***
Total pot $4
Seat 6: 26d8ee80 folded before Flop (didn't bet)
Seat 2: Hero(small blind)won ($4)
Seat 3: 537bef28(big blind) folded before Flop



Poker Hand #ring_896182498: NLH No Limit ($1/$2) - 2025/05/24 17:02:55
Table 'MR NLH BOMBPOT 1/2' 7-max Seat #3 is the button
Seat 6: 26d8ee80 ($916.5 in chips)
Seat 2: Hero ($752.76 in chips)
Seat 3: 537bef28 ($589.5 in chips)
26d8ee80: posts small blind $1
Hero: posts big blind $2
*** HOLE CARDS ***
Dealt to 26d8ee80 
Dealt to Hero [2h 4c]
Dealt to 537bef28 
537bef28: raises $4 to $6
26d8ee80: folds
Hero: folds
Uncalled bet ($4) returned to 537bef28
*** SHOWDOWN ***
537bef28 collected $5 from pot
*** SUMMARY ***
Total pot $5
Seat 6: 26d8ee80(small blind) folded before Flop
Seat 2: Hero(big blind) folded before Flop
Seat 3: 537bef28won ($5)



