Poker Hand #ring_867966235: NLH No Limit ($1/$2) - 2025/05/09 19:29:05
Table 'MR NLH 1/2' 7-max Seat #3 is the button
Seat 2: 469d806 ($507.96 in chips)
Seat 4: a260a2cb ($82.22 in chips)
Seat 5: 968c4b85 ($330.28 in chips)
Seat 3: 43a417a ($210.71 in chips)
Seat 1: Hero ($273.04 in chips)
a260a2cb: posts small blind $1
968c4b85: posts big blind $2
*** HOLE CARDS ***
Dealt to 469d806 
Dealt to a260a2cb 
Dealt to 968c4b85 
Dealt to 43a417a 
Dealt to Hero [Qs 9d]
Hero: folds
469d806: folds
43a417a: raises $4 to $6
a260a2cb: raises $10.5 to $16.5
968c4b85: folds
43a417a: folds
Uncalled bet ($10.5) returned to a260a2cb
*** SHOWDOWN ***
a260a2cb collected $14 from pot
*** SUMMARY ***
Total pot $14
Seat 2: 469d806 folded before Flop (didn't bet)
Seat 4: a260a2cb(small blind)won ($14)
Seat 5: 968c4b85(big blind) folded before Flop
Seat 3: 43a417a folded before Flop
Seat 1: Hero folded before Flop (didn't bet)



Poker Hand #ring_867964911: NLH No Limit ($1/$2) - 2025/05/09 19:28:11
Table 'MR NLH 1/2' 7-max Seat #2 is the button
Seat 2: 469d806 ($507.96 in chips)
Seat 4: a260a2cb ($88.22 in chips)
Seat 5: 968c4b85 ($330.28 in chips)
Seat 3: 43a417a ($199.52 in chips)
Seat 1: Hero ($279.04 in chips)
43a417a: posts small blind $1
a260a2cb: posts big blind $2
*** HOLE CARDS ***
Dealt to 469d806 
Dealt to a260a2cb 
Dealt to 968c4b85 
Dealt to 43a417a 
Dealt to Hero [Jc Kc]
968c4b85: folds
Hero: raises $4 to $6
469d806: folds
43a417a: calls $5
a260a2cb: calls $4
*** FLOP *** [3s 2d Qh]
43a417a: checks
a260a2cb: checks
Hero: checks
*** TURN *** [3s 2d Qh] [5s]
43a417a: checks
a260a2cb: checks
Hero: checks
*** RIVER *** [3s 2d Qh 5s] [Ad]
43a417a: bets $9
a260a2cb: folds
Hero: folds
Uncalled bet ($9) returned to 43a417a
*** SHOWDOWN ***
43a417a collected $18 from pot
*** SUMMARY ***
Total pot $18
Board [3s 2d Qh 5s Ad]
Seat 2: 469d806 folded before Flop (didn't bet)
Seat 4: a260a2cb(big blind) folded on the River
Seat 5: 968c4b85 folded before Flop (didn't bet)
Seat 3: 43a417a(small blind)won ($18) with Pair of Aces
Seat 1: Hero folded on the River



Poker Hand #ring_867964069: NLH No Limit ($1/$2) - 2025/05/09 19:27:37
Table 'MR NLH 1/2' 7-max Seat #1 is the button
Seat 2: 469d806 ($505.96 in chips)
Seat 4: a260a2cb ($88.22 in chips)
Seat 5: 968c4b85 ($330.28 in chips)
Seat 3: 43a417a ($201.52 in chips)
Seat 1: Hero ($279.04 in chips)
469d806: posts small blind $1
43a417a: posts big blind $2
*** HOLE CARDS ***
Dealt to 469d806 
Dealt to a260a2cb 
Dealt to 968c4b85 
Dealt to 43a417a 
Dealt to Hero [4h 7d]
a260a2cb: folds
968c4b85: folds
Hero: folds
469d806: raises $4 to $6
43a417a: folds
Uncalled bet ($4) returned to 469d806
*** SHOWDOWN ***
469d806 collected $4 from pot
*** SUMMARY ***
Total pot $4
Seat 2: 469d806(small blind)won ($4)
Seat 4: a260a2cb folded before Flop (didn't bet)
Seat 5: 968c4b85 folded before Flop (didn't bet)
Seat 3: 43a417a(big blind) folded before Flop
Seat 1: Hero folded before Flop (didn't bet)



Poker Hand #ring_867963677: NLH No Limit ($1/$2) - 2025/05/09 19:27:22
Table 'MR NLH 1/2' 7-max Seat #5 is the button
Seat 2: 469d806 ($504.96 in chips)
Seat 4: a260a2cb ($88.22 in chips)
Seat 5: 968c4b85 ($330.28 in chips)
Seat 3: 43a417a ($201.52 in chips)
Seat 1: Hero ($280.04 in chips)
Hero: posts small blind $1
469d806: posts big blind $2
*** HOLE CARDS ***
Dealt to 469d806 
Dealt to a260a2cb 
Dealt to 968c4b85 
Dealt to 43a417a 
Dealt to Hero [Jd 5s]
43a417a: folds
a260a2cb: folds
968c4b85: folds
Hero: folds
*** SHOWDOWN ***
469d806 collected $3 from pot
*** SUMMARY ***
Total pot $3
Seat 2: 469d806(big blind)won ($3)
Seat 4: a260a2cb folded before Flop (didn't bet)
Seat 5: 968c4b85 folded before Flop (didn't bet)
Seat 3: 43a417a folded before Flop (didn't bet)
Seat 1: Hero(small blind) folded before Flop



Poker Hand #ring_867962555: NLH No Limit ($1/$2) - 2025/05/09 19:26:35
Table 'MR NLH 1/2' 7-max Seat #4 is the button
Seat 2: 469d806 ($504.96 in chips)
Seat 4: a260a2cb ($96.22 in chips)
Seat 5: 968c4b85 ($331.28 in chips)
Seat 3: 43a417a ($191.37 in chips)
Seat 1: Hero ($282.04 in chips)
968c4b85: posts small blind $1
Hero: posts big blind $2
*** HOLE CARDS ***
Dealt to 469d806 
Dealt to a260a2cb 
Dealt to 968c4b85 
Dealt to 43a417a 
Dealt to Hero [Ac 6d]
469d806: folds
43a417a: raises $6 to $8
a260a2cb: calls $8
968c4b85: folds
Hero: folds
*** FLOP *** [4c Qs Kc]
43a417a: bets $14.25
a260a2cb: folds
Uncalled bet ($14.25) returned to 43a417a
*** SHOWDOWN ***
43a417a collected $19 from pot
*** SUMMARY ***
Total pot $19
Board [4c Qs Kc]
Seat 2: 469d806 folded before Flop (didn't bet)
Seat 4: a260a2cb folded on the Flop
Seat 5: 968c4b85(small blind) folded before Flop
Seat 3: 43a417awon ($19) with Three Kings
Seat 1: Hero(big blind) folded before Flop



Poker Hand #ring_867961690: NLH No Limit ($1/$2) - 2025/05/09 19:25:57
Table 'MR NLH 1/2' 7-max Seat #3 is the button
Seat 2: 469d806 ($504.96 in chips)
Seat 4: a260a2cb ($97.22 in chips)
Seat 5: 968c4b85 ($333.28 in chips)
Seat 3: 43a417a ($204.87 in chips)
Seat 1: Hero ($267.39 in chips)
a260a2cb: posts small blind $1
968c4b85: posts big blind $2
*** HOLE CARDS ***
Dealt to 469d806 
Dealt to a260a2cb 
Dealt to 968c4b85 
Dealt to 43a417a 
Dealt to Hero [4c 6c]
Hero: raises $4 to $6
469d806: folds
43a417a: calls $6
a260a2cb: folds
968c4b85: folds
*** FLOP *** [6h 5c 6s]
Hero: bets $7.5
43a417a: calls $7.5
*** TURN *** [6h 5c 6s] [Qs]
Hero: bets $15
43a417a: folds
Uncalled bet ($15) returned to Hero
*** SHOWDOWN ***
Hero collected $30 from pot
*** SUMMARY ***
Total pot $30
Board [6h 5c 6s Qs]
Seat 2: 469d806 folded before Flop (didn't bet)
Seat 4: a260a2cb(small blind) folded before Flop
Seat 5: 968c4b85(big blind) folded before Flop
Seat 3: 43a417a folded on the Turn
Seat 1: Herowon ($30) with Three Sixes



Poker Hand #ring_867960543: NLH No Limit ($1/$2) - 2025/05/09 19:25:11
Table 'MR NLH 1/2' 7-max Seat #2 is the button
Seat 2: 469d806 ($504.96 in chips)
Seat 4: a260a2cb ($105.72 in chips)
Seat 5: 968c4b85 ($324.59 in chips)
Seat 3: 43a417a ($205.87 in chips)
Seat 1: Hero ($267.39 in chips)
43a417a: posts small blind $1
a260a2cb: posts big blind $2
*** HOLE CARDS ***
Dealt to 469d806 
Dealt to a260a2cb 
Dealt to 968c4b85 
Dealt to 43a417a 
Dealt to Hero [2d Qh]
968c4b85: raises $2 to $4
Hero: folds
469d806: folds
43a417a: folds
a260a2cb: calls $2
*** FLOP *** [Ah Kc Kd]
a260a2cb: bets $4.5
968c4b85: raises $4.5 to $9
a260a2cb: folds
Uncalled bet ($4.5) returned to 968c4b85
*** SHOWDOWN ***
968c4b85 collected $18 from pot
*** SUMMARY ***
Total pot $18
Board [Ah Kc Kd]
Seat 2: 469d806 folded before Flop (didn't bet)
Seat 4: a260a2cb(big blind) folded on the Flop
Seat 5: 968c4b85won ($18) with Pair of Aces and Pair of Kings
Seat 3: 43a417a(small blind) folded before Flop
Seat 1: Hero folded before Flop (didn't bet)



Poker Hand #ring_867957672: NLH No Limit ($1/$2) - 2025/05/09 19:23:13
Table 'MR NLH 1/2' 7-max Seat #1 is the button
Seat 2: 469d806 ($505.96 in chips)
Seat 4: a260a2cb ($105.72 in chips)
Seat 5: 968c4b85 ($324.59 in chips)
Seat 3: 43a417a ($287.87 in chips)
Seat 1: Hero ($192.31 in chips)
469d806: posts small blind $1
43a417a: posts big blind $2
*** HOLE CARDS ***
Dealt to 469d806 
Dealt to a260a2cb 
Dealt to 968c4b85 
Dealt to 43a417a 
Dealt to Hero [Jc 9s]
a260a2cb: folds
968c4b85: folds
Hero: raises $3 to $5
469d806: folds
43a417a: calls $3
*** FLOP *** [Tc 8h Th]
43a417a: checks
Hero: checks
*** TURN *** [Tc 8h Th] [4s]
43a417a: checks
Hero: bets $5.5
43a417a: raises $16.5 to $22
Hero: calls $16.5
*** RIVER *** [Tc 8h Th 4s] [7s]
43a417a: bets $55
Hero: raises $82.5 to $137.5
43a417a: folds
Uncalled bet ($82.5) returned to Hero
*** SHOWDOWN ***
Hero collected $165 from pot
*** SUMMARY ***
Total pot $165
Board [Tc 8h Th 4s 7s]
Seat 2: 469d806(small blind) folded before Flop
Seat 4: a260a2cb folded before Flop (didn't bet)
Seat 5: 968c4b85 folded before Flop (didn't bet)
Seat 3: 43a417a(big blind) folded on the River
Seat 1: Herowon ($165) with Jacks-High Straight



Poker Hand #ring_867956969: NLH No Limit ($1/$2) - 2025/05/09 19:22:44
Table 'MR NLH 1/2' 7-max Seat #5 is the button
Seat 2: 469d806 ($507.96 in chips)
Seat 4: a260a2cb ($105.72 in chips)
Seat 5: 968c4b85 ($321.59 in chips)
Seat 3: 43a417a ($287.87 in chips)
Seat 1: Hero ($193.31 in chips)
Hero: posts small blind $1
469d806: posts big blind $2
*** HOLE CARDS ***
Dealt to 469d806 
Dealt to a260a2cb 
Dealt to 968c4b85 
Dealt to 43a417a 
Dealt to Hero [5c 6d]
43a417a: folds
a260a2cb: folds
968c4b85: raises $2 to $4
Hero: folds
469d806: folds
Uncalled bet ($2) returned to 968c4b85
*** SHOWDOWN ***
968c4b85 collected $5 from pot
*** SUMMARY ***
Total pot $5
Seat 2: 469d806(big blind) folded before Flop
Seat 4: a260a2cb folded before Flop (didn't bet)
Seat 5: 968c4b85won ($5)
Seat 3: 43a417a folded before Flop (didn't bet)
Seat 1: Hero(small blind) folded before Flop



Poker Hand #ring_867956245: NLH No Limit ($1/$2) - 2025/05/09 19:22:14
Table 'MR NLH 1/2' 7-max Seat #4 is the button
Seat 2: 469d806 ($507.96 in chips)
Seat 4: a260a2cb ($105.72 in chips)
Seat 5: 968c4b85 ($327.59 in chips)
Seat 3: 43a417a ($280.5 in chips)
Seat 1: Hero ($195.31 in chips)
968c4b85: posts small blind $1
Hero: posts big blind $2
*** HOLE CARDS ***
Dealt to 469d806 
Dealt to a260a2cb 
Dealt to 968c4b85 
Dealt to 43a417a 
Dealt to Hero [5h 2c]
469d806: folds
43a417a: raises $4 to $6
a260a2cb: folds
968c4b85: calls $5
Hero: folds
*** FLOP *** [4h Jc Tc]
968c4b85: checks
43a417a: bets $10.5
968c4b85: folds
Uncalled bet ($10.5) returned to 43a417a
*** SHOWDOWN ***
43a417a collected $14 from pot
*** SUMMARY ***
Total pot $14
Board [4h Jc Tc]
Seat 2: 469d806 folded before Flop (didn't bet)
Seat 4: a260a2cb folded before Flop (didn't bet)
Seat 5: 968c4b85(small blind) folded on the Flop
Seat 3: 43a417awon ($14) with Jack-High
Seat 1: Hero(big blind) folded before Flop



Poker Hand #ring_867954678: NLH No Limit ($1/$2) - 2025/05/09 19:21:08
Table 'MR NLH 1/2' 7-max Seat #3 is the button
Seat 2: 469d806 ($479.5 in chips)
Seat 4: a260a2cb ($120.22 in chips)
Seat 5: 968c4b85 ($329.59 in chips)
Seat 3: 43a417a ($295 in chips)
Seat 1: Hero ($195.31 in chips)
a260a2cb: posts small blind $1
968c4b85: posts big blind $2
*** HOLE CARDS ***
Dealt to 469d806 
Dealt to a260a2cb 
Dealt to 968c4b85 
Dealt to 43a417a 
Dealt to Hero [7d 9c]
Hero: folds
469d806: raises $2 to $4
43a417a: calls $4
a260a2cb: raises $10.5 to $14.5
968c4b85: folds
469d806: calls $10.5
43a417a: calls $10.5
*** FLOP *** [Ac 5d Kd]
a260a2cb: checks
469d806: checks
43a417a: checks
*** TURN *** [Ac 5d Kd] [9h]
a260a2cb: checks
469d806: bets $30.03
43a417a: folds
a260a2cb: folds
Uncalled bet ($30.03) returned to 469d806
*** SHOWDOWN ***
469d806 collected $45.5 from pot
*** SUMMARY ***
Total pot $45.5
Board [Ac 5d Kd 9h]
Seat 2: 469d806won ($45.5) with Pair of Kings
Seat 4: a260a2cb(small blind) folded on the Turn
Seat 5: 968c4b85(big blind) folded before Flop
Seat 3: 43a417a folded on the Turn
Seat 1: Hero folded before Flop (didn't bet)



Poker Hand #ring_867953441: NLH No Limit ($1/$2) - 2025/05/09 19:20:17
Table 'MR NLH 1/2' 7-max Seat #2 is the button
Seat 2: 469d806 ($479.5 in chips)
Seat 4: a260a2cb ($125.22 in chips)
Seat 5: 968c4b85 ($329.59 in chips)
Seat 3: 43a417a ($296 in chips)
Seat 1: Hero ($189.8 in chips)
43a417a: posts small blind $1
a260a2cb: posts big blind $2
*** HOLE CARDS ***
Dealt to 469d806 
Dealt to a260a2cb 
Dealt to 968c4b85 
Dealt to 43a417a 
Dealt to Hero [Jc Kh]
968c4b85: folds
Hero: raises $3 to $5
469d806: folds
43a417a: folds
a260a2cb: calls $3
*** FLOP *** [3h 9d Jh]
a260a2cb: checks
Hero: bets $5.5
a260a2cb: folds
Uncalled bet ($5.5) returned to Hero
*** SHOWDOWN ***
Hero collected $11 from pot
*** SUMMARY ***
Total pot $11
Board [3h 9d Jh]
Seat 2: 469d806 folded before Flop (didn't bet)
Seat 4: a260a2cb(big blind) folded on the Flop
Seat 5: 968c4b85 folded before Flop (didn't bet)
Seat 3: 43a417a(small blind) folded before Flop
Seat 1: Herowon ($11) with Pair of Jacks



Poker Hand #ring_867952801: NLH No Limit ($1/$2) - 2025/05/09 19:19:50
Table 'MR NLH 1/2' 7-max Seat #1 is the button
Seat 2: 469d806 ($480.5 in chips)
Seat 4: a260a2cb ($125.22 in chips)
Seat 5: 968c4b85 ($329.59 in chips)
Seat 3: 43a417a ($298 in chips)
Seat 1: Hero ($186.8 in chips)
469d806: posts small blind $1
43a417a: posts big blind $2
*** HOLE CARDS ***
Dealt to 469d806 
Dealt to a260a2cb 
Dealt to 968c4b85 
Dealt to 43a417a 
Dealt to Hero [As 3s]
a260a2cb: folds
968c4b85: folds
Hero: raises $3 to $5
469d806: folds
43a417a: folds
Uncalled bet ($3) returned to Hero
*** SHOWDOWN ***
Hero collected $5 from pot
*** SUMMARY ***
Total pot $5
Seat 2: 469d806(small blind) folded before Flop
Seat 4: a260a2cb folded before Flop (didn't bet)
Seat 5: 968c4b85 folded before Flop (didn't bet)
Seat 3: 43a417a(big blind) folded before Flop
Seat 1: Herowon ($5)



Poker Hand #ring_867951145: NLH No Limit ($1/$2) - 2025/05/09 19:18:42
Table 'MR NLH 1/2' 7-max Seat #5 is the button
Seat 2: 469d806 ($492.75 in chips)
Seat 4: a260a2cb ($125.22 in chips)
Seat 5: 968c4b85 ($316.07 in chips)
Seat 3: 43a417a ($300 in chips)
Seat 1: Hero ($187.8 in chips)
Hero: posts small blind $1
469d806: posts big blind $2
43a417a: posts big blind $2
*** HOLE CARDS ***
Dealt to 469d806 
Dealt to a260a2cb 
Dealt to 968c4b85 
Dealt to 43a417a 
Dealt to Hero [3c 8d]
43a417a: checks
a260a2cb: folds
968c4b85: raises $2 to $4
Hero: folds
469d806: calls $2
43a417a: folds
*** FLOP *** [9h Qs 5s]
469d806: checks
968c4b85: bets $8.25
469d806: calls $8.25
*** TURN *** [9h Qs 5s] [9d]
469d806: checks
968c4b85: checks
*** RIVER *** [9h Qs 5s 9d] [7s]
469d806: checks
968c4b85: checks
469d806: shows [Ks Qh]
968c4b85: shows [Ac Qd]
*** SHOWDOWN ***
968c4b85 collected $27.5 from pot
*** SUMMARY ***
Total pot $27.5
Board [9h Qs 5s 9d 7s]
Seat 2: 469d806(big blind) showed [Ks Qh] and lost with Pair of Queens and Pair of Nines
Seat 4: a260a2cb folded before Flop (didn't bet)
Seat 5: 968c4b85 showed [Ac Qd] and won ($27.5) with Pair of Queens and Pair of Nines
Seat 3: 43a417a folded before Flop
Seat 1: Hero(small blind) folded before Flop



Poker Hand #ring_867948890: NLH No Limit ($1/$2) - 2025/05/09 19:17:09
Table 'MR NLH 1/2' 7-max Seat #4 is the button
Seat 2: 469d806 ($492.75 in chips)
Seat 4: a260a2cb ($117.39 in chips)
Seat 5: 968c4b85 ($322.57 in chips)
Seat 1: Hero ($189.8 in chips)
968c4b85: posts small blind $1
Hero: posts big blind $2
*** HOLE CARDS ***
Dealt to 469d806 
Dealt to a260a2cb 
Dealt to 968c4b85 
Dealt to Hero [7d 3h]
469d806: folds
a260a2cb: calls $2
968c4b85: calls $1
Hero: checks
*** FLOP *** [Kh 8s 5h]
968c4b85: checks
Hero: checks
a260a2cb: bets $4.5
968c4b85: calls $4.5
Hero: folds
*** TURN *** [Kh 8s 5h] [6h]
968c4b85: checks
a260a2cb: bets $7.5
968c4b85: folds
Uncalled bet ($7.5) returned to a260a2cb
*** SHOWDOWN ***
a260a2cb collected $15 from pot
*** SUMMARY ***
Total pot $15
Board [Kh 8s 5h 6h]
Seat 2: 469d806 folded before Flop (didn't bet)
Seat 4: a260a2cbwon ($15) with Pair of Kings and Pair of Eights
Seat 5: 968c4b85(small blind) folded on the Turn
Seat 1: Hero(big blind) folded on the Flop



Poker Hand #ring_867948191: NLH No Limit ($1/$2) - 2025/05/09 19:16:40
Table 'MR NLH 1/2' 7-max Seat #2 is the button
Seat 2: 469d806 ($496.75 in chips)
Seat 4: a260a2cb ($111.39 in chips)
Seat 5: 968c4b85 ($324.57 in chips)
Seat 1: Hero ($189.8 in chips)
a260a2cb: posts small blind $1
968c4b85: posts big blind $2
*** HOLE CARDS ***
Dealt to 469d806 
Dealt to a260a2cb 
Dealt to 968c4b85 
Dealt to Hero [3c Th]
Hero: folds
469d806: raises $2 to $4
a260a2cb: raises $7.5 to $11.5
968c4b85: folds
469d806: folds
Uncalled bet ($7.5) returned to a260a2cb
*** SHOWDOWN ***
a260a2cb collected $10 from pot
*** SUMMARY ***
Total pot $10
Seat 2: 469d806 folded before Flop
Seat 4: a260a2cb(small blind)won ($10)
Seat 5: 968c4b85(big blind) folded before Flop
Seat 1: Hero folded before Flop (didn't bet)



Poker Hand #ring_867946937: NLH No Limit ($1/$2) - 2025/05/09 19:15:50
Table 'MR NLH 1/2' 7-max Seat #1 is the button
Seat 2: 469d806 ($497.75 in chips)
Seat 4: a260a2cb ($113.39 in chips)
Seat 5: 968c4b85 ($334.07 in chips)
Seat 1: Hero ($178.79 in chips)
469d806: posts small blind $1
a260a2cb: posts big blind $2
*** HOLE CARDS ***
Dealt to 469d806 
Dealt to a260a2cb 
Dealt to 968c4b85 
Dealt to Hero [Ac 9s]
968c4b85: raises $2 to $4
Hero: calls $4
469d806: folds
a260a2cb: folds
*** FLOP *** [2h 6s Ts]
968c4b85: checks
Hero: checks
*** TURN *** [2h 6s Ts] [9h]
968c4b85: bets $5.5
Hero: calls $5.5
*** RIVER *** [2h 6s Ts 9h] [5s]
968c4b85: checks
Hero: checks
Hero: shows [Ac 9s]
968c4b85: shows [3h 3d]
*** SHOWDOWN ***
Hero collected $22 from pot
*** SUMMARY ***
Total pot $22
Board [2h 6s Ts 9h 5s]
Seat 2: 469d806(small blind) folded before Flop
Seat 4: a260a2cb(big blind) folded before Flop
Seat 5: 968c4b85 showed [3h 3d] and lost with Pair of Treys
Seat 1: Hero showed [Ac 9s] and won ($22) with Pair of Nines



Poker Hand #ring_867945930: NLH No Limit ($1/$2) - 2025/05/09 19:15:09
Table 'MR NLH 1/2' 7-max Seat #0 is the button
Seat 2: 469d806 ($499.75 in chips)
Seat 4: a260a2cb ($113.39 in chips)
Seat 5: 968c4b85 ($334.07 in chips)
Seat 1: Hero ($176.79 in chips)
Hero: posts small blind $1
469d806: posts big blind $2
*** HOLE CARDS ***
Dealt to 469d806 
Dealt to a260a2cb 
Dealt to 968c4b85 
Dealt to Hero [5c Kc]
a260a2cb: folds
968c4b85: folds
Hero: raises $3 to $5
469d806: folds
Uncalled bet ($3) returned to Hero
*** SHOWDOWN ***
Hero collected $4 from pot
*** SUMMARY ***
Total pot $4
Seat 2: 469d806(big blind) folded before Flop
Seat 4: a260a2cb folded before Flop (didn't bet)
Seat 5: 968c4b85 folded before Flop (didn't bet)
Seat 1: Hero(small blind)won ($4)



Poker Hand #ring_867944183: NLH No Limit ($1/$2) - 2025/05/09 19:14:00
Table 'MR NLH 1/2' 7-max Seat #5 is the button
Seat 2: 469d806 ($499.75 in chips)
Seat 4: a260a2cb ($106.11 in chips)
Seat 5: 968c4b85 ($334.07 in chips)
Seat 1: Hero ($184.79 in chips)
Hero: posts big blind $2
*** HOLE CARDS ***
Dealt to 469d806 
Dealt to a260a2cb 
Dealt to 968c4b85 
Dealt to Hero [Ks Jc]
469d806: folds
a260a2cb: raises $6 to $8
968c4b85: folds
Hero: calls $6
*** FLOP *** [6c 8c 2d]
Hero: checks
a260a2cb: checks
*** TURN *** [6c 8c 2d] [2c]
Hero: checks
a260a2cb: checks
*** RIVER *** [6c 8c 2d 2c] [3s]
Hero: checks
a260a2cb: bets $12
Hero: folds
Uncalled bet ($12) returned to a260a2cb
*** SHOWDOWN ***
a260a2cb collected $16 from pot
*** SUMMARY ***
Total pot $16
Board [6c 8c 2d 2c 3s]
Seat 2: 469d806 folded before Flop (didn't bet)
Seat 4: a260a2cbwon ($16) with Pair of Twos
Seat 5: 968c4b85 folded before Flop (didn't bet)
Seat 1: Hero(big blind) folded on the River



Poker Hand #ring_867943289: NLH No Limit ($1/$2) - 2025/05/09 19:13:22
Table 'MR NLH 1/2' 7-max Seat #4 is the button
Seat 2: 469d806 ($496.75 in chips)
Seat 4: a260a2cb ($106.11 in chips)
Seat 5: 968c4b85 ($335.07 in chips)
Seat 1: Hero ($184.79 in chips)
Seat 6: 681981e0 ($419.87 in chips)
968c4b85: posts small blind $1
681981e0: posts big blind $2
*** HOLE CARDS ***
Dealt to 469d806 
Dealt to a260a2cb 
Dealt to 968c4b85 
Dealt to Hero [3c 9h]
Dealt to 681981e0 
Hero: folds
469d806: raises $3 to $5
a260a2cb: folds
968c4b85: folds
681981e0: folds
Uncalled bet ($3) returned to 469d806
*** SHOWDOWN ***
469d806 collected $5 from pot
*** SUMMARY ***
Total pot $5
Seat 2: 469d806won ($5)
Seat 4: a260a2cb folded before Flop (didn't bet)
Seat 5: 968c4b85(small blind) folded before Flop
Seat 1: Hero folded before Flop (didn't bet)
Seat 6: 681981e0(big blind) folded before Flop



Poker Hand #ring_867941917: NLH No Limit ($1/$2) - 2025/05/09 19:12:25
Table 'MR NLH 1/2' 7-max Seat #3 is the button
Seat 2: 469d806 ($496.75 in chips)
Seat 4: a260a2cb ($104.29 in chips)
Seat 5: 968c4b85 ($337.07 in chips)
Seat 3: 725f4637 ($400.42 in chips)
Seat 1: Hero ($184.79 in chips)
a260a2cb: posts small blind $1
968c4b85: posts big blind $2
*** HOLE CARDS ***
Dealt to 469d806 
Dealt to a260a2cb 
Dealt to 968c4b85 
Dealt to 725f4637 
Dealt to Hero [Jh 6c]
Hero: folds
469d806: folds
725f4637: folds
a260a2cb: calls $1
968c4b85: checks
*** FLOP *** [9s 6d 3s]
a260a2cb: checks
968c4b85: checks
*** TURN *** [9s 6d 3s] [Qc]
a260a2cb: bets $4
968c4b85: folds
Uncalled bet ($4) returned to a260a2cb
*** SHOWDOWN ***
a260a2cb collected $4 from pot
*** SUMMARY ***
Total pot $4
Board [9s 6d 3s Qc]
Seat 2: 469d806 folded before Flop (didn't bet)
Seat 4: a260a2cb(small blind)won ($4) with Pair of Queens
Seat 5: 968c4b85(big blind) folded on the Turn
Seat 3: 725f4637 folded before Flop (didn't bet)
Seat 1: Hero folded before Flop (didn't bet)



Poker Hand #ring_867940698: NLH No Limit ($1/$2) - 2025/05/09 19:11:34
Table 'MR NLH 1/2' 7-max Seat #2 is the button
Seat 2: 469d806 ($496.75 in chips)
Seat 4: a260a2cb ($106.29 in chips)
Seat 5: 968c4b85 ($316.05 in chips)
Seat 3: 725f4637 ($401.42 in chips)
Seat 1: Hero ($205.29 in chips)
725f4637: posts small blind $1
a260a2cb: posts big blind $2
*** HOLE CARDS ***
Dealt to 469d806 
Dealt to a260a2cb 
Dealt to 968c4b85 
Dealt to 725f4637 
Dealt to Hero [Kd Js]
968c4b85: raises $2 to $4
Hero: calls $4
469d806: folds
725f4637: folds
a260a2cb: folds
*** FLOP *** [Th 5d Td]
968c4b85: checks
Hero: checks
*** TURN *** [Th 5d Td] [Jc]
968c4b85: checks
Hero: bets $5.5
968c4b85: calls $5.5
*** RIVER *** [Th 5d Td Jc] [3h]
968c4b85: checks
Hero: bets $11
968c4b85: calls $11
Hero: shows [Kd Js]
968c4b85: shows [Qd Qh]
*** SHOWDOWN ***
968c4b85 collected $44 from pot
*** SUMMARY ***
Total pot $44
Board [Th 5d Td Jc 3h]
Seat 2: 469d806 folded before Flop (didn't bet)
Seat 4: a260a2cb(big blind) folded before Flop
Seat 5: 968c4b85 showed [Qd Qh] and won ($44) with Pair of Queens and Pair of Tens
Seat 3: 725f4637(small blind) folded before Flop
Seat 1: Hero showed [Kd Js] and lost with Pair of Jacks and Pair of Tens



Poker Hand #ring_867938220: NLH No Limit ($1/$2) - 2025/05/09 19:09:54
Table 'MR NLH 1/2' 7-max Seat #1 is the button
Seat 2: 469d806 ($497.75 in chips)
Seat 4: a260a2cb ($106.29 in chips)
Seat 5: 968c4b85 ($234.37 in chips)
Seat 3: 725f4637 ($403.42 in chips)
Seat 1: Hero ($205.29 in chips)
Seat 7: b7b5b050 ($87.15 in chips)
469d806: posts small blind $1
725f4637: posts big blind $2
*** HOLE CARDS ***
Dealt to 469d806 
Dealt to a260a2cb 
Dealt to 968c4b85 
Dealt to 725f4637 
Dealt to Hero [9c Ah]
Dealt to b7b5b050 
a260a2cb: folds
968c4b85: raises $2 to $4
b7b5b050: raises $8 to $12
Hero: folds
469d806: folds
725f4637: folds
968c4b85: raises $100 to $112
b7b5b050: calls $75.15 and is all-in
Uncalled bet ($24.85) returned to 968c4b85
968c4b85: shows [As Ks]
b7b5b050: shows [Tc Td]
*** FLOP *** [2s Qh 3c]
*** TURN *** [2s Qh 3c] [7s]
*** RIVER *** [2s Qh 3c 7s] [Ad]
*** SHOWDOWN ***
968c4b85 collected $177.3 from pot
*** SUMMARY ***
Total pot $177.3
Board [2s Qh 3c 7s Ad]
Seat 2: 469d806(small blind) folded before Flop
Seat 4: a260a2cb folded before Flop (didn't bet)
Seat 5: 968c4b85 showed [As Ks] and won ($177.3) with Pair of Aces
Seat 3: 725f4637(big blind) folded before Flop
Seat 1: Hero folded before Flop (didn't bet)
Seat 7: b7b5b050 showed [Tc Td] and lost with Pair of Tens



Poker Hand #ring_867937392: NLH No Limit ($1/$2) - 2025/05/09 19:09:20
Table 'MR NLH 1/2' 7-max Seat #7 is the button
Seat 2: 469d806 ($492.75 in chips)
Seat 4: a260a2cb ($106.29 in chips)
Seat 5: 968c4b85 ($234.37 in chips)
Seat 3: 725f4637 ($403.42 in chips)
Seat 1: Hero ($210.29 in chips)
Seat 7: b7b5b050 ($87.15 in chips)
Hero: posts small blind $1
469d806: posts big blind $2
*** HOLE CARDS ***
Dealt to 469d806 
Dealt to a260a2cb 
Dealt to 968c4b85 
Dealt to 725f4637 
Dealt to Hero [Th Qd]
Dealt to b7b5b050 
725f4637: folds
a260a2cb: folds
968c4b85: folds
b7b5b050: folds
Hero: raises $3 to $5
469d806: raises $10 to $15
Hero: folds
Uncalled bet ($10) returned to 469d806
*** SHOWDOWN ***
469d806 collected $10 from pot
*** SUMMARY ***
Total pot $10
Seat 2: 469d806(big blind)won ($10)
Seat 4: a260a2cb folded before Flop (didn't bet)
Seat 5: 968c4b85 folded before Flop (didn't bet)
Seat 3: 725f4637 folded before Flop (didn't bet)
Seat 1: Hero(small blind) folded before Flop
Seat 7: b7b5b050 folded before Flop (didn't bet)



Poker Hand #ring_867936623: NLH No Limit ($1/$2) - 2025/05/09 19:08:47
Table 'MR NLH 1/2' 7-max Seat #5 is the button
Seat 2: 469d806 ($492.75 in chips)
Seat 4: a260a2cb ($108.29 in chips)
Seat 5: 968c4b85 ($234.37 in chips)
Seat 3: 725f4637 ($403.42 in chips)
Seat 1: Hero ($207.51 in chips)
Seat 7: b7b5b050 ($88.15 in chips)
b7b5b050: posts small blind $1
Hero: posts big blind $2
*** HOLE CARDS ***
Dealt to 469d806 
Dealt to a260a2cb 
Dealt to 968c4b85 
Dealt to 725f4637 
Dealt to Hero [8d 4h]
Dealt to b7b5b050 
469d806: folds
725f4637: folds
a260a2cb: calls $2
968c4b85: folds
b7b5b050: folds
Hero: checks
*** FLOP *** [Qh Ad 7c]
Hero: checks
a260a2cb: checks
*** TURN *** [Qh Ad 7c] [6s]
Hero: checks
a260a2cb: checks
*** RIVER *** [Qh Ad 7c 6s] [5s]
Hero: bets $2.5
a260a2cb: folds
Uncalled bet ($2.5) returned to Hero
*** SHOWDOWN ***
Hero collected $5 from pot
*** SUMMARY ***
Total pot $5
Board [Qh Ad 7c 6s 5s]
Seat 2: 469d806 folded before Flop (didn't bet)
Seat 4: a260a2cb folded on the River
Seat 5: 968c4b85 folded before Flop (didn't bet)
Seat 3: 725f4637 folded before Flop (didn't bet)
Seat 1: Hero(big blind)won ($5) with Eights-High Straight
Seat 7: b7b5b050(small blind) folded before Flop



Poker Hand #ring_867935059: NLH No Limit ($1/$2) - 2025/05/09 19:07:42
Table 'MR NLH 1/2' 7-max Seat #4 is the button
Seat 2: 469d806 ($492.75 in chips)
Seat 4: a260a2cb ($124.79 in chips)
Seat 5: 968c4b85 ($235.37 in chips)
Seat 3: 725f4637 ($409.42 in chips)
Seat 1: Hero ($184.4 in chips)
Seat 7: b7b5b050 ($90.15 in chips)
968c4b85: posts small blind $1
b7b5b050: posts big blind $2
*** HOLE CARDS ***
Dealt to 469d806 
Dealt to a260a2cb 
Dealt to 968c4b85 
Dealt to 725f4637 
Dealt to Hero [Js 9s]
Dealt to b7b5b050 
Hero: raises $4 to $6
469d806: folds
725f4637: calls $6
a260a2cb: calls $6
968c4b85: folds
b7b5b050: folds
*** FLOP *** [7d 9h 8h]
Hero: checks
725f4637: checks
a260a2cb: bets $10.5
Hero: raises $21 to $31.5
725f4637: folds
a260a2cb: folds
Uncalled bet ($21) returned to Hero
*** SHOWDOWN ***
Hero collected $42 from pot
*** SUMMARY ***
Total pot $42
Board [7d 9h 8h]
Seat 2: 469d806 folded before Flop (didn't bet)
Seat 4: a260a2cb folded on the Flop
Seat 5: 968c4b85(small blind) folded before Flop
Seat 3: 725f4637 folded on the Flop
Seat 1: Herowon ($42) with Pair of Nines
Seat 7: b7b5b050(big blind) folded before Flop



Poker Hand #ring_867934399: NLH No Limit ($1/$2) - 2025/05/09 19:07:15
Table 'MR NLH 1/2' 7-max Seat #3 is the button
Seat 2: 469d806 ($489.75 in chips)
Seat 4: a260a2cb ($125.79 in chips)
Seat 5: 968c4b85 ($237.37 in chips)
Seat 3: 725f4637 ($409.42 in chips)
Seat 1: Hero ($184.4 in chips)
Seat 7: b7b5b050 ($90.15 in chips)
a260a2cb: posts small blind $1
968c4b85: posts big blind $2
*** HOLE CARDS ***
Dealt to 469d806 
Dealt to a260a2cb 
Dealt to 968c4b85 
Dealt to 725f4637 
Dealt to Hero [2s 7s]
Dealt to b7b5b050 
b7b5b050: folds
Hero: folds
469d806: raises $3 to $5
725f4637: folds
a260a2cb: folds
968c4b85: folds
Uncalled bet ($3) returned to 469d806
*** SHOWDOWN ***
469d806 collected $5 from pot
*** SUMMARY ***
Total pot $5
Seat 2: 469d806won ($5)
Seat 4: a260a2cb(small blind) folded before Flop
Seat 5: 968c4b85(big blind) folded before Flop
Seat 3: 725f4637 folded before Flop (didn't bet)
Seat 1: Hero folded before Flop (didn't bet)
Seat 7: b7b5b050 folded before Flop (didn't bet)



Poker Hand #ring_867932906: NLH No Limit ($1/$2) - 2025/05/09 19:06:13
Table 'MR NLH 1/2' 7-max Seat #2 is the button
Seat 2: 469d806 ($476.75 in chips)
Seat 4: a260a2cb ($127.79 in chips)
Seat 5: 968c4b85 ($237.37 in chips)
Seat 3: 725f4637 ($410.42 in chips)
Seat 1: Hero ($189.4 in chips)
Seat 7: b7b5b050 ($95.15 in chips)
Seat 6: 681981e0 ($419.87 in chips)
725f4637: posts small blind $1
a260a2cb: posts big blind $2
*** HOLE CARDS ***
Dealt to 469d806 
Dealt to a260a2cb 
Dealt to 968c4b85 
Dealt to 725f4637 
Dealt to Hero [2h 4h]
Dealt to b7b5b050 
Dealt to 681981e0 
968c4b85: folds
681981e0: folds
b7b5b050: raises $3 to $5
Hero: calls $5
469d806: raises $18 to $23
725f4637: folds
a260a2cb: folds
b7b5b050: folds
Hero: folds
Uncalled bet ($18) returned to 469d806
*** SHOWDOWN ***
469d806 collected $18 from pot
*** SUMMARY ***
Total pot $18
Seat 2: 469d806won ($18)
Seat 4: a260a2cb(big blind) folded before Flop
Seat 5: 968c4b85 folded before Flop (didn't bet)
Seat 3: 725f4637(small blind) folded before Flop
Seat 1: Hero folded before Flop
Seat 7: b7b5b050 folded before Flop
Seat 6: 681981e0 folded before Flop (didn't bet)



Poker Hand #ring_867930073: NLH No Limit ($1/$2) - 2025/05/09 19:04:16
Table 'MR NLH 1/2' 7-max Seat #1 is the button
Seat 2: 469d806 ($456.14 in chips)
Seat 4: a260a2cb ($131.79 in chips)
Seat 5: 968c4b85 ($241.37 in chips)
Seat 3: 725f4637 ($414.42 in chips)
Seat 1: Hero ($200 in chips)
Seat 7: b7b5b050 ($95.15 in chips)
Seat 6: 681981e0 ($419.87 in chips)
469d806: posts small blind $1
725f4637: posts big blind $2
*** HOLE CARDS ***
Dealt to 469d806 
Dealt to a260a2cb 
Dealt to 968c4b85 
Dealt to 725f4637 
Dealt to Hero [7h 5h]
Dealt to b7b5b050 
Dealt to 681981e0 
a260a2cb: calls $2
968c4b85: raises $2 to $4
681981e0: folds
b7b5b050: folds
Hero: calls $4
469d806: calls $3
725f4637: calls $2
a260a2cb: calls $2
*** FLOP *** [Ac 7d Td]
469d806: checks
725f4637: checks
a260a2cb: checks
968c4b85: checks
Hero: checks
*** TURN *** [Ac 7d Td] [Ts]
469d806: bets $6.6
725f4637: folds
a260a2cb: folds
968c4b85: folds
Hero: calls $6.6
*** RIVER *** [Ac 7d Td Ts] [2c]
469d806: bets $49.8
Hero: folds
Uncalled bet ($49.8) returned to 469d806
*** SHOWDOWN ***
469d806 collected $33.2 from pot
*** SUMMARY ***
Total pot $33.2
Board [Ac 7d Td Ts 2c]
Seat 2: 469d806(small blind)won ($33.2) with Pair of Tens
Seat 4: a260a2cb folded on the Turn
Seat 5: 968c4b85 folded on the Turn
Seat 3: 725f4637(big blind) folded on the Turn
Seat 1: Hero folded on the River
Seat 7: b7b5b050 folded before Flop (didn't bet)
Seat 6: 681981e0 folded before Flop (didn't bet)



Poker Hand #ring_867929418: NLH No Limit ($1/$2) - 2025/05/09 19:03:48
Table 'MR NLH 1/2' 7-max Seat #7 is the button
Seat 2: 469d806 ($458.14 in chips)
Seat 4: a260a2cb ($131.79 in chips)
Seat 5: 968c4b85 ($241.37 in chips)
Seat 3: 725f4637 ($414.42 in chips)
Seat 1: Hero ($198 in chips)
Seat 7: b7b5b050 ($95.15 in chips)
Seat 6: 681981e0 ($419.87 in chips)
Hero: posts small blind $1
469d806: posts big blind $2
*** HOLE CARDS ***
Dealt to 469d806 
Dealt to a260a2cb 
Dealt to 968c4b85 
Dealt to 725f4637 
Dealt to Hero [Jh 8h]
Dealt to b7b5b050 
Dealt to 681981e0 
725f4637: folds
a260a2cb: folds
968c4b85: folds
681981e0: folds
b7b5b050: folds
Hero: raises $3 to $5
469d806: folds
Uncalled bet ($3) returned to Hero
*** SHOWDOWN ***
Hero collected $4 from pot
*** SUMMARY ***
Total pot $4
Seat 2: 469d806(big blind) folded before Flop
Seat 4: a260a2cb folded before Flop (didn't bet)
Seat 5: 968c4b85 folded before Flop (didn't bet)
Seat 3: 725f4637 folded before Flop (didn't bet)
Seat 1: Hero(small blind)won ($4)
Seat 7: b7b5b050 folded before Flop (didn't bet)
Seat 6: 681981e0 folded before Flop (didn't bet)



Poker Hand #ring_867928112: NLH No Limit ($1/$2) - 2025/05/09 19:02:53
Table 'MR NLH 1/2' 7-max Seat #6 is the button
Seat 2: 469d806 ($458.14 in chips)
Seat 4: a260a2cb ($131.79 in chips)
Seat 5: 968c4b85 ($267.26 in chips)
Seat 3: 725f4637 ($414.42 in chips)
Seat 1: Hero ($200 in chips)
Seat 7: b7b5b050 ($96.15 in chips)
Seat 6: 681981e0 ($393.94 in chips)
b7b5b050: posts small blind $1
Hero: posts big blind $2
*** HOLE CARDS ***
Dealt to 469d806 
Dealt to a260a2cb 
Dealt to 968c4b85 
Dealt to 725f4637 
Dealt to Hero [Qd 4h]
Dealt to b7b5b050 
Dealt to 681981e0 
469d806: folds
725f4637: folds
a260a2cb: folds
968c4b85: raises $2 to $4
681981e0: raises $11 to $15
b7b5b050: folds
Hero: folds
968c4b85: calls $11
*** FLOP *** [Jc 7d 6h]
968c4b85: checks
681981e0: bets $10.89
968c4b85: calls $10.89
*** TURN *** [Jc 7d 6h] [9s]
968c4b85: checks
681981e0: checks
*** RIVER *** [Jc 7d 6h 9s] [Ts]
968c4b85: checks
681981e0: bets $41.08
968c4b85: folds
Uncalled bet ($41.08) returned to 681981e0
*** SHOWDOWN ***
681981e0 collected $54.78 from pot
*** SUMMARY ***
Total pot $54.78
Board [Jc 7d 6h 9s Ts]
Seat 2: 469d806 folded before Flop (didn't bet)
Seat 4: a260a2cb folded before Flop (didn't bet)
Seat 5: 968c4b85 folded on the River
Seat 3: 725f4637 folded before Flop (didn't bet)
Seat 1: Hero(big blind) folded before Flop
Seat 7: b7b5b050(small blind) folded before Flop
Seat 6: 681981e0won ($54.78) with Ace-High



