Poker Hand #ring_1005509593: NLH No Limit ($3/$6) - 2025/07/22 00:14:05
Table 'Poker' 9-max Seat #5 is the button
Seat 5: EliorDahan ($2,495.48 in chips)
Seat 4: Hero ($813.98 in chips)
EliorDahan: posts small blind $3
Hero: posts big blind $6
*** HOLE CARDS ***
Dealt to EliorDahan 
Dealt to Hero [2c 6s]
EliorDahan: folds
*** SHOWDOWN ***
Hero collected $9 from pot
*** SUMMARY ***
Total pot $9
Seat 5: EliorDahan(small blind) folded before Flop
Seat 4: Hero(big blind)won ($9)



Poker Hand #ring_1005508483: NLH No Limit ($3/$6) - 2025/07/22 00:13:31
Table 'Poker' 9-max Seat #4 is the button
Seat 3: barkuda86 ($807.93 in chips)
Seat 1: NagastiBagamba ($926.73 in chips)
Seat 5: EliorDahan ($2,501.48 in chips)
Seat 4: Hero ($813.98 in chips)
EliorDahan: posts small blind $3
NagastiBagamba: posts big blind $6
*** HOLE CARDS ***
Dealt to barkuda86 
Dealt to NagastiBagamba 
Dealt to EliorDahan 
Dealt to Hero [5h 4s]
barkuda86: folds
Hero: folds
EliorDahan: calls $3
NagastiBagamba: checks
*** FLOP *** [2s 7h Ah]
EliorDahan: checks
NagastiBagamba: checks
*** TURN *** [2s 7h Ah] [Ts]
EliorDahan: checks
NagastiBagamba: checks
*** RIVER *** [2s 7h Ah Ts] [As]
EliorDahan: checks
NagastiBagamba: checks
NagastiBagamba: shows [Th 9d]
EliorDahan: shows [7s Jh]
*** SHOWDOWN ***
NagastiBagamba collected $12 from pot
*** SUMMARY ***
Total pot $12
Board [2s 7h Ah Ts As]
Seat 3: barkuda86 folded before Flop (didn't bet)
Seat 1: NagastiBagamba(big blind) showed [Th 9d] and won ($12) with Pair of Aces and Pair of Tens
Seat 5: EliorDahan(small blind) showed [7s Jh] and lost with Pair of Aces and Pair of Sevens
Seat 4: Hero folded before Flop (didn't bet)



Poker Hand #ring_1005507995: NLH No Limit ($3/$6) - 2025/07/22 00:13:17
Table 'Poker' 9-max Seat #3 is the button
Seat 3: barkuda86 ($807.93 in chips)
Seat 1: NagastiBagamba ($926.73 in chips)
Seat 5: EliorDahan ($2,498.48 in chips)
Seat 4: Hero ($816.98 in chips)
Hero: posts small blind $3
EliorDahan: posts big blind $6
*** HOLE CARDS ***
Dealt to barkuda86 
Dealt to NagastiBagamba 
Dealt to EliorDahan 
Dealt to Hero [4h 9s]
NagastiBagamba: folds
barkuda86: folds
Hero: folds
*** SHOWDOWN ***
EliorDahan collected $9 from pot
*** SUMMARY ***
Total pot $9
Seat 3: barkuda86 folded before Flop (didn't bet)
Seat 1: NagastiBagamba folded before Flop (didn't bet)
Seat 5: EliorDahan(big blind)won ($9)
Seat 4: Hero(small blind) folded before Flop



Poker Hand #ring_1005506586: NLH No Limit ($3/$6) - 2025/07/22 00:12:36
Table 'Poker' 9-max Seat #2 is the button
Seat 3: barkuda86 ($831.93 in chips)
Seat 1: NagastiBagamba ($926.73 in chips)
Seat 2: DolevDolev ($259.88 in chips)
Seat 5: EliorDahan ($2,498.48 in chips)
Seat 4: Hero ($786.98 in chips)
barkuda86: posts small blind $3
Hero: posts big blind $6
*** HOLE CARDS ***
Dealt to barkuda86 
Dealt to NagastiBagamba 
Dealt to DolevDolev 
Dealt to EliorDahan 
Dealt to Hero [Kc Jc]
EliorDahan: folds
NagastiBagamba: folds
DolevDolev: calls $6
barkuda86: calls $3
Hero: raises $18 to $24
DolevDolev: folds
barkuda86: calls $18
*** FLOP *** [7c 5c 6h]
barkuda86: checks
Hero: bets $27
barkuda86: folds
Uncalled bet ($27) returned to Hero
*** SHOWDOWN ***
Hero collected $54 from pot
*** SUMMARY ***
Total pot $54
Board [7c 5c 6h]
Seat 3: barkuda86(small blind) folded on the Flop
Seat 1: NagastiBagamba folded before Flop (didn't bet)
Seat 2: DolevDolev folded before Flop
Seat 5: EliorDahan folded before Flop (didn't bet)
Seat 4: Hero(big blind)won ($54) with King-High



Poker Hand #ring_1005505667: NLH No Limit ($3/$6) - 2025/07/22 00:12:08
Table 'Poker' 9-max Seat #1 is the button
Seat 3: barkuda86 ($837.93 in chips)
Seat 1: NagastiBagamba ($926.73 in chips)
Seat 2: DolevDolev ($262.88 in chips)
Seat 5: EliorDahan ($2,489.48 in chips)
Seat 4: Hero ($786.98 in chips)
DolevDolev: posts small blind $3
barkuda86: posts big blind $6
*** HOLE CARDS ***
Dealt to barkuda86 
Dealt to NagastiBagamba 
Dealt to DolevDolev 
Dealt to EliorDahan 
Dealt to Hero [8s 4d]
Hero: folds
EliorDahan: raises $12 to $18
NagastiBagamba: folds
DolevDolev: folds
barkuda86: folds
Uncalled bet ($12) returned to EliorDahan
*** SHOWDOWN ***
EliorDahan collected $15 from pot
*** SUMMARY ***
Total pot $15
Seat 3: barkuda86(big blind) folded before Flop
Seat 1: NagastiBagamba folded before Flop (didn't bet)
Seat 2: DolevDolev(small blind) folded before Flop
Seat 5: EliorDahan won ($15)
Seat 4: Hero folded before Flop (didn't bet)



Poker Hand #ring_1005505041: NLH No Limit ($3/$6) - 2025/07/22 00:11:50
Table 'Poker' 9-max Seat #0 is the button
Seat 3: barkuda86 ($837.93 in chips)
Seat 1: NagastiBagamba ($929.73 in chips)
Seat 2: DolevDolev ($259.88 in chips)
Seat 5: EliorDahan ($2,489.48 in chips)
Seat 4: Hero ($786.98 in chips)
NagastiBagamba: posts small blind $3
DolevDolev: posts big blind $6
*** HOLE CARDS ***
Dealt to barkuda86 
Dealt to NagastiBagamba 
Dealt to DolevDolev 
Dealt to EliorDahan 
Dealt to Hero [7c Js]
barkuda86: folds
Hero: folds
EliorDahan: folds
NagastiBagamba: folds
*** SHOWDOWN ***
DolevDolev collected $9 from pot
*** SUMMARY ***
Total pot $9
Seat 3: barkuda86 folded before Flop (didn't bet)
Seat 1: NagastiBagamba(small blind) folded before Flop
Seat 2: DolevDolev(big blind)won ($9)
Seat 5: EliorDahan folded before Flop (didn't bet)
Seat 4: Hero folded before Flop (didn't bet)



Poker Hand #ring_1005504477: NLH No Limit ($3/$6) - 2025/07/22 00:11:33
Table 'Poker' 9-max Seat #5 is the button
Seat 3: barkuda86 ($837.93 in chips)
Seat 1: NagastiBagamba ($929.73 in chips)
Seat 2: DolevDolev ($259.88 in chips)
Seat 5: EliorDahan ($2,489.48 in chips)
Seat 4: Hero ($786.98 in chips)
NagastiBagamba: posts big blind $6
*** HOLE CARDS ***
Dealt to barkuda86 
Dealt to NagastiBagamba 
Dealt to DolevDolev 
Dealt to EliorDahan 
Dealt to Hero [6c Ts]
DolevDolev: folds
barkuda86: folds
Hero: folds
EliorDahan: folds
Uncalled bet ($6) returned to NagastiBagamba
*** SHOWDOWN ***
NagastiBagamba collected $0 from pot
*** SUMMARY ***
Total pot $0
Seat 3: barkuda86 folded before Flop (didn't bet)
Seat 1: NagastiBagamba(big blind)lost
Seat 2: DolevDolev folded before Flop (didn't bet)
Seat 5: EliorDahan folded before Flop (didn't bet)
Seat 4: Hero folded before Flop (didn't bet)



Poker Hand #ring_1005503045: NLH No Limit ($3/$6) - 2025/07/22 00:10:51
Table 'Poker' 9-max Seat #4 is the button
Seat 3: barkuda86 ($837.93 in chips)
Seat 1: NagastiBagamba ($935.73 in chips)
Seat 2: DolevDolev ($259.88 in chips)
Seat 5: EliorDahan ($2,403.35 in chips)
Seat 6: BigCosmo ($74.13 in chips)
Seat 4: Hero ($792.98 in chips)
EliorDahan: posts small blind $3
BigCosmo: posts big blind $6
*** HOLE CARDS ***
Dealt to barkuda86 
Dealt to NagastiBagamba 
Dealt to DolevDolev 
Dealt to EliorDahan 
Dealt to BigCosmo 
Dealt to Hero [6s Js]
NagastiBagamba: calls $6
DolevDolev: folds
barkuda86: folds
Hero: calls $6
EliorDahan: raises $12 to $18
BigCosmo: raises $48 to $66
NagastiBagamba: folds
Hero: folds
EliorDahan: raises $72 to $138
BigCosmo: calls $8.13 and is all-in
Uncalled bet ($63.87) returned to EliorDahan
EliorDahan: shows [9c 9h]
BigCosmo: shows [Jc Qd]
*** FLOP *** [2d 2h Ad]
*** TURN *** [2d 2h Ad] [7s]
*** RIVER *** [2d 2h Ad 7s] [5h]
*** SHOWDOWN ***
EliorDahan collected $160.26 from pot
*** SUMMARY ***
Total pot $160.26
Board [2d 2h Ad 7s 5h]
Seat 3: barkuda86 folded before Flop (didn't bet)
Seat 1: NagastiBagamba folded before Flop
Seat 2: DolevDolev folded before Flop (didn't bet)
Seat 5: EliorDahan(small blind) showed [9c 9h] and won ($160.26) with Pair of Nines and Pair of Twos
Seat 6: BigCosmo(big blind) showed [Jc Qd] and lost with Pair of Twos
Seat 4: Hero folded before Flop



Poker Hand #ring_1005501075: NLH No Limit ($3/$6) - 2025/07/22 00:09:53
Table 'Poker' 9-max Seat #3 is the button
Seat 3: barkuda86 ($738.81 in chips)
Seat 1: NagastiBagamba ($1,025.85 in chips)
Seat 2: DolevDolev ($259.88 in chips)
Seat 5: EliorDahan ($2,409.35 in chips)
Seat 6: BigCosmo ($74.13 in chips)
Seat 4: Hero ($795.98 in chips)
Hero: posts small blind $3
EliorDahan: posts big blind $6
*** HOLE CARDS ***
Dealt to barkuda86 
Dealt to NagastiBagamba 
Dealt to DolevDolev 
Dealt to EliorDahan 
Dealt to BigCosmo 
Dealt to Hero [9h 3d]
BigCosmo: folds
NagastiBagamba: raises $18 to $24
DolevDolev: folds
barkuda86: calls $24
Hero: folds
EliorDahan: folds
*** FLOP *** [5s 3c Ts]
NagastiBagamba: bets $28.5
barkuda86: raises $37.62 to $66.12
NagastiBagamba: calls $37.62
*** TURN *** [5s 3c Ts] [5c]
NagastiBagamba: checks
barkuda86: bets $189.24
NagastiBagamba: folds
Uncalled bet ($189.24) returned to barkuda86
*** SHOWDOWN ***
barkuda86 collected $189.24 from pot
*** SUMMARY ***
Total pot $189.24
Board [5s 3c Ts 5c]
Seat 3: barkuda86won ($189.24) with Pair of Jacks and Pair of Fives
Seat 1: NagastiBagamba folded on the Turn
Seat 2: DolevDolev folded before Flop (didn't bet)
Seat 5: EliorDahan(big blind) folded before Flop
Seat 6: BigCosmo folded before Flop (didn't bet)
Seat 4: Hero(small blind) folded before Flop



Poker Hand #ring_1005500053: NLH No Limit ($3/$6) - 2025/07/22 00:09:22
Table 'Poker' 9-max Seat #2 is the button
Seat 3: barkuda86 ($744.81 in chips)
Seat 1: NagastiBagamba ($1,025.85 in chips)
Seat 2: DolevDolev ($259.88 in chips)
Seat 5: EliorDahan ($2,409.35 in chips)
Seat 6: BigCosmo ($74.13 in chips)
Seat 4: Hero ($789.98 in chips)
barkuda86: posts small blind $3
Hero: posts big blind $6
*** HOLE CARDS ***
Dealt to barkuda86 
Dealt to NagastiBagamba 
Dealt to DolevDolev 
Dealt to EliorDahan 
Dealt to BigCosmo 
Dealt to Hero [4c 9h]
EliorDahan: folds
BigCosmo: folds
NagastiBagamba: folds
DolevDolev: folds
barkuda86: calls $3
Hero: checks
*** FLOP *** [2s Qc 5c]
barkuda86: checks
Hero: checks
*** TURN *** [2s Qc 5c] [6c]
barkuda86: checks
Hero: checks
*** RIVER *** [2s Qc 5c 6c] [8c]
barkuda86: checks
Hero: checks
barkuda86: shows [Ts 6d]
Hero: shows [4c 9h]
*** SHOWDOWN ***
Hero collected $12 from pot
*** SUMMARY ***
Total pot $12
Board [2s Qc 5c 6c 8c]
Seat 3: barkuda86(small blind) showed [Ts 6d] and lost with Pair of Sixes
Seat 1: NagastiBagamba folded before Flop (didn't bet)
Seat 2: DolevDolev folded before Flop (didn't bet)
Seat 5: EliorDahan folded before Flop (didn't bet)
Seat 6: BigCosmo folded before Flop (didn't bet)
Seat 4: Hero(big blind) showed [4c 9h] and won ($12) with Queen High Flush



Poker Hand #ring_1005499461: NLH No Limit ($3/$6) - 2025/07/22 00:09:05
Table 'Poker' 9-max Seat #1 is the button
Seat 3: barkuda86 ($741.81 in chips)
Seat 1: NagastiBagamba ($1,025.85 in chips)
Seat 2: DolevDolev ($262.88 in chips)
Seat 5: EliorDahan ($2,409.35 in chips)
Seat 6: BigCosmo ($74.13 in chips)
Seat 4: Hero ($789.98 in chips)
DolevDolev: posts small blind $3
barkuda86: posts big blind $6
*** HOLE CARDS ***
Dealt to barkuda86 
Dealt to NagastiBagamba 
Dealt to DolevDolev 
Dealt to EliorDahan 
Dealt to BigCosmo 
Dealt to Hero [8h Tc]
Hero: folds
EliorDahan: folds
BigCosmo: folds
NagastiBagamba: folds
DolevDolev: folds
*** SHOWDOWN ***
barkuda86 collected $9 from pot
*** SUMMARY ***
Total pot $9
Seat 3: barkuda86(big blind)won ($9)
Seat 1: NagastiBagamba folded before Flop (didn't bet)
Seat 2: DolevDolev(small blind) folded before Flop
Seat 5: EliorDahan folded before Flop (didn't bet)
Seat 6: BigCosmo folded before Flop (didn't bet)
Seat 4: Hero folded before Flop (didn't bet)



Poker Hand #ring_1005497846: NLH No Limit ($3/$6) - 2025/07/22 00:08:16
Table 'Poker' 9-max Seat #6 is the button
Seat 3: barkuda86 ($741.81 in chips)
Seat 1: NagastiBagamba ($1,031.85 in chips)
Seat 2: DolevDolev ($268.88 in chips)
Seat 5: EliorDahan ($2,397.35 in chips)
Seat 6: BigCosmo ($74.13 in chips)
Seat 4: Hero ($789.98 in chips)
NagastiBagamba: posts small blind $3
DolevDolev: posts big blind $6
*** HOLE CARDS ***
Dealt to barkuda86 
Dealt to NagastiBagamba 
Dealt to DolevDolev 
Dealt to EliorDahan 
Dealt to BigCosmo 
Dealt to Hero [7s Kh]
barkuda86: folds
Hero: folds
EliorDahan: calls $6
BigCosmo: folds
NagastiBagamba: calls $3
DolevDolev: checks
*** FLOP *** [Qh 5h 9c]
NagastiBagamba: checks
DolevDolev: checks
EliorDahan: checks
*** TURN *** [Qh 5h 9c] [9d]
NagastiBagamba: checks
DolevDolev: checks
EliorDahan: checks
*** RIVER *** [Qh 5h 9c 9d] [2c]
NagastiBagamba: checks
DolevDolev: checks
EliorDahan: checks
NagastiBagamba: shows [6c Jc]
DolevDolev: shows [3c Ks]
EliorDahan: shows [3d 3h]
*** SHOWDOWN ***
EliorDahan collected $18 from pot
*** SUMMARY ***
Total pot $18
Board [Qh 5h 9c 9d 2c]
Seat 3: barkuda86 folded before Flop (didn't bet)
Seat 1: NagastiBagamba(small blind) showed [6c Jc] and lost with Pair of Nines
Seat 2: DolevDolev(big blind) showed [3c Ks] and lost with Pair of Nines
Seat 5: EliorDahan showed [3d 3h] and won ($18) with Pair of Nines and Pair of Treys
Seat 6: BigCosmo folded before Flop (didn't bet)
Seat 4: Hero folded before Flop (didn't bet)



Poker Hand #ring_1005496211: NLH No Limit ($3/$6) - 2025/07/22 00:07:29
Table 'Poker' 9-max Seat #5 is the button
Seat 3: barkuda86 ($771.81 in chips)
Seat 1: NagastiBagamba ($941.85 in chips)
Seat 2: DolevDolev ($268.88 in chips)
Seat 5: EliorDahan ($2,427.35 in chips)
Seat 6: BigCosmo ($104.13 in chips)
Seat 4: Hero ($789.98 in chips)
BigCosmo: posts small blind $3
NagastiBagamba: posts big blind $6
*** HOLE CARDS ***
Dealt to barkuda86 
Dealt to NagastiBagamba 
Dealt to DolevDolev 
Dealt to EliorDahan 
Dealt to BigCosmo 
Dealt to Hero [6s Td]
DolevDolev: folds
barkuda86: calls $6
Hero: folds
EliorDahan: calls $6
BigCosmo: calls $3
NagastiBagamba: raises $24 to $30
barkuda86: calls $24
EliorDahan: calls $24
BigCosmo: calls $24
*** FLOP *** [4s 6h 9c]
BigCosmo: checks
NagastiBagamba: bets $90
barkuda86: folds
EliorDahan: folds
BigCosmo: folds
Uncalled bet ($90) returned to NagastiBagamba
*** SHOWDOWN ***
NagastiBagamba collected $120 from pot
*** SUMMARY ***
Total pot $120
Board [4s 6h 9c]
Seat 3: barkuda86 folded on the Flop
Seat 1: NagastiBagamba(big blind)won ($120) with Pair of Nines
Seat 2: DolevDolev folded before Flop (didn't bet)
Seat 5: EliorDahan folded on the Flop
Seat 6: BigCosmo(small blind) folded on the Flop
Seat 4: Hero folded before Flop (didn't bet)



Poker Hand #ring_1005493852: NLH No Limit ($3/$6) - 2025/07/22 00:06:20
Table 'Poker' 9-max Seat #4 is the button
Seat 3: barkuda86 ($777.81 in chips)
Seat 1: NagastiBagamba ($917.85 in chips)
Seat 2: DolevDolev ($274.88 in chips)
Seat 5: EliorDahan ($2,433.35 in chips)
Seat 6: BigCosmo ($110.13 in chips)
Seat 4: Hero ($789.98 in chips)
EliorDahan: posts small blind $3
BigCosmo: posts big blind $6
*** HOLE CARDS ***
Dealt to barkuda86 
Dealt to NagastiBagamba 
Dealt to DolevDolev 
Dealt to EliorDahan 
Dealt to BigCosmo 
Dealt to Hero [6c 9s]
NagastiBagamba: calls $6
DolevDolev: calls $6
barkuda86: calls $6
Hero: folds
EliorDahan: calls $3
BigCosmo: checks
*** FLOP *** [Jh Jc Tc]
EliorDahan: checks
BigCosmo: checks
NagastiBagamba: checks
DolevDolev: checks
barkuda86: checks
*** TURN *** [Jh Jc Tc] [Th]
EliorDahan: checks
BigCosmo: checks
NagastiBagamba: bets $22.5
DolevDolev: folds
barkuda86: folds
EliorDahan: folds
BigCosmo: folds
Uncalled bet ($22.5) returned to NagastiBagamba
*** SHOWDOWN ***
NagastiBagamba collected $30 from pot
*** SUMMARY ***
Total pot $30
Board [Jh Jc Tc Th]
Seat 3: barkuda86 folded on the Turn
Seat 1: NagastiBagamba won ($30) with Jacks Full over Tens
Seat 2: DolevDolev folded on the Turn
Seat 5: EliorDahan(small blind) folded on the Turn
Seat 6: BigCosmo(big blind) folded on the Turn
Seat 4: Hero folded before Flop (didn't bet)



Poker Hand #ring_1005492665: NLH No Limit ($3/$6) - 2025/07/22 00:05:44
Table 'Poker' 9-max Seat #3 is the button
Seat 3: barkuda86 ($777.81 in chips)
Seat 1: NagastiBagamba ($917.85 in chips)
Seat 2: DolevDolev ($274.88 in chips)
Seat 5: EliorDahan ($2,418.35 in chips)
Seat 6: BigCosmo ($110.13 in chips)
Seat 4: Hero ($804.98 in chips)
Hero: posts small blind $3
EliorDahan: posts big blind $6
*** HOLE CARDS ***
Dealt to barkuda86 
Dealt to NagastiBagamba 
Dealt to DolevDolev 
Dealt to EliorDahan 
Dealt to BigCosmo 
Dealt to Hero [Tc Qs]
BigCosmo: folds
NagastiBagamba: folds
DolevDolev: folds
barkuda86: folds
Hero: raises $9 to $15
EliorDahan: raises $22.5 to $37.5
Hero: folds
Uncalled bet ($22.5) returned to EliorDahan
*** SHOWDOWN ***
EliorDahan collected $30 from pot
*** SUMMARY ***
Total pot $30
Seat 3: barkuda86 folded before Flop (didn't bet)
Seat 1: NagastiBagamba folded before Flop (didn't bet)
Seat 2: DolevDolev folded before Flop (didn't bet)
Seat 5: EliorDahan(big blind)won ($30)
Seat 6: BigCosmo folded before Flop (didn't bet)
Seat 4: Hero(small blind) folded before Flop



Poker Hand #ring_1005488726: NLH No Limit ($3/$6) - 2025/07/22 00:03:50
Table 'Poker' 9-max Seat #2 is the button
Seat 3: barkuda86 ($783.81 in chips)
Seat 1: NagastiBagamba ($923.85 in chips)
Seat 2: DolevDolev ($274.88 in chips)
Seat 5: EliorDahan ($1,998.35 in chips)
Seat 6: BigCosmo ($158.13 in chips)
Seat 4: Hero ($1,164.98 in chips)
barkuda86: posts small blind $3
Hero: posts big blind $6
*** HOLE CARDS ***
Dealt to barkuda86 
Dealt to NagastiBagamba 
Dealt to DolevDolev 
Dealt to EliorDahan 
Dealt to BigCosmo 
Dealt to Hero [Th Td]
EliorDahan: calls $6
BigCosmo: calls $6
NagastiBagamba: calls $6
DolevDolev: folds
barkuda86: calls $3
Hero: raises $42 to $48
EliorDahan: calls $42
BigCosmo: calls $42
NagastiBagamba: folds
barkuda86: folds
*** FLOP *** [8c 3c Qh]
Hero: bets $78
EliorDahan: calls $78
BigCosmo: folds
*** TURN *** [8c 3c Qh] [5s]
Hero: checks
EliorDahan: bets $234
Hero: calls $234
*** RIVER *** [8c 3c Qh 5s] [8s]
Hero: checks
EliorDahan: checks
Hero: shows [Th Td]
EliorDahan: shows [Ac Qd]
*** SHOWDOWN ***
EliorDahan collected $780 from pot
*** SUMMARY ***
Total pot $780
Board [8c 3c Qh 5s 8s]
Seat 3: barkuda86(small blind) folded before Flop
Seat 1: NagastiBagamba folded before Flop
Seat 2: DolevDolev folded before Flop (didn't bet)
Seat 5: EliorDahan showed [Ac Qd] and won ($780) with Pair of Queens and Pair of Eights
Seat 6: BigCosmo folded on the Flop
Seat 4: Hero(big blind) showed [Th Td] and lost with Pair of Tens and Pair of Eights



Poker Hand #ring_1005487432: NLH No Limit ($3/$6) - 2025/07/22 00:03:12
Table 'Poker' 9-max Seat #1 is the button
Seat 3: barkuda86 ($789.81 in chips)
Seat 1: NagastiBagamba ($923.85 in chips)
Seat 2: DolevDolev ($292.88 in chips)
Seat 5: EliorDahan ($1,998.35 in chips)
Seat 6: BigCosmo ($158.13 in chips)
Seat 4: Hero ($1,140.98 in chips)
DolevDolev: posts small blind $3
barkuda86: posts big blind $6
*** HOLE CARDS ***
Dealt to barkuda86 
Dealt to NagastiBagamba 
Dealt to DolevDolev 
Dealt to EliorDahan 
Dealt to BigCosmo 
Dealt to Hero [Td Jd]
Hero: raises $12 to $18
EliorDahan: folds
BigCosmo: folds
NagastiBagamba: folds
DolevDolev: calls $15
barkuda86: folds
*** FLOP *** [Qh 4c 5s]
DolevDolev: checks
Hero: bets $21
DolevDolev: folds
Uncalled bet ($21) returned to Hero
*** SHOWDOWN ***
Hero collected $42 from pot
*** SUMMARY ***
Total pot $42
Board [Qh 4c 5s]
Seat 3: barkuda86(big blind) folded before Flop
Seat 1: NagastiBagamba folded before Flop (didn't bet)
Seat 2: DolevDolev(small blind) folded on the Flop
Seat 5: EliorDahan folded before Flop (didn't bet)
Seat 6: BigCosmo folded before Flop (didn't bet)
Seat 4: Hero won ($42) with Queen-High



Poker Hand #ring_1005485334: NLH No Limit ($3/$6) - 2025/07/22 00:02:10
Table 'Poker' 9-max Seat #6 is the button
Seat 3: barkuda86 ($789.81 in chips)
Seat 1: NagastiBagamba ($941.85 in chips)
Seat 2: DolevDolev ($250.88 in chips)
Seat 5: EliorDahan ($2,016.35 in chips)
Seat 6: BigCosmo ($164.13 in chips)
Seat 4: Hero ($1,140.98 in chips)
NagastiBagamba: posts small blind $3
DolevDolev: posts big blind $6
*** HOLE CARDS ***
Dealt to barkuda86 
Dealt to NagastiBagamba 
Dealt to DolevDolev 
Dealt to EliorDahan 
Dealt to BigCosmo 
Dealt to Hero [Qc 6c]
barkuda86: folds
Hero: folds
EliorDahan: calls $6
BigCosmo: calls $6
NagastiBagamba: calls $3
DolevDolev: checks
*** FLOP *** [4c Ah 2s]
NagastiBagamba: checks
DolevDolev: bets $12
EliorDahan: calls $12
BigCosmo: folds
NagastiBagamba: calls $12
*** TURN *** [4c Ah 2s] [Kh]
NagastiBagamba: checks
DolevDolev: bets $60
EliorDahan: folds
NagastiBagamba: folds
Uncalled bet ($60) returned to DolevDolev
*** SHOWDOWN ***
DolevDolev collected $60 from pot
*** SUMMARY ***
Total pot $60
Board [4c Ah 2s Kh]
Seat 3: barkuda86 folded before Flop (didn't bet)
Seat 1: NagastiBagamba(small blind) folded on the Turn
Seat 2: DolevDolev(big blind)won ($60) with Pair of Aces
Seat 5: EliorDahan folded on the Turn
Seat 6: BigCosmo folded on the Flop
Seat 4: Hero folded before Flop (didn't bet)



Poker Hand #ring_1005483254: NLH No Limit ($3/$6) - 2025/07/22 00:01:08
Table 'Poker' 9-max Seat #5 is the button
Seat 3: barkuda86 ($789.81 in chips)
Seat 1: NagastiBagamba ($947.85 in chips)
Seat 2: DolevDolev ($256.88 in chips)
Seat 5: EliorDahan ($1,981.85 in chips)
Seat 6: BigCosmo ($167.13 in chips)
Seat 4: Hero ($1,160.48 in chips)
BigCosmo: posts small blind $3
NagastiBagamba: posts big blind $6
*** HOLE CARDS ***
Dealt to barkuda86 
Dealt to NagastiBagamba 
Dealt to DolevDolev 
Dealt to EliorDahan 
Dealt to BigCosmo 
Dealt to Hero [Jh 9s]
DolevDolev: calls $6
barkuda86: folds
Hero: calls $6
EliorDahan: calls $6
BigCosmo: folds
NagastiBagamba: checks
*** FLOP *** [8c 8d 7c]
NagastiBagamba: checks
DolevDolev: checks
Hero: checks
EliorDahan: checks
*** TURN *** [8c 8d 7c] [9h]
NagastiBagamba: checks
DolevDolev: checks
Hero: bets $13.5
EliorDahan: calls $13.5
NagastiBagamba: folds
DolevDolev: folds
*** RIVER *** [8c 8d 7c 9h] [Qc]
Hero: checks
EliorDahan: checks
Hero: shows [Jh 9s]
EliorDahan: shows [6c Tc]
*** SHOWDOWN ***
EliorDahan collected $54 from pot
*** SUMMARY ***
Total pot $54
Board [8c 8d 7c 9h Qc]
Seat 3: barkuda86 folded before Flop (didn't bet)
Seat 1: NagastiBagamba(big blind) folded on the Turn
Seat 2: DolevDolev folded on the Turn
Seat 5: EliorDahan showed [6c Tc] and won ($54) with Queen High Flush
Seat 6: BigCosmo(small blind) folded before Flop
Seat 4: Hero showed [Jh 9s] and lost with Pair of Nines and Pair of Eights



Poker Hand #ring_1005481857: NLH No Limit ($3/$6) - 2025/07/22 00:00:26
Table 'Poker' 9-max Seat #4 is the button
Seat 3: barkuda86 ($789.81 in chips)
Seat 1: NagastiBagamba ($947.85 in chips)
Seat 2: DolevDolev ($256.88 in chips)
Seat 5: EliorDahan ($1,975.85 in chips)
Seat 6: BigCosmo ($173.13 in chips)
Seat 4: Hero ($1,160.48 in chips)
EliorDahan: posts small blind $3
BigCosmo: posts big blind $6
*** HOLE CARDS ***
Dealt to barkuda86 
Dealt to NagastiBagamba 
Dealt to DolevDolev 
Dealt to EliorDahan 
Dealt to BigCosmo 
Dealt to Hero [7c 5s]
NagastiBagamba: folds
DolevDolev: folds
barkuda86: folds
Hero: folds
EliorDahan: calls $3
BigCosmo: checks
*** FLOP *** [2s Td 5h]
EliorDahan: checks
BigCosmo: checks
*** TURN *** [2s Td 5h] [Jh]
EliorDahan: checks
BigCosmo: checks
*** RIVER *** [2s Td 5h Jh] [Jc]
EliorDahan: checks
BigCosmo: checks
EliorDahan: shows [9s Ks]
BigCosmo: shows [Kd 4s]
*** SHOWDOWN ***
EliorDahan collected $12 from pot
*** SUMMARY ***
Total pot $12
Board [2s Td 5h Jh Jc]
Seat 3: barkuda86 folded before Flop (didn't bet)
Seat 1: NagastiBagamba folded before Flop (didn't bet)
Seat 2: DolevDolev folded before Flop (didn't bet)
Seat 5: EliorDahan(small blind) showed [9s Ks] and won ($12) with Pair of Jacks
Seat 6: BigCosmo(big blind) showed [Kd 4s] and lost with Pair of Jacks
Seat 4: Hero folded before Flop (didn't bet)



Poker Hand #ring_1005481023: NLH No Limit ($3/$6) - 2025/07/22 00:00:01
Table 'Poker' 9-max Seat #3 is the button
Seat 3: barkuda86 ($780.81 in chips)
Seat 1: NagastiBagamba ($947.85 in chips)
Seat 2: DolevDolev ($256.88 in chips)
Seat 5: EliorDahan ($1,981.85 in chips)
Seat 6: BigCosmo ($173.13 in chips)
Seat 4: Hero ($1,163.48 in chips)
Hero: posts small blind $3
EliorDahan: posts big blind $6
*** HOLE CARDS ***
Dealt to barkuda86 
Dealt to NagastiBagamba 
Dealt to DolevDolev 
Dealt to EliorDahan 
Dealt to BigCosmo 
Dealt to Hero [4c Th]
BigCosmo: folds
NagastiBagamba: folds
DolevDolev: folds
barkuda86: raises $12 to $18
Hero: folds
EliorDahan: folds
Uncalled bet ($12) returned to barkuda86
*** SHOWDOWN ***
barkuda86 collected $15 from pot
*** SUMMARY ***
Total pot $15
Seat 3: barkuda86 won ($15)
Seat 1: NagastiBagamba folded before Flop (didn't bet)
Seat 2: DolevDolev folded before Flop (didn't bet)
Seat 5: EliorDahan(big blind) folded before Flop
Seat 6: BigCosmo folded before Flop (didn't bet)
Seat 4: Hero(small blind) folded before Flop



Poker Hand #ring_1005478232: NLH No Limit ($3/$6) - 2025/07/21 23:58:40
Table 'Poker' 9-max Seat #2 is the button
Seat 3: barkuda86 ($783.81 in chips)
Seat 1: NagastiBagamba ($1,901.65 in chips)
Seat 2: DolevDolev ($256.88 in chips)
Seat 5: EliorDahan ($953.8 in chips)
Seat 6: BigCosmo ($238.38 in chips)
Seat 4: Hero ($1,169.48 in chips)
barkuda86: posts small blind $3
Hero: posts big blind $6
*** HOLE CARDS ***
Dealt to barkuda86 
Dealt to NagastiBagamba 
Dealt to DolevDolev 
Dealt to EliorDahan 
Dealt to BigCosmo 
Dealt to Hero [Td 2s]
EliorDahan: raises $12 to $18
BigCosmo: calls $18
NagastiBagamba: raises $47.25 to $65.25
DolevDolev: folds
barkuda86: folds
Hero: folds
EliorDahan: calls $47.25
BigCosmo: calls $47.25
*** FIRST FLOP *** [8s 7s 5d]
EliorDahan: checks
BigCosmo: checks
NagastiBagamba: bets $102.37
EliorDahan: raises $135.13 to $237.5
BigCosmo: folds
NagastiBagamba: raises $679.75 to $917.25
EliorDahan: calls $651.05 and is all-in
Uncalled bet ($28.7) returned to NagastiBagamba
NagastiBagamba: shows [Ts Tc] (Pair of Tens)
EliorDahan: shows [Kh Ks] (Pair of Kings)
*** FIRST TURN *** [8s 7s 5d] [7h]
*** SECOND TURN *** [8s 7s 5d] [7c]
*** FIRST RIVER *** [8s 7s 5d 7h] [4s]
*** SECOND RIVER *** [8s 7s 5d 7c] [Qs]
*** FIRST SHOWDOWN ***
EliorDahan collected $990.93 from pot
*** SECOND SHOWDOWN ***
EliorDahan collected $990.92 from pot
*** SUMMARY ***
Total pot $1,981.85
Hand was run two timesFIRST Board [8s 7s 5d 7h 4s]
SECOND Board [7c Qs]
Seat 3: barkuda86(small blind) folded before Flop
Seat 1: NagastiBagamba showed [Ts Tc] and lost with Pair of Tens and Pair of Sevens / Pair of Tens and Pair of Sevens
Seat 2: DolevDolev folded before Flop (didn't bet)
Seat 5: EliorDahan showed [Kh Ks] and won ($1,981.85) with Pair of Kings and Pair of Sevens / Pair of Kings and Pair of Sevens
Seat 6: BigCosmo folded on the Flop
Seat 4: Hero(big blind) folded before Flop



Poker Hand #ring_1005476517: NLH No Limit ($3/$6) - 2025/07/21 23:57:49
Table 'Poker' 9-max Seat #1 is the button
Seat 3: barkuda86 ($821.31 in chips)
Seat 1: NagastiBagamba ($1,901.65 in chips)
Seat 2: DolevDolev ($259.88 in chips)
Seat 5: EliorDahan ($953.8 in chips)
Seat 6: BigCosmo ($238.38 in chips)
Seat 4: Hero ($1,128.98 in chips)
DolevDolev: posts small blind $3
barkuda86: posts big blind $6
*** HOLE CARDS ***
Dealt to barkuda86 
Dealt to NagastiBagamba 
Dealt to DolevDolev 
Dealt to EliorDahan 
Dealt to BigCosmo 
Dealt to Hero [Ac 9c]
Hero: raises $12 to $18
EliorDahan: folds
BigCosmo: folds
NagastiBagamba: folds
DolevDolev: folds
barkuda86: calls $12
*** FLOP *** [Ks Tc Qc]
barkuda86: checks
Hero: bets $19.5
barkuda86: calls $19.5
*** TURN *** [Ks Tc Qc] [Qh]
barkuda86: checks
Hero: bets $62.4
barkuda86: folds
Uncalled bet ($62.4) returned to Hero
*** SHOWDOWN ***
Hero collected $78 from pot
*** SUMMARY ***
Total pot $78
Board [Ks Tc Qc Qh]
Seat 3: barkuda86(big blind) folded on the Turn
Seat 1: NagastiBagamba folded before Flop (didn't bet)
Seat 2: DolevDolev(small blind) folded before Flop
Seat 5: EliorDahan folded before Flop (didn't bet)
Seat 6: BigCosmo folded before Flop (didn't bet)
Seat 4: Hero won ($78) with Pair of Queens



Poker Hand #ring_1005474894: NLH No Limit ($3/$6) - 2025/07/21 23:56:59
Table 'Poker' 9-max Seat #6 is the button
Seat 3: barkuda86 ($848.31 in chips)
Seat 1: NagastiBagamba ($1,868.65 in chips)
Seat 2: DolevDolev ($265.88 in chips)
Seat 5: EliorDahan ($953.8 in chips)
Seat 6: BigCosmo ($238.38 in chips)
Seat 4: Hero ($1,128.98 in chips)
NagastiBagamba: posts small blind $3
DolevDolev: posts big blind $6
*** HOLE CARDS ***
Dealt to barkuda86 
Dealt to NagastiBagamba 
Dealt to DolevDolev 
Dealt to EliorDahan 
Dealt to BigCosmo 
Dealt to Hero [3h Jc]
barkuda86: raises $6 to $12
Hero: folds
EliorDahan: folds
BigCosmo: folds
NagastiBagamba: calls $9
DolevDolev: folds
*** FLOP *** [Tc Ks 8h]
NagastiBagamba: checks
barkuda86: checks
*** TURN *** [Tc Ks 8h] [5h]
NagastiBagamba: bets $15
barkuda86: calls $15
*** RIVER *** [Tc Ks 8h 5h] [Th]
NagastiBagamba: checks
barkuda86: checks
NagastiBagamba: shows [3c Kc]
barkuda86: shows [Js Ad]
*** SHOWDOWN ***
NagastiBagamba collected $60 from pot
*** SUMMARY ***
Total pot $60
Board [Tc Ks 8h 5h Th]
Seat 3: barkuda86 showed [Js Ad] and lost with Pair of Tens
Seat 1: NagastiBagamba(small blind) showed [3c Kc] and won ($60) with Pair of Kings and Pair of Tens
Seat 2: DolevDolev(big blind) folded before Flop
Seat 5: EliorDahan folded before Flop (didn't bet)
Seat 6: BigCosmo folded before Flop (didn't bet)
Seat 4: Hero folded before Flop (didn't bet)



Poker Hand #ring_1005473569: NLH No Limit ($3/$6) - 2025/07/21 23:56:20
Table 'Poker' 9-max Seat #5 is the button
Seat 3: barkuda86 ($827.31 in chips)
Seat 1: NagastiBagamba ($1,886.65 in chips)
Seat 2: DolevDolev ($265.88 in chips)
Seat 5: EliorDahan ($953.8 in chips)
Seat 6: BigCosmo ($241.38 in chips)
Seat 4: Hero ($1,128.98 in chips)
BigCosmo: posts small blind $3
NagastiBagamba: posts big blind $6
*** HOLE CARDS ***
Dealt to barkuda86 
Dealt to NagastiBagamba 
Dealt to DolevDolev 
Dealt to EliorDahan 
Dealt to BigCosmo 
Dealt to Hero [5h Ks]
DolevDolev: folds
barkuda86: raises $12 to $18
Hero: folds
EliorDahan: folds
BigCosmo: folds
NagastiBagamba: calls $12
*** FLOP *** [Tc 3d 4d]
NagastiBagamba: checks
barkuda86: bets $29.25
NagastiBagamba: folds
Uncalled bet ($29.25) returned to barkuda86
*** SHOWDOWN ***
barkuda86 collected $39 from pot
*** SUMMARY ***
Total pot $39
Board [Tc 3d 4d]
Seat 3: barkuda86won ($39) with Pair of Aces
Seat 1: NagastiBagamba(big blind) folded on the Flop
Seat 2: DolevDolev folded before Flop (didn't bet)
Seat 5: EliorDahan folded before Flop (didn't bet)
Seat 6: BigCosmo(small blind) folded before Flop
Seat 4: Hero folded before Flop (didn't bet)



Poker Hand #ring_1005471742: NLH No Limit ($3/$6) - 2025/07/21 23:55:26
Table 'Poker' 9-max Seat #4 is the button
Seat 3: barkuda86 ($791.31 in chips)
Seat 1: NagastiBagamba ($1,886.65 in chips)
Seat 2: DolevDolev ($265.88 in chips)
Seat 5: EliorDahan ($971.8 in chips)
Seat 6: BigCosmo ($259.38 in chips)
Seat 4: Hero ($1,128.98 in chips)
EliorDahan: posts small blind $3
BigCosmo: posts big blind $6
*** HOLE CARDS ***
Dealt to barkuda86 
Dealt to NagastiBagamba 
Dealt to DolevDolev 
Dealt to EliorDahan 
Dealt to BigCosmo 
Dealt to Hero [Jh 2d]
NagastiBagamba: folds
DolevDolev: folds
barkuda86: calls $6
Hero: folds
EliorDahan: calls $3
BigCosmo: raises $12 to $18
barkuda86: calls $12
EliorDahan: calls $12
*** FLOP *** [4d 8s Ks]
EliorDahan: checks
BigCosmo: checks
barkuda86: bets $27
EliorDahan: folds
BigCosmo: folds
Uncalled bet ($27) returned to barkuda86
*** SHOWDOWN ***
barkuda86 collected $54 from pot
*** SUMMARY ***
Total pot $54
Board [4d 8s Ks]
Seat 3: barkuda86won ($54) with Pair of Kings
Seat 1: NagastiBagamba folded before Flop (didn't bet)
Seat 2: DolevDolev folded before Flop (didn't bet)
Seat 5: EliorDahan(small blind) folded on the Flop
Seat 6: BigCosmo(big blind) folded on the Flop
Seat 4: Hero folded before Flop (didn't bet)



Poker Hand #ring_1005469527: NLH No Limit ($3/$6) - 2025/07/21 23:54:20
Table 'Poker' 9-max Seat #3 is the button
Seat 3: barkuda86 ($773.31 in chips)
Seat 1: NagastiBagamba ($1,886.65 in chips)
Seat 2: DolevDolev ($271.88 in chips)
Seat 5: EliorDahan ($977.8 in chips)
Seat 6: BigCosmo ($259.38 in chips)
Seat 4: Hero ($1,134.98 in chips)
Hero: posts small blind $3
EliorDahan: posts big blind $6
*** HOLE CARDS ***
Dealt to barkuda86 
Dealt to NagastiBagamba 
Dealt to DolevDolev 
Dealt to EliorDahan 
Dealt to BigCosmo 
Dealt to Hero [6s Jh]
BigCosmo: folds
NagastiBagamba: folds
DolevDolev: calls $6
barkuda86: calls $6
Hero: calls $3
EliorDahan: checks
*** FLOP *** [2d Qh 4c]
Hero: checks
EliorDahan: checks
DolevDolev: checks
barkuda86: checks
*** TURN *** [2d Qh 4c] [5c]
Hero: checks
EliorDahan: checks
DolevDolev: checks
barkuda86: checks
*** RIVER *** [2d Qh 4c 5c] [7c]
Hero: checks
EliorDahan: checks
DolevDolev: checks
barkuda86: checks
DolevDolev: shows [Jd Td]
barkuda86: shows [4d Kd]
Hero: shows [6s Jh]
EliorDahan: shows [2s 6d]
*** SHOWDOWN ***
barkuda86 collected $24 from pot
*** SUMMARY ***
Total pot $24
Board [2d Qh 4c 5c 7c]
Seat 3: barkuda86 showed [4d Kd] and won ($24) with Pair of Fours
Seat 1: NagastiBagamba folded before Flop (didn't bet)
Seat 2: DolevDolev showed [Jd Td] and lost with Queen-High
Seat 5: EliorDahan(big blind) showed [2s 6d] and lost with Pair of Twos
Seat 6: BigCosmo folded before Flop (didn't bet)
Seat 4: Hero(small blind) showed [6s Jh] and lost with Queen-High



Poker Hand #ring_1005465835: NLH No Limit ($3/$6) - 2025/07/21 23:52:28
Table 'Poker' 9-max Seat #2 is the button
Seat 3: barkuda86 ($776.31 in chips)
Seat 1: NagastiBagamba ($1,096.85 in chips)
Seat 2: DolevDolev ($1,052.68 in chips)
Seat 5: EliorDahan ($977.8 in chips)
Seat 6: BigCosmo ($259.38 in chips)
Seat 4: Hero ($1,140.98 in chips)
barkuda86: posts small blind $3
Hero: posts big blind $6
*** HOLE CARDS ***
Dealt to barkuda86 
Dealt to NagastiBagamba 
Dealt to DolevDolev 
Dealt to EliorDahan 
Dealt to BigCosmo 
Dealt to Hero [7d Kd]
EliorDahan: folds
BigCosmo: folds
NagastiBagamba: raises $18 to $24
DolevDolev: calls $24
barkuda86: folds
Hero: folds
*** FLOP *** [Qc Jc As]
NagastiBagamba: bets $42.75
DolevDolev: raises $47.02 to $89.77
NagastiBagamba: calls $47.02
*** TURN *** [Qc Jc As] [Jh]
NagastiBagamba: checks
DolevDolev: bets $118.27
NagastiBagamba: raises $156.11 to $274.38
DolevDolev: calls $156.11
*** RIVER *** [Qc Jc As Jh] [6h]
NagastiBagamba: bets $392.65
DolevDolev: calls $392.65
NagastiBagamba: shows [Js Ac]
DolevDolev: shows [Tc Kc]
*** SHOWDOWN ***
NagastiBagamba collected $1,570.6 from pot
*** SUMMARY ***
Total pot $1,570.6
Board [Qc Jc As Jh 6h]
Seat 3: barkuda86(small blind) folded before Flop
Seat 1: NagastiBagamba showed [Js Ac] and won ($1,570.6) with Jacks Full over Aces
Seat 2: DolevDolev showed [Tc Kc] and lost with Aces-High Straight
Seat 5: EliorDahan folded before Flop (didn't bet)
Seat 6: BigCosmo folded before Flop (didn't bet)
Seat 4: Hero(big blind) folded before Flop



Poker Hand #ring_1005463270: NLH No Limit ($3/$6) - 2025/07/21 23:51:13
Table 'Poker' 9-max Seat #1 is the button
Seat 3: barkuda86 ($794.31 in chips)
Seat 1: NagastiBagamba ($1,102.85 in chips)
Seat 2: DolevDolev ($1,022.68 in chips)
Seat 5: EliorDahan ($977.8 in chips)
Seat 6: BigCosmo ($265.38 in chips)
Seat 4: Hero ($1,140.98 in chips)
DolevDolev: posts small blind $3
barkuda86: posts big blind $6
*** HOLE CARDS ***
Dealt to barkuda86 
Dealt to NagastiBagamba 
Dealt to DolevDolev 
Dealt to EliorDahan 
Dealt to BigCosmo 
Dealt to Hero [Qc 5d]
Hero: folds
EliorDahan: folds
BigCosmo: calls $6
NagastiBagamba: calls $6
DolevDolev: calls $3
barkuda86: checks
*** FLOP *** [7h Kh 8h]
DolevDolev: checks
barkuda86: checks
BigCosmo: checks
NagastiBagamba: checks
*** TURN *** [7h Kh 8h] [6d]
DolevDolev: bets $12
barkuda86: calls $12
BigCosmo: folds
NagastiBagamba: folds
*** RIVER *** [7h Kh 8h 6d] [Td]
DolevDolev: checks
barkuda86: checks
DolevDolev: shows [Jd 8c]
barkuda86: shows [Jh 4d]
*** SHOWDOWN ***
DolevDolev collected $48 from pot
*** SUMMARY ***
Total pot $48
Board [7h Kh 8h 6d Td]
Seat 3: barkuda86(big blind) showed [Jh 4d] and lost with King-High
Seat 1: NagastiBagamba folded on the Turn
Seat 2: DolevDolev(small blind) showed [Jd 8c] and won ($48) with Pair of Eights
Seat 5: EliorDahan folded before Flop (didn't bet)
Seat 6: BigCosmo folded on the Turn
Seat 4: Hero folded before Flop (didn't bet)



Poker Hand #ring_1005460538: NLH No Limit ($3/$6) - 2025/07/21 23:49:52
Table 'Poker' 9-max Seat #6 is the button
Seat 3: barkuda86 ($734.31 in chips)
Seat 1: NagastiBagamba ($1,120.85 in chips)
Seat 2: DolevDolev ($1,028.68 in chips)
Seat 5: EliorDahan ($977.8 in chips)
Seat 6: BigCosmo ($283.38 in chips)
Seat 4: Hero ($1,158.98 in chips)
NagastiBagamba: posts small blind $3
DolevDolev: posts big blind $6
*** HOLE CARDS ***
Dealt to barkuda86 
Dealt to NagastiBagamba 
Dealt to DolevDolev 
Dealt to EliorDahan 
Dealt to BigCosmo 
Dealt to Hero [Td Ad]
barkuda86: calls $6
Hero: raises $12 to $18
EliorDahan: folds
BigCosmo: calls $18
NagastiBagamba: calls $15
DolevDolev: folds
barkuda86: calls $12
*** FLOP *** [Kd 8s 7h]
NagastiBagamba: checks
barkuda86: checks
Hero: checks
BigCosmo: checks
*** TURN *** [Kd 8s 7h] [8d]
NagastiBagamba: checks
barkuda86: checks
Hero: checks
BigCosmo: checks
*** RIVER *** [Kd 8s 7h 8d] [3s]
NagastiBagamba: checks
barkuda86: checks
Hero: checks
BigCosmo: checks
NagastiBagamba: shows [Jh Qd]
barkuda86: shows [3h 4d]
Hero: shows [Td Ad]
BigCosmo: shows [Qh 9d]
*** SHOWDOWN ***
barkuda86 collected $78 from pot
*** SUMMARY ***
Total pot $78
Board [Kd 8s 7h 8d 3s]
Seat 3: barkuda86 showed [3h 4d] and won ($78) with Pair of Eights and Pair of Treys
Seat 1: NagastiBagamba(small blind) showed [Jh Qd] and lost with Pair of Eights
Seat 2: DolevDolev(big blind) folded before Flop
Seat 5: EliorDahan folded before Flop (didn't bet)
Seat 6: BigCosmo showed [Qh 9d] and lost with Pair of Eights
Seat 4: Hero showed [Td Ad] and lost with Pair of Eights



Poker Hand #ring_1005459695: NLH No Limit ($3/$6) - 2025/07/21 23:49:29
Table 'Poker' 9-max Seat #5 is the button
Seat 3: barkuda86 ($734.31 in chips)
Seat 1: NagastiBagamba ($1,117.85 in chips)
Seat 2: DolevDolev ($1,028.68 in chips)
Seat 5: EliorDahan ($977.8 in chips)
Seat 6: BigCosmo ($286.38 in chips)
Seat 4: Hero ($1,158.98 in chips)
BigCosmo: posts small blind $3
NagastiBagamba: posts big blind $6
*** HOLE CARDS ***
Dealt to barkuda86 
Dealt to NagastiBagamba 
Dealt to DolevDolev 
Dealt to EliorDahan 
Dealt to BigCosmo 
Dealt to Hero [7d 2d]
DolevDolev: folds
barkuda86: folds
Hero: folds
EliorDahan: folds
BigCosmo: folds
*** SHOWDOWN ***
NagastiBagamba collected $9 from pot
*** SUMMARY ***
Total pot $9
Seat 3: barkuda86 folded before Flop (didn't bet)
Seat 1: NagastiBagamba(big blind)won ($9)
Seat 2: DolevDolev folded before Flop (didn't bet)
Seat 5: EliorDahan folded before Flop (didn't bet)
Seat 6: BigCosmo(small blind) folded before Flop
Seat 4: Hero folded before Flop (didn't bet)



Poker Hand #ring_1005458581: NLH No Limit ($3/$6) - 2025/07/21 23:48:56
Table 'Poker' 9-max Seat #4 is the button
Seat 3: barkuda86 ($734.31 in chips)
Seat 1: NagastiBagamba ($1,117.85 in chips)
Seat 2: DolevDolev ($1,028.68 in chips)
Seat 5: EliorDahan ($983.8 in chips)
Seat 6: BigCosmo ($280.38 in chips)
Seat 4: Hero ($1,158.98 in chips)
EliorDahan: posts small blind $3
BigCosmo: posts big blind $6
*** HOLE CARDS ***
Dealt to barkuda86 
Dealt to NagastiBagamba 
Dealt to DolevDolev 
Dealt to EliorDahan 
Dealt to BigCosmo 
Dealt to Hero [3h Js]
NagastiBagamba: folds
DolevDolev: folds
barkuda86: folds
Hero: folds
EliorDahan: calls $3
BigCosmo: raises $12 to $18
EliorDahan: folds
Uncalled bet ($12) returned to BigCosmo
*** SHOWDOWN ***
BigCosmo collected $12 from pot
*** SUMMARY ***
Total pot $12
Seat 3: barkuda86 folded before Flop (didn't bet)
Seat 1: NagastiBagamba folded before Flop (didn't bet)
Seat 2: DolevDolev folded before Flop (didn't bet)
Seat 5: EliorDahan(small blind) folded before Flop
Seat 6: BigCosmo(big blind)won ($12)
Seat 4: Hero folded before Flop (didn't bet)



Poker Hand #ring_1005456261: NLH No Limit ($3/$6) - 2025/07/21 23:47:48
Table 'Poker' 9-max Seat #3 is the button
Seat 3: barkuda86 ($740.31 in chips)
Seat 1: NagastiBagamba ($1,117.85 in chips)
Seat 2: DolevDolev ($1,028.68 in chips)
Seat 5: EliorDahan ($929.8 in chips)
Seat 6: BigCosmo ($286.38 in chips)
Seat 4: Hero ($1,200.98 in chips)
Hero: posts small blind $3
EliorDahan: posts big blind $6
*** HOLE CARDS ***
Dealt to barkuda86 
Dealt to NagastiBagamba 
Dealt to DolevDolev 
Dealt to EliorDahan 
Dealt to BigCosmo 
Dealt to Hero [6h Qd]
BigCosmo: calls $6
NagastiBagamba: folds
DolevDolev: folds
barkuda86: calls $6
Hero: calls $3
EliorDahan: checks
*** FLOP *** [Ts Kh 5d]
Hero: checks
EliorDahan: checks
BigCosmo: checks
barkuda86: checks
*** TURN *** [Ts Kh 5d] [5h]
Hero: bets $12
EliorDahan: calls $12
BigCosmo: folds
barkuda86: folds
*** RIVER *** [Ts Kh 5d 5h] [Ks]
Hero: bets $24
EliorDahan: calls $24
Hero: shows [6h Qd]
EliorDahan: shows [5s 9s]
*** SHOWDOWN ***
EliorDahan collected $96 from pot
*** SUMMARY ***
Total pot $96
Board [Ts Kh 5d 5h Ks]
Seat 3: barkuda86 folded on the Turn
Seat 1: NagastiBagamba folded before Flop (didn't bet)
Seat 2: DolevDolev folded before Flop (didn't bet)
Seat 5: EliorDahan(big blind) showed [5s 9s] and won ($96) with Fives Full over Kings
Seat 6: BigCosmo folded on the Turn
Seat 4: Hero(small blind) showed [6h Qd] and lost with Pair of Kings and Pair of Fives



Poker Hand #ring_1005452660: NLH No Limit ($3/$6) - 2025/07/21 23:46:03
Table 'Poker' 9-max Seat #2 is the button
Seat 3: barkuda86 ($743.31 in chips)
Seat 1: NagastiBagamba ($1,006.85 in chips)
Seat 2: DolevDolev ($1,028.68 in chips)
Seat 5: EliorDahan ($929.8 in chips)
Seat 6: BigCosmo ($340.38 in chips)
Seat 4: Hero ($1,254.98 in chips)
barkuda86: posts small blind $3
Hero: posts big blind $6
*** HOLE CARDS ***
Dealt to barkuda86 
Dealt to NagastiBagamba 
Dealt to DolevDolev 
Dealt to EliorDahan 
Dealt to BigCosmo 
Dealt to Hero [Ks 8d]
EliorDahan: folds
BigCosmo: raises $15 to $21
NagastiBagamba: calls $21
DolevDolev: folds
barkuda86: folds
Hero: calls $15
*** FLOP *** [6d 8c 6c]
Hero: checks
BigCosmo: bets $33
NagastiBagamba: calls $33
Hero: calls $33
*** TURN *** [6d 8c 6c] [3c]
Hero: checks
BigCosmo: checks
NagastiBagamba: checks
*** RIVER *** [6d 8c 6c 3c] [6h]
Hero: checks
BigCosmo: checks
NagastiBagamba: bets $54.44
Hero: folds
BigCosmo: folds
Uncalled bet ($54.44) returned to NagastiBagamba
*** SHOWDOWN ***
NagastiBagamba collected $165 from pot
*** SUMMARY ***
Total pot $165
Board [6d 8c 6c 3c 6h]
Seat 3: barkuda86(small blind) folded before Flop
Seat 1: NagastiBagamba won ($165) with Sixes Full over Tens
Seat 2: DolevDolev folded before Flop (didn't bet)
Seat 5: EliorDahan folded before Flop (didn't bet)
Seat 6: BigCosmo folded on the River
Seat 4: Hero(big blind) folded on the River



Poker Hand #ring_1005449845: NLH No Limit ($3/$6) - 2025/07/21 23:44:42
Table 'Poker' 9-max Seat #1 is the button
Seat 3: barkuda86 ($749.31 in chips)
Seat 1: NagastiBagamba ($1,012.85 in chips)
Seat 2: DolevDolev ($1,031.68 in chips)
Seat 5: EliorDahan ($935.8 in chips)
Seat 6: BigCosmo ($395.88 in chips)
Seat 4: Hero ($1,178.48 in chips)
DolevDolev: posts small blind $3
barkuda86: posts big blind $6
*** HOLE CARDS ***
Dealt to barkuda86 
Dealt to NagastiBagamba 
Dealt to DolevDolev 
Dealt to EliorDahan 
Dealt to BigCosmo 
Dealt to Hero [Qs 8s]
Hero: calls $6
EliorDahan: calls $6
BigCosmo: calls $6
NagastiBagamba: calls $6
DolevDolev: folds
barkuda86: checks
*** FLOP *** [Qc 4d 9c]
barkuda86: checks
Hero: bets $16.5
EliorDahan: folds
BigCosmo: calls $16.5
NagastiBagamba: folds
barkuda86: folds
*** TURN *** [Qc 4d 9c] [Kd]
Hero: checks
BigCosmo: bets $33
Hero: calls $33
*** RIVER *** [Qc 4d 9c Kd] [Js]
Hero: bets $39.6
BigCosmo: folds
Uncalled bet ($39.6) returned to Hero
*** SHOWDOWN ***
Hero collected $132 from pot
*** SUMMARY ***
Total pot $132
Board [Qc 4d 9c Kd Js]
Seat 3: barkuda86(big blind) folded on the Flop
Seat 1: NagastiBagamba folded on the Flop
Seat 2: DolevDolev(small blind) folded before Flop
Seat 5: EliorDahan folded on the Flop
Seat 6: BigCosmo folded on the River
Seat 4: Hero won ($132) with Pair of Queens



Poker Hand #ring_1005448337: NLH No Limit ($3/$6) - 2025/07/21 23:43:57
Table 'Poker' 9-max Seat #6 is the button
Seat 3: barkuda86 ($734.31 in chips)
Seat 1: NagastiBagamba ($1,015.85 in chips)
Seat 2: DolevDolev ($1,037.68 in chips)
Seat 5: EliorDahan ($935.8 in chips)
Seat 6: BigCosmo ($401.88 in chips)
Seat 4: Hero ($1,178.48 in chips)
NagastiBagamba: posts small blind $3
DolevDolev: posts big blind $6
*** HOLE CARDS ***
Dealt to barkuda86 
Dealt to NagastiBagamba 
Dealt to DolevDolev 
Dealt to EliorDahan 
Dealt to BigCosmo 
Dealt to Hero [5d 4s]
barkuda86: calls $6
Hero: folds
EliorDahan: folds
BigCosmo: calls $6
NagastiBagamba: folds
DolevDolev: checks
*** FLOP *** [3c Kc Ac]
DolevDolev: checks
barkuda86: checks
BigCosmo: checks
*** TURN *** [3c Kc Ac] [5h]
DolevDolev: checks
barkuda86: bets $6.93
BigCosmo: folds
DolevDolev: folds
Uncalled bet ($6.93) returned to barkuda86
*** SHOWDOWN ***
barkuda86 collected $21 from pot
*** SUMMARY ***
Total pot $21
Board [3c Kc Ac 5h]
Seat 3: barkuda86won ($21) with Pair of Fives
Seat 1: NagastiBagamba(small blind) folded before Flop
Seat 2: DolevDolev(big blind) folded on the Turn
Seat 5: EliorDahan folded before Flop (didn't bet)
Seat 6: BigCosmo folded on the Turn
Seat 4: Hero folded before Flop (didn't bet)



Poker Hand #ring_1005446602: NLH No Limit ($3/$6) - 2025/07/21 23:43:06
Table 'Poker' 9-max Seat #5 is the button
Seat 3: barkuda86 ($734.31 in chips)
Seat 1: NagastiBagamba ($1,021.85 in chips)
Seat 2: DolevDolev ($1,007.68 in chips)
Seat 5: EliorDahan ($935.8 in chips)
Seat 6: BigCosmo ($413.88 in chips)
Seat 4: Hero ($1,190.48 in chips)
BigCosmo: posts small blind $3
NagastiBagamba: posts big blind $6
*** HOLE CARDS ***
Dealt to barkuda86 
Dealt to NagastiBagamba 
Dealt to DolevDolev 
Dealt to EliorDahan 
Dealt to BigCosmo 
Dealt to Hero [6s 4s]
DolevDolev: raises $6 to $12
barkuda86: folds
Hero: calls $12
EliorDahan: folds
BigCosmo: calls $9
NagastiBagamba: folds
*** FLOP *** [Qh 7h Ac]
BigCosmo: checks
DolevDolev: bets $21
Hero: folds
BigCosmo: folds
Uncalled bet ($21) returned to DolevDolev
*** SHOWDOWN ***
DolevDolev collected $42 from pot
*** SUMMARY ***
Total pot $42
Board [Qh 7h Ac]
Seat 3: barkuda86 folded before Flop (didn't bet)
Seat 1: NagastiBagamba(big blind) folded before Flop
Seat 2: DolevDolevwon ($42) with Pair of Queens
Seat 5: EliorDahan folded before Flop (didn't bet)
Seat 6: BigCosmo(small blind) folded on the Flop
Seat 4: Hero folded on the Flop



Poker Hand #ring_1005445710: NLH No Limit ($3/$6) - 2025/07/21 23:42:39
Table 'Poker' 9-max Seat #4 is the button
Seat 3: barkuda86 ($734.31 in chips)
Seat 1: NagastiBagamba ($1,021.85 in chips)
Seat 2: DolevDolev ($1,013.68 in chips)
Seat 5: EliorDahan ($923.8 in chips)
Seat 6: BigCosmo ($419.88 in chips)
Seat 4: Hero ($1,190.48 in chips)
EliorDahan: posts small blind $3
BigCosmo: posts big blind $6
*** HOLE CARDS ***
Dealt to barkuda86 
Dealt to NagastiBagamba 
Dealt to DolevDolev 
Dealt to EliorDahan 
Dealt to BigCosmo 
Dealt to Hero [8h 2s]
NagastiBagamba: folds
DolevDolev: calls $6
barkuda86: folds
Hero: folds
EliorDahan: raises $18 to $24
BigCosmo: folds
DolevDolev: folds
Uncalled bet ($18) returned to EliorDahan
*** SHOWDOWN ***
EliorDahan collected $18 from pot
*** SUMMARY ***
Total pot $18
Seat 3: barkuda86 folded before Flop (didn't bet)
Seat 1: NagastiBagamba folded before Flop (didn't bet)
Seat 2: DolevDolev folded before Flop
Seat 5: EliorDahan(small blind)won ($18)
Seat 6: BigCosmo(big blind) folded before Flop
Seat 4: Hero folded before Flop (didn't bet)



Poker Hand #ring_1005443997: NLH No Limit ($3/$6) - 2025/07/21 23:41:49
Table 'Poker' 9-max Seat #3 is the button
Seat 3: barkuda86 ($734.31 in chips)
Seat 1: NagastiBagamba ($1,021.85 in chips)
Seat 2: DolevDolev ($977.68 in chips)
Seat 5: EliorDahan ($929.8 in chips)
Seat 6: BigCosmo ($443.88 in chips)
Seat 4: Hero ($1,196.48 in chips)
Hero: posts small blind $3
EliorDahan: posts big blind $6
*** HOLE CARDS ***
Dealt to barkuda86 
Dealt to NagastiBagamba 
Dealt to DolevDolev 
Dealt to EliorDahan 
Dealt to BigCosmo 
Dealt to Hero [3c 5d]
BigCosmo: calls $6
NagastiBagamba: folds
DolevDolev: calls $6
barkuda86: folds
Hero: calls $3
EliorDahan: checks
*** FLOP *** [Jd 6c Tc]
Hero: checks
EliorDahan: checks
BigCosmo: bets $18
DolevDolev: calls $18
Hero: folds
EliorDahan: folds
*** TURN *** [Jd 6c Tc] [7h]
BigCosmo: checks
DolevDolev: bets $30
BigCosmo: folds
Uncalled bet ($30) returned to DolevDolev
*** SHOWDOWN ***
DolevDolev collected $60 from pot
*** SUMMARY ***
Total pot $60
Board [Jd 6c Tc 7h]
Seat 3: barkuda86 folded before Flop (didn't bet)
Seat 1: NagastiBagamba folded before Flop (didn't bet)
Seat 2: DolevDolevwon ($60) with Pair of Jacks
Seat 5: EliorDahan(big blind) folded on the Flop
Seat 6: BigCosmo folded on the Turn
Seat 4: Hero(small blind) folded on the Flop



Poker Hand #ring_1005442752: NLH No Limit ($3/$6) - 2025/07/21 23:41:13
Table 'Poker' 9-max Seat #2 is the button
Seat 3: barkuda86 ($737.31 in chips)
Seat 1: NagastiBagamba ($1,021.85 in chips)
Seat 2: DolevDolev ($983.68 in chips)
Seat 5: EliorDahan ($929.8 in chips)
Seat 6: BigCosmo ($443.88 in chips)
Seat 4: Hero ($1,187.48 in chips)
barkuda86: posts small blind $3
Hero: posts big blind $6
*** HOLE CARDS ***
Dealt to barkuda86 
Dealt to NagastiBagamba 
Dealt to DolevDolev 
Dealt to EliorDahan 
Dealt to BigCosmo 
Dealt to Hero [6c 7h]
EliorDahan: folds
BigCosmo: folds
NagastiBagamba: folds
DolevDolev: calls $6
barkuda86: folds
Hero: checks
*** FLOP *** [3h 2d Jd]
Hero: checks
DolevDolev: checks
*** TURN *** [3h 2d Jd] [4s]
Hero: bets $6
DolevDolev: folds
Uncalled bet ($6) returned to Hero
*** SHOWDOWN ***
Hero collected $15 from pot
*** SUMMARY ***
Total pot $15
Board [3h 2d Jd 4s]
Seat 3: barkuda86(small blind) folded before Flop
Seat 1: NagastiBagamba folded before Flop (didn't bet)
Seat 2: DolevDolev folded on the Turn
Seat 5: EliorDahan folded before Flop (didn't bet)
Seat 6: BigCosmo folded before Flop (didn't bet)
Seat 4: Hero(big blind)won ($15) with Jack-High



Poker Hand #ring_1005441277: NLH No Limit ($3/$6) - 2025/07/21 23:40:29
Table 'Poker' 9-max Seat #1 is the button
Seat 3: barkuda86 ($731.31 in chips)
Seat 1: NagastiBagamba ($1,021.85 in chips)
Seat 2: DolevDolev ($989.68 in chips)
Seat 5: EliorDahan ($929.8 in chips)
Seat 6: BigCosmo ($443.88 in chips)
Seat 4: Hero ($1,187.48 in chips)
DolevDolev: posts small blind $3
barkuda86: posts big blind $6
*** HOLE CARDS ***
Dealt to barkuda86 
Dealt to NagastiBagamba 
Dealt to DolevDolev 
Dealt to EliorDahan 
Dealt to BigCosmo 
Dealt to Hero [7s 8h]
Hero: folds
EliorDahan: folds
BigCosmo: folds
NagastiBagamba: folds
DolevDolev: calls $3
barkuda86: checks
*** FLOP *** [7c Tc 8c]
DolevDolev: checks
barkuda86: checks
*** TURN *** [7c Tc 8c] [9s]
DolevDolev: checks
barkuda86: bets $9
DolevDolev: folds
Uncalled bet ($9) returned to barkuda86
*** SHOWDOWN ***
barkuda86 collected $12 from pot
*** SUMMARY ***
Total pot $12
Board [7c Tc 8c 9s]
Seat 3: barkuda86(big blind)won ($12) with Tens-High Straight
Seat 1: NagastiBagamba folded before Flop (didn't bet)
Seat 2: DolevDolev(small blind) folded on the Turn
Seat 5: EliorDahan folded before Flop (didn't bet)
Seat 6: BigCosmo folded before Flop (didn't bet)
Seat 4: Hero folded before Flop (didn't bet)



Poker Hand #ring_1005439999: NLH No Limit ($3/$6) - 2025/07/21 23:39:50
Table 'Poker' 9-max Seat #6 is the button
Seat 3: barkuda86 ($755.31 in chips)
Seat 1: NagastiBagamba ($991.85 in chips)
Seat 2: DolevDolev ($995.68 in chips)
Seat 5: EliorDahan ($929.8 in chips)
Seat 6: BigCosmo ($443.88 in chips)
Seat 4: Hero ($1,187.48 in chips)
NagastiBagamba: posts small blind $3
DolevDolev: posts big blind $6
*** HOLE CARDS ***
Dealt to barkuda86 
Dealt to NagastiBagamba 
Dealt to DolevDolev 
Dealt to EliorDahan 
Dealt to BigCosmo 
Dealt to Hero [Tc 4h]
barkuda86: calls $6
Hero: folds
EliorDahan: folds
BigCosmo: folds
NagastiBagamba: raises $18 to $24
DolevDolev: folds
barkuda86: calls $18
*** FLOP *** [Jc 6h Qs]
NagastiBagamba: bets $17.82
barkuda86: folds
Uncalled bet ($17.82) returned to NagastiBagamba
*** SHOWDOWN ***
NagastiBagamba collected $54 from pot
*** SUMMARY ***
Total pot $54
Board [Jc 6h Qs]
Seat 3: barkuda86 folded on the Flop
Seat 1: NagastiBagamba(small blind)won ($54) with Pair of Jacks
Seat 2: DolevDolev(big blind) folded before Flop
Seat 5: EliorDahan folded before Flop (didn't bet)
Seat 6: BigCosmo folded before Flop (didn't bet)
Seat 4: Hero folded before Flop (didn't bet)



Poker Hand #ring_1005436923: NLH No Limit ($3/$6) - 2025/07/21 23:38:19
Table 'Poker' 9-max Seat #5 is the button
Seat 3: barkuda86 ($767.31 in chips)
Seat 1: NagastiBagamba ($1,003.85 in chips)
Seat 2: DolevDolev ($827.68 in chips)
Seat 5: EliorDahan ($941.8 in chips)
Seat 6: BigCosmo ($575.88 in chips)
Seat 4: Hero ($1,187.48 in chips)
BigCosmo: posts small blind $3
NagastiBagamba: posts big blind $6
*** HOLE CARDS ***
Dealt to barkuda86 
Dealt to NagastiBagamba 
Dealt to DolevDolev 
Dealt to EliorDahan 
Dealt to BigCosmo 
Dealt to Hero [3h 5d]
DolevDolev: raises $6 to $12
barkuda86: calls $12
Hero: folds
EliorDahan: calls $12
BigCosmo: calls $9
NagastiBagamba: calls $6
*** FLOP *** [Jd 9s 2c]
BigCosmo: bets $30
NagastiBagamba: folds
DolevDolev: calls $30
barkuda86: folds
EliorDahan: folds
*** TURN *** [Jd 9s 2c] [Qh]
BigCosmo: checks
DolevDolev: bets $90
BigCosmo: calls $90
*** RIVER *** [Jd 9s 2c Qh] [7d]
BigCosmo: checks
DolevDolev: bets $150
BigCosmo: folds
Uncalled bet ($150) returned to DolevDolev
*** SHOWDOWN ***
DolevDolev collected $300 from pot
*** SUMMARY ***
Total pot $300
Board [Jd 9s 2c Qh 7d]
Seat 3: barkuda86 folded on the Flop
Seat 1: NagastiBagamba(big blind) folded on the Flop
Seat 2: DolevDolevwon ($300) with Kings-High Straight
Seat 5: EliorDahan folded on the Flop
Seat 6: BigCosmo(small blind) folded on the River
Seat 4: Hero folded before Flop (didn't bet)



Poker Hand #ring_1005433666: NLH No Limit ($3/$6) - 2025/07/21 23:36:42
Table 'Poker' 9-max Seat #4 is the button
Seat 3: barkuda86 ($785.31 in chips)
Seat 1: NagastiBagamba ($1,003.85 in chips)
Seat 5: EliorDahan ($944.8 in chips)
Seat 6: BigCosmo ($660 in chips)
Seat 4: Hero ($1,082.36 in chips)
EliorDahan: posts small blind $3
BigCosmo: posts big blind $6
*** HOLE CARDS ***
Dealt to barkuda86 
Dealt to NagastiBagamba 
Dealt to EliorDahan 
Dealt to BigCosmo 
Dealt to Hero [Tc Ad]
NagastiBagamba: folds
barkuda86: calls $6
Hero: raises $12 to $18
EliorDahan: folds
BigCosmo: calls $12
barkuda86: calls $12
*** FLOP *** [2c 3c 9c]
BigCosmo: checks
barkuda86: checks
Hero: checks
*** TURN *** [2c 3c 9c] [6d]
BigCosmo: bets $28.5
barkuda86: folds
Hero: calls $28.5
*** RIVER *** [2c 3c 9c 6d] [7h]
BigCosmo: bets $37.62
Hero: raises $113.58 to $151.2
BigCosmo: folds
Uncalled bet ($113.58) returned to Hero
*** SHOWDOWN ***
Hero collected $189.24 from pot
*** SUMMARY ***
Total pot $189.24
Board [2c 3c 9c 6d 7h]
Seat 3: barkuda86 folded on the Turn
Seat 1: NagastiBagamba folded before Flop (didn't bet)
Seat 5: EliorDahan(small blind) folded before Flop
Seat 6: BigCosmo(big blind) folded on the River
Seat 4: Hero won ($189.24) with Ace-High



Poker Hand #ring_1005431465: NLH No Limit ($3/$6) - 2025/07/21 23:35:37
Table 'Poker' 9-max Seat #3 is the button
Seat 3: barkuda86 ($785.31 in chips)
Seat 1: NagastiBagamba ($1,003.85 in chips)
Seat 2: DolevDolev ($827.68 in chips)
Seat 5: EliorDahan ($995.8 in chips)
Seat 6: BigCosmo ($666 in chips)
Seat 4: Hero ($1,025.36 in chips)
Hero: posts small blind $3
EliorDahan: posts big blind $6
*** HOLE CARDS ***
Dealt to barkuda86 
Dealt to NagastiBagamba 
Dealt to DolevDolev 
Dealt to EliorDahan 
Dealt to BigCosmo 
Dealt to Hero [4s 6c]
BigCosmo: calls $6
NagastiBagamba: folds
DolevDolev: folds
barkuda86: folds
Hero: calls $3
EliorDahan: checks
*** FLOP *** [4h 5h 2d]
Hero: bets $9
EliorDahan: calls $9
BigCosmo: folds
*** TURN *** [4h 5h 2d] [2c]
Hero: checks
EliorDahan: bets $36
Hero: calls $36
*** RIVER *** [4h 5h 2d 2c] [7s]
Hero: bets $32.4
EliorDahan: folds
Uncalled bet ($32.4) returned to Hero
*** SHOWDOWN ***
Hero collected $108 from pot
*** SUMMARY ***
Total pot $108
Board [4h 5h 2d 2c 7s]
Seat 3: barkuda86 folded before Flop (didn't bet)
Seat 1: NagastiBagamba folded before Flop (didn't bet)
Seat 2: DolevDolev folded before Flop (didn't bet)
Seat 5: EliorDahan(big blind) folded on the River
Seat 6: BigCosmo folded on the Flop
Seat 4: Hero(small blind)won ($108) with Pair of Fours and Pair of Twos



Poker Hand #ring_1005430584: NLH No Limit ($3/$6) - 2025/07/21 23:35:11
Table 'Poker' 9-max Seat #2 is the button
Seat 3: barkuda86 ($803.31 in chips)
Seat 1: NagastiBagamba ($1,003.85 in chips)
Seat 2: DolevDolev ($827.68 in chips)
Seat 5: EliorDahan ($995.8 in chips)
Seat 6: BigCosmo ($666 in chips)
Seat 4: Hero ($1,007.36 in chips)
barkuda86: posts small blind $3
Hero: posts big blind $6
*** HOLE CARDS ***
Dealt to barkuda86 
Dealt to NagastiBagamba 
Dealt to DolevDolev 
Dealt to EliorDahan 
Dealt to BigCosmo 
Dealt to Hero [As Qd]
EliorDahan: folds
BigCosmo: folds
NagastiBagamba: folds
DolevDolev: folds
barkuda86: raises $12 to $18
Hero: raises $41.4 to $59.4
barkuda86: folds
Uncalled bet ($41.4) returned to Hero
*** SHOWDOWN ***
Hero collected $36 from pot
*** SUMMARY ***
Total pot $36
Seat 3: barkuda86(small blind) folded before Flop
Seat 1: NagastiBagamba folded before Flop (didn't bet)
Seat 2: DolevDolev folded before Flop (didn't bet)
Seat 5: EliorDahan folded before Flop (didn't bet)
Seat 6: BigCosmo folded before Flop (didn't bet)
Seat 4: Hero(big blind)won ($36)



Poker Hand #ring_1005426589: NLH No Limit ($3/$6) - 2025/07/21 23:33:12
Table 'Poker' 9-max Seat #1 is the button
Seat 3: barkuda86 ($695.31 in chips)
Seat 1: NagastiBagamba ($1,021.85 in chips)
Seat 2: DolevDolev ($899.68 in chips)
Seat 5: EliorDahan ($995.8 in chips)
Seat 6: BigCosmo ($684 in chips)
Seat 4: Hero ($1,007.36 in chips)
DolevDolev: posts small blind $3
barkuda86: posts big blind $6
*** HOLE CARDS ***
Dealt to barkuda86 
Dealt to NagastiBagamba 
Dealt to DolevDolev 
Dealt to EliorDahan 
Dealt to BigCosmo 
Dealt to Hero [Th 2s]
Hero: folds
EliorDahan: folds
BigCosmo: calls $6
NagastiBagamba: calls $6
DolevDolev: calls $3
barkuda86: raises $12 to $18
BigCosmo: calls $12
NagastiBagamba: calls $12
DolevDolev: calls $12
*** FLOP *** [Kd 6d Ad]
DolevDolev: bets $54
barkuda86: calls $54
BigCosmo: folds
NagastiBagamba: folds
*** TURN *** [Kd 6d Ad] [7c]
DolevDolev: checks
barkuda86: bets $90
DolevDolev: folds
Uncalled bet ($90) returned to barkuda86
*** SHOWDOWN ***
barkuda86 collected $180 from pot
*** SUMMARY ***
Total pot $180
Board [Kd 6d Ad 7c]
Seat 3: barkuda86(big blind)won ($180) with Pair of Aces
Seat 1: NagastiBagamba folded on the Flop
Seat 2: DolevDolev(small blind) folded on the Turn
Seat 5: EliorDahan folded before Flop (didn't bet)
Seat 6: BigCosmo folded on the Flop
Seat 4: Hero folded before Flop (didn't bet)



Poker Hand #ring_1005424672: NLH No Limit ($3/$6) - 2025/07/21 23:32:15
Table 'Poker' 9-max Seat #6 is the button
Seat 3: barkuda86 ($695.31 in chips)
Seat 1: NagastiBagamba ($1,061.69 in chips)
Seat 2: DolevDolev ($859.84 in chips)
Seat 5: EliorDahan ($995.8 in chips)
Seat 6: BigCosmo ($684 in chips)
Seat 4: Hero ($1,007.36 in chips)
NagastiBagamba: posts small blind $3
DolevDolev: posts big blind $6
*** HOLE CARDS ***
Dealt to barkuda86 
Dealt to NagastiBagamba 
Dealt to DolevDolev 
Dealt to EliorDahan 
Dealt to BigCosmo 
Dealt to Hero [9c 2c]
barkuda86: folds
Hero: folds
EliorDahan: folds
BigCosmo: folds
NagastiBagamba: raises $18 to $24
DolevDolev: calls $18
*** FLOP *** [Th Qh 7d]
NagastiBagamba: checks
DolevDolev: checks
*** TURN *** [Th Qh 7d] [Qd]
NagastiBagamba: bets $15.84
DolevDolev: calls $15.84
*** RIVER *** [Th Qh 7d Qd] [Jh]
NagastiBagamba: checks
DolevDolev: checks
NagastiBagamba: shows [6c 6d]
DolevDolev: shows [Tc Ad]
*** SHOWDOWN ***
DolevDolev collected $79.68 from pot
*** SUMMARY ***
Total pot $79.68
Board [Th Qh 7d Qd Jh]
Seat 3: barkuda86 folded before Flop (didn't bet)
Seat 1: NagastiBagamba(small blind) showed [6c 6d] and lost with Pair of Queens and Pair of Sixes
Seat 2: DolevDolev(big blind) showed [Tc Ad] and won ($79.68) with Pair of Queens and Pair of Tens
Seat 5: EliorDahan folded before Flop (didn't bet)
Seat 6: BigCosmo folded before Flop (didn't bet)
Seat 4: Hero folded before Flop (didn't bet)



Poker Hand #ring_1005422613: NLH No Limit ($3/$6) - 2025/07/21 23:31:15
Table 'Poker' 9-max Seat #5 is the button
Seat 3: barkuda86 ($695.31 in chips)
Seat 1: NagastiBagamba ($1,106.69 in chips)
Seat 2: DolevDolev ($859.84 in chips)
Seat 5: EliorDahan ($995.8 in chips)
Seat 6: BigCosmo ($594 in chips)
Seat 4: Hero ($1,052.36 in chips)
BigCosmo: posts small blind $3
NagastiBagamba: posts big blind $6
*** HOLE CARDS ***
Dealt to barkuda86 
Dealt to NagastiBagamba 
Dealt to DolevDolev 
Dealt to EliorDahan 
Dealt to BigCosmo 
Dealt to Hero [8c 6c]
DolevDolev: folds
barkuda86: folds
Hero: raises $12 to $18
EliorDahan: folds
BigCosmo: calls $15
NagastiBagamba: calls $12
*** FLOP *** [4d Qd 7h]
BigCosmo: bets $27
NagastiBagamba: calls $27
Hero: calls $27
*** TURN *** [4d Qd 7h] [Ac]
BigCosmo: bets $101.25
NagastiBagamba: folds
Hero: folds
Uncalled bet ($101.25) returned to BigCosmo
*** SHOWDOWN ***
BigCosmo collected $135 from pot
*** SUMMARY ***
Total pot $135
Board [4d Qd 7h Ac]
Seat 3: barkuda86 folded before Flop (didn't bet)
Seat 1: NagastiBagamba(big blind) folded on the Turn
Seat 2: DolevDolev folded before Flop (didn't bet)
Seat 5: EliorDahan folded before Flop (didn't bet)
Seat 6: BigCosmo(small blind)won ($135) with Pair of Aces
Seat 4: Hero folded on the Turn



Poker Hand #ring_1005421703: NLH No Limit ($3/$6) - 2025/07/21 23:30:48
Table 'Poker' 9-max Seat #4 is the button
Seat 3: barkuda86 ($695.31 in chips)
Seat 1: NagastiBagamba ($1,097.69 in chips)
Seat 2: DolevDolev ($859.84 in chips)
Seat 5: EliorDahan ($998.8 in chips)
Seat 6: BigCosmo ($600 in chips)
Seat 4: Hero ($1,052.36 in chips)
EliorDahan: posts small blind $3
BigCosmo: posts big blind $6
*** HOLE CARDS ***
Dealt to barkuda86 
Dealt to NagastiBagamba 
Dealt to DolevDolev 
Dealt to EliorDahan 
Dealt to BigCosmo 
Dealt to Hero [9h 6h]
NagastiBagamba: raises $18 to $24
DolevDolev: folds
barkuda86: folds
Hero: folds
EliorDahan: folds
BigCosmo: folds
Uncalled bet ($18) returned to NagastiBagamba
*** SHOWDOWN ***
NagastiBagamba collected $15 from pot
*** SUMMARY ***
Total pot $15
Seat 3: barkuda86 folded before Flop (didn't bet)
Seat 1: NagastiBagamba won ($15)
Seat 2: DolevDolev folded before Flop (didn't bet)
Seat 5: EliorDahan(small blind) folded before Flop
Seat 6: BigCosmo(big blind) folded before Flop
Seat 4: Hero folded before Flop (didn't bet)



Poker Hand #ring_1005420154: NLH No Limit ($3/$6) - 2025/07/21 23:30:03
Table 'Poker' 9-max Seat #3 is the button
Seat 3: barkuda86 ($695.31 in chips)
Seat 1: NagastiBagamba ($1,097.69 in chips)
Seat 2: DolevDolev ($859.84 in chips)
Seat 5: EliorDahan ($992.8 in chips)
Seat 4: Hero ($1,058.36 in chips)
Hero: posts small blind $3
EliorDahan: posts big blind $6
*** HOLE CARDS ***
Dealt to barkuda86 
Dealt to NagastiBagamba 
Dealt to DolevDolev 
Dealt to EliorDahan 
Dealt to Hero [6c 5s]
NagastiBagamba: folds
DolevDolev: folds
barkuda86: folds
Hero: calls $3
EliorDahan: checks
*** FLOP *** [9d Jd 8s]
Hero: checks
EliorDahan: checks
*** TURN *** [9d Jd 8s] [Td]
Hero: checks
EliorDahan: checks
*** RIVER *** [9d Jd 8s Td] [3c]
Hero: checks
EliorDahan: checks
Hero: shows [6c 5s]
EliorDahan: shows [9c 4s]
*** SHOWDOWN ***
EliorDahan collected $12 from pot
*** SUMMARY ***
Total pot $12
Board [9d Jd 8s Td 3c]
Seat 3: barkuda86 folded before Flop (didn't bet)
Seat 1: NagastiBagamba folded before Flop (didn't bet)
Seat 2: DolevDolev folded before Flop (didn't bet)
Seat 5: EliorDahan(big blind) showed [9c 4s] and won ($12) with Pair of Nines
Seat 4: Hero(small blind) showed [6c 5s] and lost with Jack-High



Poker Hand #ring_1005416162: NLH No Limit ($3/$6) - 2025/07/21 23:28:07
Table 'Poker' 9-max Seat #2 is the button
Seat 3: barkuda86 ($315 in chips)
Seat 1: NagastiBagamba ($1,097.69 in chips)
Seat 2: DolevDolev ($859.84 in chips)
Seat 5: EliorDahan ($1,055.8 in chips)
Seat 6: BigCosmo ($311.31 in chips)
Seat 4: Hero ($1,064.36 in chips)
barkuda86: posts small blind $3
Hero: posts big blind $6
*** HOLE CARDS ***
Dealt to barkuda86 
Dealt to NagastiBagamba 
Dealt to DolevDolev 
Dealt to EliorDahan 
Dealt to BigCosmo 
Dealt to Hero [Ks 3h]
EliorDahan: raises $18 to $24
BigCosmo: calls $24
NagastiBagamba: folds
DolevDolev: folds
barkuda86: calls $21
Hero: folds
*** FIRST FLOP *** [Qc 4d 8h]
barkuda86: checks
EliorDahan: bets $39
BigCosmo: calls $39
barkuda86: raises $97.5 to $136.5
EliorDahan: folds
BigCosmo: raises $150.81 to $287.31 and is all-in
barkuda86: calls $150.81
barkuda86: shows [Td 9h] (Queen-High)
BigCosmo: shows [Jh Qh] (Pair of Queens)
*** FIRST TURN *** [Qc 4d 8h] [9c]
*** SECOND TURN *** [Qc 4d 8h] [Th]
*** FIRST RIVER *** [Qc 4d 8h 9c] [9s]
*** SECOND RIVER *** [Qc 4d 8h Th] [Ts]
*** FIRST SHOWDOWN ***
barkuda86 collected $345.81 from pot
*** SECOND SHOWDOWN ***
barkuda86 collected $345.81 from pot
*** SUMMARY ***
Total pot $691.62
Hand was run two timesFIRST Board [Qc 4d 8h 9c 9s]
SECOND Board [Th Ts]
Seat 3: barkuda86(small blind) showed [Td 9h] and won ($691.62) with Three Nines / Three Tens
Seat 1: NagastiBagamba folded before Flop (didn't bet)
Seat 2: DolevDolev folded before Flop (didn't bet)
Seat 5: EliorDahan folded on the Flop
Seat 6: BigCosmo showed [Jh Qh] and lost with Pair of Queens and Pair of Nines / Pair of Queens and Pair of Tens
Seat 4: Hero(big blind) folded before Flop



Poker Hand #ring_1005415107: NLH No Limit ($3/$6) - 2025/07/21 23:27:36
Table 'Poker' 9-max Seat #1 is the button
Seat 3: barkuda86 ($321 in chips)
Seat 1: NagastiBagamba ($1,097.69 in chips)
Seat 2: DolevDolev ($847.84 in chips)
Seat 5: EliorDahan ($1,055.8 in chips)
Seat 6: BigCosmo ($317.31 in chips)
Seat 4: Hero ($1,064.36 in chips)
DolevDolev: posts small blind $3
barkuda86: posts big blind $6
*** HOLE CARDS ***
Dealt to barkuda86 
Dealt to NagastiBagamba 
Dealt to DolevDolev 
Dealt to EliorDahan 
Dealt to BigCosmo 
Dealt to Hero [8s Ah]
Hero: folds
EliorDahan: folds
BigCosmo: calls $6
NagastiBagamba: folds
DolevDolev: calls $3
barkuda86: checks
*** FLOP *** [Qc 7d 2s]
DolevDolev: bets $18
barkuda86: folds
BigCosmo: folds
Uncalled bet ($18) returned to DolevDolev
*** SHOWDOWN ***
DolevDolev collected $18 from pot
*** SUMMARY ***
Total pot $18
Board [Qc 7d 2s]
Seat 3: barkuda86(big blind) folded on the Flop
Seat 1: NagastiBagamba folded before Flop (didn't bet)
Seat 2: DolevDolev(small blind)won ($18) with Pair of Queens
Seat 5: EliorDahan folded before Flop (didn't bet)
Seat 6: BigCosmo folded on the Flop
Seat 4: Hero folded before Flop (didn't bet)



Poker Hand #ring_1005412934: NLH No Limit ($3/$6) - 2025/07/21 23:26:32
Table 'Poker' 9-max Seat #6 is the button
Seat 3: barkuda86 ($357.81 in chips)
Seat 1: NagastiBagamba ($1,100.69 in chips)
Seat 2: DolevDolev ($790.03 in chips)
Seat 5: EliorDahan ($1,073.8 in chips)
Seat 6: BigCosmo ($317.31 in chips)
Seat 4: Hero ($1,064.36 in chips)
NagastiBagamba: posts small blind $3
DolevDolev: posts big blind $6
*** HOLE CARDS ***
Dealt to barkuda86 
Dealt to NagastiBagamba 
Dealt to DolevDolev 
Dealt to EliorDahan 
Dealt to BigCosmo 
Dealt to Hero [3d 9s]
barkuda86: raises $12 to $18
Hero: folds
EliorDahan: calls $18
BigCosmo: folds
NagastiBagamba: folds
DolevDolev: calls $12
*** FLOP *** [9c 5c 4h]
DolevDolev: checks
barkuda86: bets $18.81
EliorDahan: folds
DolevDolev: calls $18.81
*** TURN *** [9c 5c 4h] [Qh]
DolevDolev: checks
barkuda86: checks
*** RIVER *** [9c 5c 4h Qh] [9h]
DolevDolev: bets $47.31
barkuda86: folds
Uncalled bet ($47.31) returned to DolevDolev
*** SHOWDOWN ***
DolevDolev collected $94.62 from pot
*** SUMMARY ***
Total pot $94.62
Board [9c 5c 4h Qh 9h]
Seat 3: barkuda86 folded on the River
Seat 1: NagastiBagamba(small blind) folded before Flop
Seat 2: DolevDolev(big blind)won ($94.62) with Pair of Nines and Pair of Eights
Seat 5: EliorDahan folded on the Flop
Seat 6: BigCosmo folded before Flop (didn't bet)
Seat 4: Hero folded before Flop (didn't bet)



Poker Hand #ring_1005410485: NLH No Limit ($3/$6) - 2025/07/21 23:25:21
Table 'Poker' 9-max Seat #5 is the button
Seat 3: barkuda86 ($287.69 in chips)
Seat 1: NagastiBagamba ($1,106.69 in chips)
Seat 2: DolevDolev ($790.03 in chips)
Seat 5: EliorDahan ($1,134.92 in chips)
Seat 6: BigCosmo ($320.31 in chips)
Seat 4: Hero ($1,064.36 in chips)
BigCosmo: posts small blind $3
NagastiBagamba: posts big blind $6
*** HOLE CARDS ***
Dealt to barkuda86 
Dealt to NagastiBagamba 
Dealt to DolevDolev 
Dealt to EliorDahan 
Dealt to BigCosmo 
Dealt to Hero [2s Qc]
DolevDolev: folds
barkuda86: calls $6
Hero: folds
EliorDahan: calls $6
BigCosmo: folds
NagastiBagamba: checks
*** FLOP *** [Tc Ac Kh]
NagastiBagamba: checks
barkuda86: bets $15.75
EliorDahan: calls $15.75
NagastiBagamba: folds
*** TURN *** [Tc Ac Kh] [9s]
barkuda86: bets $39.37
EliorDahan: calls $39.37
*** RIVER *** [Tc Ac Kh 9s] [3h]
barkuda86: bets $98.43
EliorDahan: folds
Uncalled bet ($98.43) returned to barkuda86
*** SHOWDOWN ***
barkuda86 collected $131.24 from pot
*** SUMMARY ***
Total pot $131.24
Board [Tc Ac Kh 9s 3h]
Seat 3: barkuda86won ($131.24) with Pair of Kings
Seat 1: NagastiBagamba(big blind) folded on the Flop
Seat 2: DolevDolev folded before Flop (didn't bet)
Seat 5: EliorDahan folded on the River
Seat 6: BigCosmo(small blind) folded before Flop
Seat 4: Hero folded before Flop (didn't bet)



Poker Hand #ring_1005408838: NLH No Limit ($3/$6) - 2025/07/21 23:24:33
Table 'Poker' 9-max Seat #4 is the button
Seat 3: barkuda86 ($287.69 in chips)
Seat 1: NagastiBagamba ($1,106.69 in chips)
Seat 2: DolevDolev ($824.53 in chips)
Seat 5: EliorDahan ($1,094.42 in chips)
Seat 6: BigCosmo ($326.31 in chips)
Seat 4: Hero ($1,064.36 in chips)
EliorDahan: posts small blind $3
BigCosmo: posts big blind $6
*** HOLE CARDS ***
Dealt to barkuda86 
Dealt to NagastiBagamba 
Dealt to DolevDolev 
Dealt to EliorDahan 
Dealt to BigCosmo 
Dealt to Hero [2c 6h]
NagastiBagamba: folds
DolevDolev: raises $6 to $12
barkuda86: folds
Hero: folds
EliorDahan: raises $22.5 to $34.5
BigCosmo: folds
DolevDolev: calls $22.5
*** FLOP *** [6d 4d 7h]
EliorDahan: bets $75
DolevDolev: folds
Uncalled bet ($75) returned to EliorDahan
*** SHOWDOWN ***
EliorDahan collected $75 from pot
*** SUMMARY ***
Total pot $75
Board [6d 4d 7h]
Seat 3: barkuda86 folded before Flop (didn't bet)
Seat 1: NagastiBagamba folded before Flop (didn't bet)
Seat 2: DolevDolev folded on the Flop
Seat 5: EliorDahan(small blind)won ($75) with Pair of Fives
Seat 6: BigCosmo(big blind) folded before Flop
Seat 4: Hero folded before Flop (didn't bet)



Poker Hand #ring_1005406027: NLH No Limit ($3/$6) - 2025/07/21 23:23:13
Table 'Poker' 9-max Seat #3 is the button
Seat 3: barkuda86 ($287.69 in chips)
Seat 1: NagastiBagamba ($1,124.69 in chips)
Seat 2: DolevDolev ($824.53 in chips)
Seat 5: EliorDahan ($1,100.42 in chips)
Seat 6: BigCosmo ($512.31 in chips)
Seat 4: Hero ($854.36 in chips)
Hero: posts small blind $3
EliorDahan: posts big blind $6
*** HOLE CARDS ***
Dealt to barkuda86 
Dealt to NagastiBagamba 
Dealt to DolevDolev 
Dealt to EliorDahan 
Dealt to BigCosmo 
Dealt to Hero [8c 9c]
BigCosmo: calls $6
NagastiBagamba: calls $6
DolevDolev: folds
barkuda86: folds
Hero: raises $12 to $18
EliorDahan: folds
BigCosmo: calls $12
NagastiBagamba: calls $12
*** FLOP *** [Js Ad Ts]
Hero: bets $30
BigCosmo: calls $30
NagastiBagamba: folds
*** TURN *** [Js Ad Ts] [Qd]
Hero: bets $138
BigCosmo: calls $138
*** RIVER *** [Js Ad Ts Qd] [7s]
Hero: checks
BigCosmo: checks
Hero: shows [8c 9c]
BigCosmo: shows [Jh Ac]
*** SHOWDOWN ***
Hero collected $396 from pot
*** SUMMARY ***
Total pot $396
Board [Js Ad Ts Qd 7s]
Seat 3: barkuda86 folded before Flop (didn't bet)
Seat 1: NagastiBagamba folded on the Flop
Seat 2: DolevDolev folded before Flop (didn't bet)
Seat 5: EliorDahan(big blind) folded before Flop
Seat 6: BigCosmo showed [Jh Ac] and lost with Pair of Aces and Pair of Jacks
Seat 4: Hero(small blind) showed [8c 9c] and won ($396) with Queens-High Straight



Poker Hand #ring_1005404977: NLH No Limit ($3/$6) - 2025/07/21 23:22:42
Table 'Poker' 9-max Seat #2 is the button
Seat 3: barkuda86 ($293.69 in chips)
Seat 1: NagastiBagamba ($1,124.69 in chips)
Seat 2: DolevDolev ($824.53 in chips)
Seat 5: EliorDahan ($1,100.42 in chips)
Seat 6: BigCosmo ($518.31 in chips)
Seat 4: Hero ($842.36 in chips)
barkuda86: posts small blind $3
Hero: posts big blind $6
*** HOLE CARDS ***
Dealt to barkuda86 
Dealt to NagastiBagamba 
Dealt to DolevDolev 
Dealt to EliorDahan 
Dealt to BigCosmo 
Dealt to Hero [Ks Kh]
EliorDahan: folds
BigCosmo: calls $6
NagastiBagamba: folds
DolevDolev: folds
barkuda86: calls $3
Hero: raises $18 to $24
BigCosmo: folds
barkuda86: folds
Uncalled bet ($18) returned to Hero
*** SHOWDOWN ***
Hero collected $18 from pot
*** SUMMARY ***
Total pot $18
Seat 3: barkuda86(small blind) folded before Flop
Seat 1: NagastiBagamba folded before Flop (didn't bet)
Seat 2: DolevDolev folded before Flop (didn't bet)
Seat 5: EliorDahan folded before Flop (didn't bet)
Seat 6: BigCosmo folded before Flop
Seat 4: Hero(big blind)won ($18)



Poker Hand #ring_1005404277: NLH No Limit ($3/$6) - 2025/07/21 23:22:22
Table 'Poker' 9-max Seat #1 is the button
Seat 3: barkuda86 ($299.69 in chips)
Seat 1: NagastiBagamba ($1,124.69 in chips)
Seat 2: DolevDolev ($827.53 in chips)
Seat 5: EliorDahan ($1,091.42 in chips)
Seat 6: BigCosmo ($518.31 in chips)
Seat 4: Hero ($842.36 in chips)
DolevDolev: posts small blind $3
barkuda86: posts big blind $6
*** HOLE CARDS ***
Dealt to barkuda86 
Dealt to NagastiBagamba 
Dealt to DolevDolev 
Dealt to EliorDahan 
Dealt to BigCosmo 
Dealt to Hero [5c Th]
Hero: folds
EliorDahan: raises $12 to $18
BigCosmo: folds
NagastiBagamba: folds
DolevDolev: folds
barkuda86: folds
Uncalled bet ($12) returned to EliorDahan
*** SHOWDOWN ***
EliorDahan collected $15 from pot
*** SUMMARY ***
Total pot $15
Seat 3: barkuda86(big blind) folded before Flop
Seat 1: NagastiBagamba folded before Flop (didn't bet)
Seat 2: DolevDolev(small blind) folded before Flop
Seat 5: EliorDahan won ($15)
Seat 6: BigCosmo folded before Flop (didn't bet)
Seat 4: Hero folded before Flop (didn't bet)



Poker Hand #ring_1005401948: NLH No Limit ($3/$6) - 2025/07/21 23:21:13
Table 'Poker' 9-max Seat #6 is the button
Seat 3: barkuda86 ($299.69 in chips)
Seat 1: NagastiBagamba ($1,127.69 in chips)
Seat 2: DolevDolev ($833.53 in chips)
Seat 5: EliorDahan ($1,227.54 in chips)
Seat 6: BigCosmo ($373.19 in chips)
Seat 4: Hero ($842.36 in chips)
NagastiBagamba: posts small blind $3
DolevDolev: posts big blind $6
*** HOLE CARDS ***
Dealt to barkuda86 
Dealt to NagastiBagamba 
Dealt to DolevDolev 
Dealt to EliorDahan 
Dealt to BigCosmo 
Dealt to Hero [6h Kh]
barkuda86: folds
Hero: folds
EliorDahan: raises $12 to $18
BigCosmo: calls $18
NagastiBagamba: folds
DolevDolev: folds
*** FLOP *** [2c 8s Jh]
EliorDahan: bets $33.75
BigCosmo: calls $33.75
*** TURN *** [2c 8s Jh] [Th]
EliorDahan: bets $84.37
BigCosmo: calls $84.37
*** RIVER *** [2c 8s Jh Th] [3h]
EliorDahan: checks
BigCosmo: checks
EliorDahan: shows [7s 6d]
BigCosmo: shows [Kd Qh]
*** SHOWDOWN ***
BigCosmo collected $281.24 from pot
*** SUMMARY ***
Total pot $281.24
Board [2c 8s Jh Th 3h]
Seat 3: barkuda86 folded before Flop (didn't bet)
Seat 1: NagastiBagamba(small blind) folded before Flop
Seat 2: DolevDolev(big blind) folded before Flop
Seat 5: EliorDahan showed [7s 6d] and lost with Jack-High
Seat 6: BigCosmo showed [Kd Qh] and won ($281.24) with King-High
Seat 4: Hero folded before Flop (didn't bet)



Poker Hand #ring_1005400760: NLH No Limit ($3/$6) - 2025/07/21 23:20:39
Table 'Poker' 9-max Seat #5 is the button
Seat 3: barkuda86 ($290.69 in chips)
Seat 1: NagastiBagamba ($1,133.69 in chips)
Seat 2: DolevDolev ($833.53 in chips)
Seat 5: EliorDahan ($1,227.54 in chips)
Seat 6: BigCosmo ($376.19 in chips)
Seat 4: Hero ($842.36 in chips)
BigCosmo: posts small blind $3
NagastiBagamba: posts big blind $6
*** HOLE CARDS ***
Dealt to barkuda86 
Dealt to NagastiBagamba 
Dealt to DolevDolev 
Dealt to EliorDahan 
Dealt to BigCosmo 
Dealt to Hero [9s Jc]
DolevDolev: folds
barkuda86: calls $6
Hero: folds
EliorDahan: folds
BigCosmo: folds
NagastiBagamba: checks
*** FLOP *** [4d Ad 3s]
NagastiBagamba: checks
barkuda86: checks
*** TURN *** [4d Ad 3s] [5d]
NagastiBagamba: checks
barkuda86: checks
*** RIVER *** [4d Ad 3s 5d] [3d]
NagastiBagamba: checks
barkuda86: checks
NagastiBagamba: shows [Qc 4c]
barkuda86: shows [7d 8c]
*** SHOWDOWN ***
barkuda86 collected $15 from pot
*** SUMMARY ***
Total pot $15
Board [4d Ad 3s 5d 3d]
Seat 3: barkuda86 showed [7d 8c] and won ($15) with Ace High Flush
Seat 1: NagastiBagamba(big blind) showed [Qc 4c] and lost with Pair of Fours and Pair of Treys
Seat 2: DolevDolev folded before Flop (didn't bet)
Seat 5: EliorDahan folded before Flop (didn't bet)
Seat 6: BigCosmo(small blind) folded before Flop
Seat 4: Hero folded before Flop (didn't bet)



Poker Hand #ring_1005399177: NLH No Limit ($3/$6) - 2025/07/21 23:19:53
Table 'Poker' 9-max Seat #4 is the button
Seat 3: barkuda86 ($290.69 in chips)
Seat 1: NagastiBagamba ($1,133.69 in chips)
Seat 2: DolevDolev ($839.53 in chips)
Seat 5: EliorDahan ($1,230.54 in chips)
Seat 6: BigCosmo ($394.19 in chips)
Seat 4: Hero ($815.36 in chips)
EliorDahan: posts small blind $3
BigCosmo: posts big blind $6
*** HOLE CARDS ***
Dealt to barkuda86 
Dealt to NagastiBagamba 
Dealt to DolevDolev 
Dealt to EliorDahan 
Dealt to BigCosmo 
Dealt to Hero [Ad 2d]
NagastiBagamba: folds
DolevDolev: calls $6
barkuda86: folds
Hero: raises $12 to $18
EliorDahan: folds
BigCosmo: calls $12
DolevDolev: folds
*** FLOP *** [3s 2h 7c]
BigCosmo: checks
Hero: bets $22.5
BigCosmo: folds
Uncalled bet ($22.5) returned to Hero
*** SHOWDOWN ***
Hero collected $45 from pot
*** SUMMARY ***
Total pot $45
Board [3s 2h 7c]
Seat 3: barkuda86 folded before Flop (didn't bet)
Seat 1: NagastiBagamba folded before Flop (didn't bet)
Seat 2: DolevDolev folded before Flop
Seat 5: EliorDahan(small blind) folded before Flop
Seat 6: BigCosmo(big blind) folded on the Flop
Seat 4: Hero won ($45) with Pair of Twos



Poker Hand #ring_1005395352: NLH No Limit ($3/$6) - 2025/07/21 23:18:01
Table 'Poker' 9-max Seat #3 is the button
Seat 3: barkuda86 ($431.09 in chips)
Seat 1: NagastiBagamba ($1,133.69 in chips)
Seat 2: DolevDolev ($681.13 in chips)
Seat 5: EliorDahan ($1,236.54 in chips)
Seat 6: BigCosmo ($400.19 in chips)
Seat 4: Hero ($821.36 in chips)
Hero: posts small blind $3
EliorDahan: posts big blind $6
*** HOLE CARDS ***
Dealt to barkuda86 
Dealt to NagastiBagamba 
Dealt to DolevDolev 
Dealt to EliorDahan 
Dealt to BigCosmo 
Dealt to Hero [7s 2c]
BigCosmo: calls $6
NagastiBagamba: folds
DolevDolev: calls $6
barkuda86: calls $6
Hero: calls $3
EliorDahan: checks
*** FLOP *** [Tc 3h 4c]
Hero: checks
EliorDahan: checks
BigCosmo: checks
DolevDolev: bets $30
barkuda86: calls $30
Hero: folds
EliorDahan: folds
BigCosmo: folds
*** TURN *** [Tc 3h 4c] [Js]
DolevDolev: bets $45
barkuda86: calls $45
*** RIVER *** [Tc 3h 4c Js] [9h]
DolevDolev: checks
barkuda86: bets $59.4
DolevDolev: calls $59.4
DolevDolev: shows [Qs Th]
barkuda86: shows [5c 6s]
*** SHOWDOWN ***
DolevDolev collected $298.8 from pot
*** SUMMARY ***
Total pot $298.8
Board [Tc 3h 4c Js 9h]
Seat 3: barkuda86 showed [5c 6s] and lost with Jack-High
Seat 1: NagastiBagamba folded before Flop (didn't bet)
Seat 2: DolevDolev showed [Qs Th] and won ($298.8) with Pair of Tens
Seat 5: EliorDahan(big blind) folded on the Flop
Seat 6: BigCosmo folded on the Flop
Seat 4: Hero(small blind) folded on the Flop



Poker Hand #ring_1005393554: NLH No Limit ($3/$6) - 2025/07/21 23:17:07
Table 'Poker' 9-max Seat #2 is the button
Seat 3: barkuda86 ($437.09 in chips)
Seat 1: NagastiBagamba ($1,133.69 in chips)
Seat 2: DolevDolev ($681.13 in chips)
Seat 5: EliorDahan ($1,263.6 in chips)
Seat 6: BigCosmo ($361.13 in chips)
Seat 4: Hero ($827.36 in chips)
barkuda86: posts small blind $3
Hero: posts big blind $6
*** HOLE CARDS ***
Dealt to barkuda86 
Dealt to NagastiBagamba 
Dealt to DolevDolev 
Dealt to EliorDahan 
Dealt to BigCosmo 
Dealt to Hero [3d 6c]
EliorDahan: calls $6
BigCosmo: calls $6
NagastiBagamba: folds
DolevDolev: folds
barkuda86: calls $3
Hero: checks
*** FLOP *** [Ah 7h Jh]
barkuda86: checks
Hero: checks
EliorDahan: bets $7.92
BigCosmo: calls $7.92
barkuda86: folds
Hero: folds
*** TURN *** [Ah 7h Jh] [7s]
EliorDahan: bets $13.14
BigCosmo: raises $21.81 to $34.95
EliorDahan: folds
Uncalled bet ($21.81) returned to BigCosmo
*** SHOWDOWN ***
BigCosmo collected $66.12 from pot
*** SUMMARY ***
Total pot $66.12
Board [Ah 7h Jh 7s]
Seat 3: barkuda86(small blind) folded on the Flop
Seat 1: NagastiBagamba folded before Flop (didn't bet)
Seat 2: DolevDolev folded before Flop (didn't bet)
Seat 5: EliorDahan folded on the Turn
Seat 6: BigCosmowon ($66.12) with Ace High Flush
Seat 4: Hero(big blind) folded on the Flop



Poker Hand #ring_1005392801: NLH No Limit ($3/$6) - 2025/07/21 23:16:45
Table 'Poker' 9-max Seat #1 is the button
Seat 3: barkuda86 ($434.09 in chips)
Seat 1: NagastiBagamba ($1,133.69 in chips)
Seat 2: DolevDolev ($684.13 in chips)
Seat 5: EliorDahan ($1,263.6 in chips)
Seat 6: BigCosmo ($361.13 in chips)
Seat 4: Hero ($827.36 in chips)
DolevDolev: posts small blind $3
barkuda86: posts big blind $6
*** HOLE CARDS ***
Dealt to barkuda86 
Dealt to NagastiBagamba 
Dealt to DolevDolev 
Dealt to EliorDahan 
Dealt to BigCosmo 
Dealt to Hero [9d 5c]
Hero: folds
EliorDahan: folds
BigCosmo: folds
NagastiBagamba: folds
DolevDolev: folds
*** SHOWDOWN ***
barkuda86 collected $9 from pot
*** SUMMARY ***
Total pot $9
Seat 3: barkuda86(big blind)won ($9)
Seat 1: NagastiBagamba folded before Flop (didn't bet)
Seat 2: DolevDolev(small blind) folded before Flop
Seat 5: EliorDahan folded before Flop (didn't bet)
Seat 6: BigCosmo folded before Flop (didn't bet)
Seat 4: Hero folded before Flop (didn't bet)



Poker Hand #ring_1005391905: NLH No Limit ($3/$6) - 2025/07/21 23:16:19
Table 'Poker' 9-max Seat #6 is the button
Seat 3: barkuda86 ($434.09 in chips)
Seat 1: NagastiBagamba ($1,121.69 in chips)
Seat 2: DolevDolev ($690.13 in chips)
Seat 5: EliorDahan ($1,263.6 in chips)
Seat 6: BigCosmo ($367.13 in chips)
Seat 4: Hero ($827.36 in chips)
NagastiBagamba: posts small blind $3
DolevDolev: posts big blind $6
*** HOLE CARDS ***
Dealt to barkuda86 
Dealt to NagastiBagamba 
Dealt to DolevDolev 
Dealt to EliorDahan 
Dealt to BigCosmo 
Dealt to Hero [As 5c]
barkuda86: folds
Hero: folds
EliorDahan: folds
BigCosmo: calls $6
NagastiBagamba: raises $18 to $24
DolevDolev: folds
BigCosmo: folds
Uncalled bet ($18) returned to NagastiBagamba
*** SHOWDOWN ***
NagastiBagamba collected $18 from pot
*** SUMMARY ***
Total pot $18
Seat 3: barkuda86 folded before Flop (didn't bet)
Seat 1: NagastiBagamba(small blind)won ($18)
Seat 2: DolevDolev(big blind) folded before Flop
Seat 5: EliorDahan folded before Flop (didn't bet)
Seat 6: BigCosmo folded before Flop
Seat 4: Hero folded before Flop (didn't bet)



Poker Hand #ring_1005390575: NLH No Limit ($3/$6) - 2025/07/21 23:15:39
Table 'Poker' 9-max Seat #5 is the button
Seat 3: barkuda86 ($434.09 in chips)
Seat 1: NagastiBagamba ($1,127.69 in chips)
Seat 2: DolevDolev ($678.13 in chips)
Seat 5: EliorDahan ($1,263.6 in chips)
Seat 6: BigCosmo ($373.13 in chips)
Seat 4: Hero ($827.36 in chips)
BigCosmo: posts small blind $3
NagastiBagamba: posts big blind $6
*** HOLE CARDS ***
Dealt to barkuda86 
Dealt to NagastiBagamba 
Dealt to DolevDolev 
Dealt to EliorDahan 
Dealt to BigCosmo 
Dealt to Hero [Js 7c]
DolevDolev: calls $6
barkuda86: folds
Hero: folds
EliorDahan: folds
BigCosmo: calls $3
NagastiBagamba: checks
*** FLOP *** [Th 9c 2d]
BigCosmo: checks
NagastiBagamba: checks
DolevDolev: checks
*** TURN *** [Th 9c 2d] [As]
BigCosmo: checks
NagastiBagamba: checks
DolevDolev: bets $18
BigCosmo: folds
NagastiBagamba: folds
Uncalled bet ($18) returned to DolevDolev
*** SHOWDOWN ***
DolevDolev collected $18 from pot
*** SUMMARY ***
Total pot $18
Board [Th 9c 2d As]
Seat 3: barkuda86 folded before Flop (didn't bet)
Seat 1: NagastiBagamba(big blind) folded on the Turn
Seat 2: DolevDolevwon ($18) with Pair of Aces
Seat 5: EliorDahan folded before Flop (didn't bet)
Seat 6: BigCosmo(small blind) folded on the Turn
Seat 4: Hero folded before Flop (didn't bet)



Poker Hand #ring_1005389046: NLH No Limit ($3/$6) - 2025/07/21 23:14:55
Table 'Poker' 9-max Seat #4 is the button
Seat 3: barkuda86 ($434.09 in chips)
Seat 1: NagastiBagamba ($1,094.81 in chips)
Seat 2: DolevDolev ($678.13 in chips)
Seat 5: EliorDahan ($1,290.48 in chips)
Seat 6: BigCosmo ($379.13 in chips)
Seat 4: Hero ($827.36 in chips)
EliorDahan: posts small blind $3
BigCosmo: posts big blind $6
*** HOLE CARDS ***
Dealt to barkuda86 
Dealt to NagastiBagamba 
Dealt to DolevDolev 
Dealt to EliorDahan 
Dealt to BigCosmo 
Dealt to Hero [5c 8s]
NagastiBagamba: calls $6
DolevDolev: folds
barkuda86: folds
Hero: folds
EliorDahan: calls $3
BigCosmo: checks
*** FLOP *** [9s 2s Kh]
EliorDahan: checks
BigCosmo: checks
NagastiBagamba: checks
*** TURN *** [9s 2s Kh] [6s]
EliorDahan: bets $9
BigCosmo: folds
NagastiBagamba: calls $9
*** RIVER *** [9s 2s Kh 6s] [4d]
EliorDahan: bets $11.88
NagastiBagamba: calls $11.88
NagastiBagamba: shows [9c 5s]
EliorDahan: shows [Td 7s]
*** SHOWDOWN ***
NagastiBagamba collected $59.76 from pot
*** SUMMARY ***
Total pot $59.76
Board [9s 2s Kh 6s 4d]
Seat 3: barkuda86 folded before Flop (didn't bet)
Seat 1: NagastiBagamba showed [9c 5s] and won ($59.76) with Pair of Nines
Seat 2: DolevDolev folded before Flop (didn't bet)
Seat 5: EliorDahan(small blind) showed [Td 7s] and lost with King-High
Seat 6: BigCosmo(big blind) folded on the Turn
Seat 4: Hero folded before Flop (didn't bet)



Poker Hand #ring_1005387481: NLH No Limit ($3/$6) - 2025/07/21 23:14:08
Table 'Poker' 9-max Seat #3 is the button
Seat 3: barkuda86 ($434.09 in chips)
Seat 1: NagastiBagamba ($1,100.81 in chips)
Seat 2: DolevDolev ($684.13 in chips)
Seat 5: EliorDahan ($1,296.48 in chips)
Seat 6: BigCosmo ($385.13 in chips)
Seat 4: Hero ($803.36 in chips)
Hero: posts small blind $3
EliorDahan: posts big blind $6
*** HOLE CARDS ***
Dealt to barkuda86 
Dealt to NagastiBagamba 
Dealt to DolevDolev 
Dealt to EliorDahan 
Dealt to BigCosmo 
Dealt to Hero [8d As]
BigCosmo: calls $6
NagastiBagamba: calls $6
DolevDolev: calls $6
barkuda86: folds
Hero: calls $3
EliorDahan: checks
*** FLOP *** [3h Js 8s]
Hero: checks
EliorDahan: checks
BigCosmo: checks
NagastiBagamba: checks
DolevDolev: checks
*** TURN *** [3h Js 8s] [4d]
Hero: bets $15
EliorDahan: folds
BigCosmo: folds
NagastiBagamba: folds
DolevDolev: folds
Uncalled bet ($15) returned to Hero
*** SHOWDOWN ***
Hero collected $30 from pot
*** SUMMARY ***
Total pot $30
Board [3h Js 8s 4d]
Seat 3: barkuda86 folded before Flop (didn't bet)
Seat 1: NagastiBagamba folded on the Turn
Seat 2: DolevDolev folded on the Turn
Seat 5: EliorDahan(big blind) folded on the Turn
Seat 6: BigCosmo folded on the Turn
Seat 4: Hero(small blind)won ($30) with Pair of Eights



Poker Hand #ring_1005386446: NLH No Limit ($3/$6) - 2025/07/21 23:13:36
Table 'Poker' 9-max Seat #2 is the button
Seat 3: barkuda86 ($446.09 in chips)
Seat 1: NagastiBagamba ($1,100.81 in chips)
Seat 2: DolevDolev ($684.13 in chips)
Seat 5: EliorDahan ($1,308.48 in chips)
Seat 6: BigCosmo ($397.13 in chips)
Seat 4: Hero ($767.36 in chips)
barkuda86: posts small blind $3
Hero: posts big blind $6
*** HOLE CARDS ***
Dealt to barkuda86 
Dealt to NagastiBagamba 
Dealt to DolevDolev 
Dealt to EliorDahan 
Dealt to BigCosmo 
Dealt to Hero [Js 3c]
EliorDahan: raises $6 to $12
BigCosmo: calls $12
NagastiBagamba: folds
DolevDolev: folds
barkuda86: calls $9
Hero: calls $6
*** FLOP *** [Qs 8h 5d]
barkuda86: checks
Hero: bets $24
EliorDahan: folds
BigCosmo: folds
barkuda86: folds
Uncalled bet ($24) returned to Hero
*** SHOWDOWN ***
Hero collected $48 from pot
*** SUMMARY ***
Total pot $48
Board [Qs 8h 5d]
Seat 3: barkuda86(small blind) folded on the Flop
Seat 1: NagastiBagamba folded before Flop (didn't bet)
Seat 2: DolevDolev folded before Flop (didn't bet)
Seat 5: EliorDahan folded on the Flop
Seat 6: BigCosmo folded on the Flop
Seat 4: Hero(big blind)won ($48) with Queen-High



Poker Hand #ring_1005385491: NLH No Limit ($3/$6) - 2025/07/21 23:13:08
Table 'Poker' 9-max Seat #1 is the button
Seat 3: barkuda86 ($452.09 in chips)
Seat 1: NagastiBagamba ($1,100.81 in chips)
Seat 2: DolevDolev ($687.13 in chips)
Seat 5: EliorDahan ($1,308.48 in chips)
Seat 6: BigCosmo ($388.13 in chips)
Seat 4: Hero ($767.36 in chips)
DolevDolev: posts small blind $3
barkuda86: posts big blind $6
*** HOLE CARDS ***
Dealt to barkuda86 
Dealt to NagastiBagamba 
Dealt to DolevDolev 
Dealt to EliorDahan 
Dealt to BigCosmo 
Dealt to Hero [Qc 5c]
Hero: folds
EliorDahan: folds
BigCosmo: calls $6
NagastiBagamba: folds
DolevDolev: folds
barkuda86: checks
*** FLOP *** [Qs 3d 4h]
barkuda86: checks
BigCosmo: bets $7.5
barkuda86: folds
Uncalled bet ($7.5) returned to BigCosmo
*** SHOWDOWN ***
BigCosmo collected $15 from pot
*** SUMMARY ***
Total pot $15
Board [Qs 3d 4h]
Seat 3: barkuda86(big blind) folded on the Flop
Seat 1: NagastiBagamba folded before Flop (didn't bet)
Seat 2: DolevDolev(small blind) folded before Flop
Seat 5: EliorDahan folded before Flop (didn't bet)
Seat 6: BigCosmowon ($15) with Queen-High
Seat 4: Hero folded before Flop (didn't bet)



Poker Hand #ring_1005384626: NLH No Limit ($3/$6) - 2025/07/21 23:12:42
Table 'Poker' 9-max Seat #6 is the button
Seat 3: barkuda86 ($458.09 in chips)
Seat 1: NagastiBagamba ($1,103.81 in chips)
Seat 2: DolevDolev ($693.13 in chips)
Seat 5: EliorDahan ($1,308.48 in chips)
Seat 6: BigCosmo ($373.13 in chips)
Seat 4: Hero ($767.36 in chips)
NagastiBagamba: posts small blind $3
DolevDolev: posts big blind $6
*** HOLE CARDS ***
Dealt to barkuda86 
Dealt to NagastiBagamba 
Dealt to DolevDolev 
Dealt to EliorDahan 
Dealt to BigCosmo 
Dealt to Hero [Jd 3d]
barkuda86: calls $6
Hero: folds
EliorDahan: folds
BigCosmo: raises $18 to $24
NagastiBagamba: folds
DolevDolev: folds
barkuda86: folds
Uncalled bet ($18) returned to BigCosmo
*** SHOWDOWN ***
BigCosmo collected $21 from pot
*** SUMMARY ***
Total pot $21
Seat 3: barkuda86 folded before Flop
Seat 1: NagastiBagamba(small blind) folded before Flop
Seat 2: DolevDolev(big blind) folded before Flop
Seat 5: EliorDahan folded before Flop (didn't bet)
Seat 6: BigCosmowon ($21)
Seat 4: Hero folded before Flop (didn't bet)



Poker Hand #ring_1005382647: NLH No Limit ($3/$6) - 2025/07/21 23:11:43
Table 'Poker' 9-max Seat #5 is the button
Seat 3: barkuda86 ($506.84 in chips)
Seat 1: NagastiBagamba ($1,028.06 in chips)
Seat 2: DolevDolev ($693.13 in chips)
Seat 5: EliorDahan ($1,332.48 in chips)
Seat 6: BigCosmo ($376.13 in chips)
Seat 4: Hero ($767.36 in chips)
BigCosmo: posts small blind $3
NagastiBagamba: posts big blind $6
*** HOLE CARDS ***
Dealt to barkuda86 
Dealt to NagastiBagamba 
Dealt to DolevDolev 
Dealt to EliorDahan 
Dealt to BigCosmo 
Dealt to Hero [9c 2c]
DolevDolev: folds
barkuda86: raises $18 to $24
Hero: folds
EliorDahan: calls $24
BigCosmo: folds
NagastiBagamba: calls $18
*** FLOP *** [3h Ad 9d]
NagastiBagamba: checks
barkuda86: bets $24.75
EliorDahan: folds
NagastiBagamba: calls $24.75
*** TURN *** [3h Ad 9d] [8d]
NagastiBagamba: checks
barkuda86: checks
*** RIVER *** [3h Ad 9d 8d] [5c]
NagastiBagamba: checks
barkuda86: checks
NagastiBagamba: shows [Ac 6h]
barkuda86: shows [Qs Qd]
*** SHOWDOWN ***
NagastiBagamba collected $124.5 from pot
*** SUMMARY ***
Total pot $124.5
Board [3h Ad 9d 8d 5c]
Seat 3: barkuda86 showed [Qs Qd] and lost with Pair of Queens
Seat 1: NagastiBagamba(big blind) showed [Ac 6h] and won ($124.5) with Pair of Aces
Seat 2: DolevDolev folded before Flop (didn't bet)
Seat 5: EliorDahan folded on the Flop
Seat 6: BigCosmo(small blind) folded before Flop
Seat 4: Hero folded before Flop (didn't bet)



Poker Hand #ring_1005381353: NLH No Limit ($3/$6) - 2025/07/21 23:11:04
Table 'Poker' 9-max Seat #4 is the button
Seat 3: barkuda86 ($518.84 in chips)
Seat 1: NagastiBagamba ($1,028.06 in chips)
Seat 2: DolevDolev ($693.13 in chips)
Seat 5: EliorDahan ($1,308.48 in chips)
Seat 6: BigCosmo ($388.13 in chips)
Seat 4: Hero ($767.36 in chips)
EliorDahan: posts small blind $3
BigCosmo: posts big blind $6
*** HOLE CARDS ***
Dealt to barkuda86 
Dealt to NagastiBagamba 
Dealt to DolevDolev 
Dealt to EliorDahan 
Dealt to BigCosmo 
Dealt to Hero [Kc 8d]
NagastiBagamba: folds
DolevDolev: folds
barkuda86: calls $6
Hero: folds
EliorDahan: raises $6 to $12
BigCosmo: calls $6
barkuda86: calls $6
*** FLOP *** [Th Ac 5h]
EliorDahan: bets $18
BigCosmo: folds
barkuda86: folds
Uncalled bet ($18) returned to EliorDahan
*** SHOWDOWN ***
EliorDahan collected $36 from pot
*** SUMMARY ***
Total pot $36
Board [Th Ac 5h]
Seat 3: barkuda86 folded on the Flop
Seat 1: NagastiBagamba folded before Flop (didn't bet)
Seat 2: DolevDolev folded before Flop (didn't bet)
Seat 5: EliorDahan(small blind)won ($36) with Pair of Fives
Seat 6: BigCosmo(big blind) folded on the Flop
Seat 4: Hero folded before Flop (didn't bet)



Poker Hand #ring_1005378900: NLH No Limit ($3/$6) - 2025/07/21 23:09:50
Table 'Poker' 9-max Seat #3 is the button
Seat 3: barkuda86 ($559.64 in chips)
Seat 1: NagastiBagamba ($1,034.06 in chips)
Seat 2: DolevDolev ($693.13 in chips)
Seat 5: EliorDahan ($1,249.68 in chips)
Seat 6: BigCosmo ($394.13 in chips)
Seat 4: Hero ($773.36 in chips)
Hero: posts small blind $3
EliorDahan: posts big blind $6
*** HOLE CARDS ***
Dealt to barkuda86 
Dealt to NagastiBagamba 
Dealt to DolevDolev 
Dealt to EliorDahan 
Dealt to BigCosmo 
Dealt to Hero [8h 5h]
BigCosmo: calls $6
NagastiBagamba: calls $6
DolevDolev: folds
barkuda86: calls $6
Hero: calls $3
EliorDahan: checks
*** FLOP *** [9s Qh Jd]
Hero: checks
EliorDahan: checks
BigCosmo: checks
NagastiBagamba: checks
barkuda86: checks
*** TURN *** [9s Qh Jd] [8c]
Hero: checks
EliorDahan: bets $15
BigCosmo: folds
NagastiBagamba: folds
barkuda86: calls $15
Hero: folds
*** RIVER *** [9s Qh Jd 8c] [6d]
EliorDahan: bets $19.8
barkuda86: calls $19.8
barkuda86: shows [9d 8d]
EliorDahan: shows [4c Ts]
*** SHOWDOWN ***
EliorDahan collected $99.6 from pot
*** SUMMARY ***
Total pot $99.6
Board [9s Qh Jd 8c 6d]
Seat 3: barkuda86 showed [9d 8d] and lost with Pair of Nines and Pair of Eights
Seat 1: NagastiBagamba folded on the Turn
Seat 2: DolevDolev folded before Flop (didn't bet)
Seat 5: EliorDahan(big blind) showed [4c Ts] and won ($99.6) with Queens-High Straight
Seat 6: BigCosmo folded on the Turn
Seat 4: Hero(small blind) folded on the Turn



Poker Hand #ring_1005377678: NLH No Limit ($3/$6) - 2025/07/21 23:09:13
Table 'Poker' 9-max Seat #2 is the button
Seat 3: barkuda86 ($580.64 in chips)
Seat 1: NagastiBagamba ($1,040.06 in chips)
Seat 2: DolevDolev ($699.13 in chips)
Seat 5: EliorDahan ($1,249.68 in chips)
Seat 6: BigCosmo ($400.13 in chips)
Seat 4: Hero ($734.36 in chips)
barkuda86: posts small blind $3
Hero: posts big blind $6
*** HOLE CARDS ***
Dealt to barkuda86 
Dealt to NagastiBagamba 
Dealt to DolevDolev 
Dealt to EliorDahan 
Dealt to BigCosmo 
Dealt to Hero [6h 4c]
EliorDahan: folds
BigCosmo: calls $6
NagastiBagamba: calls $6
DolevDolev: calls $6
barkuda86: calls $3
Hero: checks
*** FLOP *** [4h 6c Kc]
barkuda86: bets $15
Hero: raises $48 to $63
BigCosmo: folds
NagastiBagamba: folds
DolevDolev: folds
barkuda86: folds
Uncalled bet ($48) returned to Hero
*** SHOWDOWN ***
Hero collected $60 from pot
*** SUMMARY ***
Total pot $60
Board [4h 6c Kc]
Seat 3: barkuda86(small blind) folded on the Flop
Seat 1: NagastiBagamba folded on the Flop
Seat 2: DolevDolev folded on the Flop
Seat 5: EliorDahan folded before Flop (didn't bet)
Seat 6: BigCosmo folded on the Flop
Seat 4: Hero(big blind)won ($60) with Pair of Sixes and Pair of Fours



Poker Hand #ring_1005376093: NLH No Limit ($3/$6) - 2025/07/21 23:08:27
Table 'Poker' 9-max Seat #1 is the button
Seat 3: barkuda86 ($598.64 in chips)
Seat 1: NagastiBagamba ($1,058.06 in chips)
Seat 2: DolevDolev ($702.13 in chips)
Seat 5: EliorDahan ($1,210.68 in chips)
Seat 6: BigCosmo ($400.13 in chips)
Seat 4: Hero ($734.36 in chips)
DolevDolev: posts small blind $3
barkuda86: posts big blind $6
*** HOLE CARDS ***
Dealt to barkuda86 
Dealt to NagastiBagamba 
Dealt to DolevDolev 
Dealt to EliorDahan 
Dealt to BigCosmo 
Dealt to Hero [7d 5h]
Hero: folds
EliorDahan: raises $12 to $18
BigCosmo: folds
NagastiBagamba: calls $18
DolevDolev: folds
barkuda86: calls $12
*** FLOP *** [4c Ac Jc]
barkuda86: checks
EliorDahan: bets $28.5
NagastiBagamba: folds
barkuda86: folds
Uncalled bet ($28.5) returned to EliorDahan
*** SHOWDOWN ***
EliorDahan collected $57 from pot
*** SUMMARY ***
Total pot $57
Board [4c Ac Jc]
Seat 3: barkuda86(big blind) folded on the Flop
Seat 1: NagastiBagamba folded on the Flop
Seat 2: DolevDolev(small blind) folded before Flop
Seat 5: EliorDahan won ($57) with Pair of Tens
Seat 6: BigCosmo folded before Flop (didn't bet)
Seat 4: Hero folded before Flop (didn't bet)



Poker Hand #ring_1005373721: NLH No Limit ($3/$6) - 2025/07/21 23:07:15
Table 'Poker' 9-max Seat #6 is the button
Seat 3: barkuda86 ($604.64 in chips)
Seat 1: NagastiBagamba ($1,056.06 in chips)
Seat 2: DolevDolev ($700.13 in chips)
Seat 5: EliorDahan ($1,210.68 in chips)
Seat 6: BigCosmo ($400.13 in chips)
Seat 4: Hero ($732.36 in chips)
NagastiBagamba: posts small blind $3
DolevDolev: posts big blind $6
*** HOLE CARDS ***
Dealt to barkuda86 
Dealt to NagastiBagamba 
Dealt to DolevDolev 
Dealt to EliorDahan 
Dealt to BigCosmo 
Dealt to Hero [Ks 3s]
barkuda86: calls $6
Hero: calls $6
EliorDahan: folds
BigCosmo: folds
NagastiBagamba: calls $3
DolevDolev: checks
*** FLOP *** [Jc 3d Qh]
NagastiBagamba: checks
DolevDolev: checks
barkuda86: checks
Hero: checks
*** TURN *** [Jc 3d Qh] [Ts]
NagastiBagamba: checks
DolevDolev: checks
barkuda86: checks
Hero: checks
*** RIVER *** [Jc 3d Qh Ts] [As]
NagastiBagamba: bets $7.92
DolevDolev: raises $19.92 to $27.84
barkuda86: folds
Hero: raises $70.08 to $97.92
NagastiBagamba: calls $90
DolevDolev: calls $70.08
NagastiBagamba: shows [Kc 8c]
DolevDolev: shows [Kh 2h]
Hero: shows [Ks 3s]
*** SHOWDOWN ***
NagastiBagamba collected $105.92 from pot
DolevDolev collected $105.92 from pot
Hero collected $105.92 from pot
*** SUMMARY ***
Total pot $317.76
Board [Jc 3d Qh Ts As]
Seat 3: barkuda86 folded on the River
Seat 1: NagastiBagamba(small blind) showed [Kc 8c] and won ($105.92) with Aces-High Straight
Seat 2: DolevDolev(big blind) showed [Kh 2h] and won ($105.92) with Aces-High Straight
Seat 5: EliorDahan folded before Flop (didn't bet)
Seat 6: BigCosmo folded before Flop (didn't bet)
Seat 4: Hero showed [Ks 3s] and won ($105.92) with Aces-High Straight



Poker Hand #ring_1005371716: NLH No Limit ($3/$6) - 2025/07/21 23:06:15
Table 'Poker' 9-max Seat #5 is the button
Seat 3: barkuda86 ($589.64 in chips)
Seat 1: NagastiBagamba ($1,062.06 in chips)
Seat 2: DolevDolev ($706.13 in chips)
Seat 5: EliorDahan ($1,210.68 in chips)
Seat 6: BigCosmo ($403.13 in chips)
Seat 4: Hero ($732.36 in chips)
BigCosmo: posts small blind $3
NagastiBagamba: posts big blind $6
*** HOLE CARDS ***
Dealt to barkuda86 
Dealt to NagastiBagamba 
Dealt to DolevDolev 
Dealt to EliorDahan 
Dealt to BigCosmo 
Dealt to Hero [As 6c]
DolevDolev: calls $6
barkuda86: calls $6
Hero: folds
EliorDahan: folds
BigCosmo: folds
NagastiBagamba: checks
*** FLOP *** [Td Kd 2d]
NagastiBagamba: checks
DolevDolev: checks
barkuda86: checks
*** TURN *** [Td Kd 2d] [Js]
NagastiBagamba: checks
DolevDolev: checks
barkuda86: bets $10.5
NagastiBagamba: folds
DolevDolev: folds
Uncalled bet ($10.5) returned to barkuda86
*** SHOWDOWN ***
barkuda86 collected $21 from pot
*** SUMMARY ***
Total pot $21
Board [Td Kd 2d Js]
Seat 3: barkuda86won ($21) with Pair of Jacks and Pair of Tens
Seat 1: NagastiBagamba(big blind) folded on the Turn
Seat 2: DolevDolev folded on the Turn
Seat 5: EliorDahan folded before Flop (didn't bet)
Seat 6: BigCosmo(small blind) folded before Flop
Seat 4: Hero folded before Flop (didn't bet)



Poker Hand #ring_1005368787: NLH No Limit ($3/$6) - 2025/07/21 23:04:46
Table 'Poker' 9-max Seat #4 is the button
Seat 3: barkuda86 ($474.9 in chips)
Seat 1: NagastiBagamba ($1,062.06 in chips)
Seat 2: DolevDolev ($762 in chips)
Seat 5: EliorDahan ($1,213.68 in chips)
Seat 6: BigCosmo ($459 in chips)
Seat 4: Hero ($732.36 in chips)
EliorDahan: posts small blind $3
BigCosmo: posts big blind $6
*** HOLE CARDS ***
Dealt to barkuda86 
Dealt to NagastiBagamba 
Dealt to DolevDolev 
Dealt to EliorDahan 
Dealt to BigCosmo 
Dealt to Hero [Td 4h]
NagastiBagamba: folds
DolevDolev: calls $6
barkuda86: calls $6
Hero: folds
EliorDahan: folds
BigCosmo: checks
*** FLOP *** [3c 9s Qd]
BigCosmo: checks
DolevDolev: bets $15.75
barkuda86: calls $15.75
BigCosmo: calls $15.75
*** TURN *** [3c 9s Qd] [7s]
BigCosmo: checks
DolevDolev: checks
barkuda86: bets $34.12
BigCosmo: calls $34.12
DolevDolev: calls $34.12
*** RIVER *** [3c 9s Qd 7s] [4c]
BigCosmo: checks
DolevDolev: checks
barkuda86: checks
DolevDolev: shows [9d Jd]
barkuda86: shows [Kd Qc]
BigCosmo: shows [Th 8d]
*** SHOWDOWN ***
barkuda86 collected $170.61 from pot
*** SUMMARY ***
Total pot $170.61
Board [3c 9s Qd 7s 4c]
Seat 3: barkuda86 showed [Kd Qc] and won ($170.61) with Pair of Queens
Seat 1: NagastiBagamba folded before Flop (didn't bet)
Seat 2: DolevDolev showed [9d Jd] and lost with Pair of Nines
Seat 5: EliorDahan(small blind) folded before Flop
Seat 6: BigCosmo(big blind) showed [Th 8d] and lost with Queen-High
Seat 4: Hero folded before Flop (didn't bet)



Poker Hand #ring_1005367435: NLH No Limit ($3/$6) - 2025/07/21 23:04:05
Table 'Poker' 9-max Seat #3 is the button
Seat 3: barkuda86 ($474.9 in chips)
Seat 1: NagastiBagamba ($1,062.06 in chips)
Seat 2: DolevDolev ($762 in chips)
Seat 5: EliorDahan ($1,165.68 in chips)
Seat 6: BigCosmo ($483 in chips)
Seat 4: Hero ($756.36 in chips)
Hero: posts small blind $3
EliorDahan: posts big blind $6
*** HOLE CARDS ***
Dealt to barkuda86 
Dealt to NagastiBagamba 
Dealt to DolevDolev 
Dealt to EliorDahan 
Dealt to BigCosmo 
Dealt to Hero [6s Ts]
BigCosmo: calls $6
NagastiBagamba: folds
DolevDolev: folds
barkuda86: folds
Hero: calls $3
EliorDahan: raises $18 to $24
BigCosmo: calls $18
Hero: calls $18
*** FLOP *** [2c 7s Jh]
Hero: checks
EliorDahan: bets $54
BigCosmo: folds
Hero: folds
Uncalled bet ($54) returned to EliorDahan
*** SHOWDOWN ***
EliorDahan collected $72 from pot
*** SUMMARY ***
Total pot $72
Board [2c 7s Jh]
Seat 3: barkuda86 folded before Flop (didn't bet)
Seat 1: NagastiBagamba folded before Flop (didn't bet)
Seat 2: DolevDolev folded before Flop (didn't bet)
Seat 5: EliorDahan(big blind)won ($72) with Ace-High
Seat 6: BigCosmo folded on the Flop
Seat 4: Hero(small blind) folded on the Flop



Poker Hand #ring_1005365935: NLH No Limit ($3/$6) - 2025/07/21 23:03:19
Table 'Poker' 9-max Seat #2 is the button
Seat 3: barkuda86 ($480.9 in chips)
Seat 1: NagastiBagamba ($1,062.06 in chips)
Seat 2: DolevDolev ($768 in chips)
Seat 5: EliorDahan ($1,165.68 in chips)
Seat 6: BigCosmo ($489 in chips)
Seat 4: Hero ($738.36 in chips)
barkuda86: posts small blind $3
Hero: posts big blind $6
*** HOLE CARDS ***
Dealt to barkuda86 
Dealt to NagastiBagamba 
Dealt to DolevDolev 
Dealt to EliorDahan 
Dealt to BigCosmo 
Dealt to Hero [4s Kc]
EliorDahan: folds
BigCosmo: calls $6
NagastiBagamba: folds
DolevDolev: calls $6
barkuda86: calls $3
Hero: checks
*** FLOP *** [2c 4h 4d]
barkuda86: checks
Hero: checks
BigCosmo: checks
DolevDolev: checks
*** TURN *** [2c 4h 4d] [Jc]
barkuda86: checks
Hero: bets $12
BigCosmo: folds
DolevDolev: folds
barkuda86: folds
Uncalled bet ($12) returned to Hero
*** SHOWDOWN ***
Hero collected $24 from pot
*** SUMMARY ***
Total pot $24
Board [2c 4h 4d Jc]
Seat 3: barkuda86(small blind) folded on the Turn
Seat 1: NagastiBagamba folded before Flop (didn't bet)
Seat 2: DolevDolev folded on the Turn
Seat 5: EliorDahan folded before Flop (didn't bet)
Seat 6: BigCosmo folded on the Turn
Seat 4: Hero(big blind)won ($24) with Three Fours



Poker Hand #ring_1005364594: NLH No Limit ($3/$6) - 2025/07/21 23:02:37
Table 'Poker' 9-max Seat #1 is the button
Seat 3: barkuda86 ($486.9 in chips)
Seat 1: NagastiBagamba ($1,068.06 in chips)
Seat 2: DolevDolev ($756 in chips)
Seat 5: EliorDahan ($1,165.68 in chips)
Seat 6: BigCosmo ($489 in chips)
Seat 4: Hero ($738.36 in chips)
DolevDolev: posts small blind $3
barkuda86: posts big blind $6
*** HOLE CARDS ***
Dealt to barkuda86 
Dealt to NagastiBagamba 
Dealt to DolevDolev 
Dealt to EliorDahan 
Dealt to BigCosmo 
Dealt to Hero [Ts 6d]
Hero: folds
EliorDahan: folds
BigCosmo: folds
NagastiBagamba: calls $6
DolevDolev: calls $3
barkuda86: checks
*** FLOP *** [Qh 5c 8s]
DolevDolev: checks
barkuda86: checks
NagastiBagamba: checks
*** TURN *** [Qh 5c 8s] [Qs]
DolevDolev: bets $18
barkuda86: folds
NagastiBagamba: folds
Uncalled bet ($18) returned to DolevDolev
*** SHOWDOWN ***
DolevDolev collected $18 from pot
*** SUMMARY ***
Total pot $18
Board [Qh 5c 8s Qs]
Seat 3: barkuda86(big blind) folded on the Turn
Seat 1: NagastiBagamba folded on the Turn
Seat 2: DolevDolev(small blind)won ($18) with Pair of Queens and Pair of Eights
Seat 5: EliorDahan folded before Flop (didn't bet)
Seat 6: BigCosmo folded before Flop (didn't bet)
Seat 4: Hero folded before Flop (didn't bet)



Poker Hand #ring_1005362664: NLH No Limit ($3/$6) - 2025/07/21 23:01:39
Table 'Poker' 9-max Seat #6 is the button
Seat 3: barkuda86 ($492.9 in chips)
Seat 1: NagastiBagamba ($1,074.06 in chips)
Seat 2: DolevDolev ($777 in chips)
Seat 5: EliorDahan ($1,171.68 in chips)
Seat 6: BigCosmo ($450 in chips)
Seat 4: Hero ($738.36 in chips)
NagastiBagamba: posts small blind $3
DolevDolev: posts big blind $6
*** HOLE CARDS ***
Dealt to barkuda86 
Dealt to NagastiBagamba 
Dealt to DolevDolev 
Dealt to EliorDahan 
Dealt to BigCosmo 
Dealt to Hero [4c As]
barkuda86: calls $6
Hero: folds
EliorDahan: calls $6
BigCosmo: calls $6
NagastiBagamba: calls $3
DolevDolev: checks
*** FLOP *** [9s 4h 3d]
NagastiBagamba: checks
DolevDolev: checks
barkuda86: checks
EliorDahan: checks
BigCosmo: bets $15
NagastiBagamba: folds
DolevDolev: calls $15
barkuda86: folds
EliorDahan: folds
*** TURN *** [9s 4h 3d] [7d]
DolevDolev: checks
BigCosmo: bets $45
DolevDolev: folds
Uncalled bet ($45) returned to BigCosmo
*** SHOWDOWN ***
BigCosmo collected $60 from pot
*** SUMMARY ***
Total pot $60
Board [9s 4h 3d 7d]
Seat 3: barkuda86 folded on the Flop
Seat 1: NagastiBagamba(small blind) folded on the Flop
Seat 2: DolevDolev(big blind) folded on the Turn
Seat 5: EliorDahan folded on the Flop
Seat 6: BigCosmowon ($60) with Three Sevens
Seat 4: Hero folded before Flop (didn't bet)



Poker Hand #ring_1005360200: NLH No Limit ($3/$6) - 2025/07/21 23:00:24
Table 'Poker' 9-max Seat #5 is the button
Seat 3: barkuda86 ($516.9 in chips)
Seat 1: NagastiBagamba ($1,098.06 in chips)
Seat 2: DolevDolev ($777 in chips)
Seat 5: EliorDahan ($1,171.68 in chips)
Seat 6: BigCosmo ($474 in chips)
Seat 4: Hero ($666.36 in chips)
BigCosmo: posts small blind $3
NagastiBagamba: posts big blind $6
*** HOLE CARDS ***
Dealt to barkuda86 
Dealt to NagastiBagamba 
Dealt to DolevDolev 
Dealt to EliorDahan 
Dealt to BigCosmo 
Dealt to Hero [6s 7s]
DolevDolev: folds
barkuda86: raises $18 to $24
Hero: calls $24
EliorDahan: folds
BigCosmo: calls $21
NagastiBagamba: calls $18
*** FLOP *** [6h 9s Jh]
BigCosmo: checks
NagastiBagamba: checks
barkuda86: checks
Hero: bets $33
BigCosmo: folds
NagastiBagamba: folds
barkuda86: folds
Uncalled bet ($33) returned to Hero
*** SHOWDOWN ***
Hero collected $96 from pot
*** SUMMARY ***
Total pot $96
Board [6h 9s Jh]
Seat 3: barkuda86 folded on the Flop
Seat 1: NagastiBagamba(big blind) folded on the Flop
Seat 2: DolevDolev folded before Flop (didn't bet)
Seat 5: EliorDahan folded before Flop (didn't bet)
Seat 6: BigCosmo(small blind) folded on the Flop
Seat 4: Hero won ($96) with Pair of Sixes



Poker Hand #ring_1005356080: NLH No Limit ($3/$6) - 2025/07/21 22:58:18
Table 'Poker' 9-max Seat #4 is the button
Seat 3: barkuda86 ($534.9 in chips)
Seat 1: NagastiBagamba ($1,098.06 in chips)
Seat 2: DolevDolev ($615 in chips)
Seat 5: EliorDahan ($1,243.68 in chips)
Seat 6: BigCosmo ($546 in chips)
Seat 4: Hero ($666.36 in chips)
EliorDahan: posts small blind $3
BigCosmo: posts big blind $6
*** HOLE CARDS ***
Dealt to barkuda86 
Dealt to NagastiBagamba 
Dealt to DolevDolev 
Dealt to EliorDahan 
Dealt to BigCosmo 
Dealt to Hero [3s Ah]
NagastiBagamba: folds
DolevDolev: calls $6
barkuda86: calls $6
Hero: folds
EliorDahan: calls $3
BigCosmo: raises $12 to $18
DolevDolev: calls $12
barkuda86: calls $12
EliorDahan: calls $12
*** FLOP *** [7h Td 8s]
EliorDahan: bets $54
BigCosmo: calls $54
DolevDolev: calls $54
barkuda86: folds
*** TURN *** [7h Td 8s] [Kh]
EliorDahan: checks
BigCosmo: checks
DolevDolev: checks
*** RIVER *** [7h Td 8s Kh] [Js]
EliorDahan: checks
BigCosmo: checks
DolevDolev: bets $117
EliorDahan: folds
BigCosmo: folds
Uncalled bet ($117) returned to DolevDolev
*** SHOWDOWN ***
DolevDolev collected $234 from pot
*** SUMMARY ***
Total pot $234
Board [7h Td 8s Kh Js]
Seat 3: barkuda86 folded on the Flop
Seat 1: NagastiBagamba folded before Flop (didn't bet)
Seat 2: DolevDolevwon ($234) with Jacks-High Straight
Seat 5: EliorDahan(small blind) folded on the River
Seat 6: BigCosmo(big blind) folded on the River
Seat 4: Hero folded before Flop (didn't bet)



Poker Hand #ring_1005354299: NLH No Limit ($3/$6) - 2025/07/21 22:57:23
Table 'Poker' 9-max Seat #3 is the button
Seat 3: barkuda86 ($540.9 in chips)
Seat 1: NagastiBagamba ($1,098.06 in chips)
Seat 2: DolevDolev ($615 in chips)
Seat 5: EliorDahan ($1,257.6 in chips)
Seat 6: BigCosmo ($552 in chips)
Seat 4: Hero ($640.44 in chips)
Hero: posts small blind $3
EliorDahan: posts big blind $6
*** HOLE CARDS ***
Dealt to barkuda86 
Dealt to NagastiBagamba 
Dealt to DolevDolev 
Dealt to EliorDahan 
Dealt to BigCosmo 
Dealt to Hero [7h Ts]
BigCosmo: calls $6
NagastiBagamba: folds
DolevDolev: folds
barkuda86: calls $6
Hero: calls $3
EliorDahan: checks
*** FLOP *** [Th 6d 6h]
Hero: checks
EliorDahan: bets $7.92
BigCosmo: folds
barkuda86: folds
Hero: calls $7.92
*** TURN *** [Th 6d 6h] [2s]
Hero: checks
EliorDahan: checks
*** RIVER *** [Th 6d 6h 2s] [3c]
Hero: checks
EliorDahan: checks
Hero: shows [7h Ts]
EliorDahan: shows [Qs 8h]
*** SHOWDOWN ***
Hero collected $39.84 from pot
*** SUMMARY ***
Total pot $39.84
Board [Th 6d 6h 2s 3c]
Seat 3: barkuda86 folded on the Flop
Seat 1: NagastiBagamba folded before Flop (didn't bet)
Seat 2: DolevDolev folded before Flop (didn't bet)
Seat 5: EliorDahan(big blind) showed [Qs 8h] and lost with Pair of Sixes
Seat 6: BigCosmo folded on the Flop
Seat 4: Hero(small blind) showed [7h Ts] and won ($39.84) with Pair of Tens and Pair of Sixes



Poker Hand #ring_1005352804: NLH No Limit ($3/$6) - 2025/07/21 22:56:37
Table 'Poker' 9-max Seat #2 is the button
Seat 3: barkuda86 ($560.4 in chips)
Seat 1: NagastiBagamba ($1,098.06 in chips)
Seat 2: DolevDolev ($615 in chips)
Seat 5: EliorDahan ($1,263.6 in chips)
Seat 6: BigCosmo ($552 in chips)
Seat 4: Hero ($614.94 in chips)
barkuda86: posts small blind $3
Hero: posts big blind $6
*** HOLE CARDS ***
Dealt to barkuda86 
Dealt to NagastiBagamba 
Dealt to DolevDolev 
Dealt to EliorDahan 
Dealt to BigCosmo 
Dealt to Hero [3d 5c]
EliorDahan: calls $6
BigCosmo: folds
NagastiBagamba: folds
DolevDolev: folds
barkuda86: calls $3
Hero: checks
*** FLOP *** [6h 5h 7s]
barkuda86: checks
Hero: checks
EliorDahan: checks
*** TURN *** [6h 5h 7s] [4h]
barkuda86: checks
Hero: checks
EliorDahan: checks
*** RIVER *** [6h 5h 7s 4h] [Ad]
barkuda86: bets $13.5
Hero: calls $13.5
EliorDahan: folds
barkuda86: shows [9c As]
Hero: shows [3d 5c]
*** SHOWDOWN ***
Hero collected $45 from pot
*** SUMMARY ***
Total pot $45
Board [6h 5h 7s 4h Ad]
Seat 3: barkuda86(small blind) showed [9c As] and lost with Pair of Aces
Seat 1: NagastiBagamba folded before Flop (didn't bet)
Seat 2: DolevDolev folded before Flop (didn't bet)
Seat 5: EliorDahan folded on the River
Seat 6: BigCosmo folded before Flop (didn't bet)
Seat 4: Hero(big blind) showed [3d 5c] and won ($45) with Sevens-High Straight



Poker Hand #ring_1005351154: NLH No Limit ($3/$6) - 2025/07/21 22:55:46
Table 'Poker' 9-max Seat #1 is the button
Seat 3: barkuda86 ($572.4 in chips)
Seat 1: NagastiBagamba ($1,098.06 in chips)
Seat 2: DolevDolev ($591 in chips)
Seat 5: EliorDahan ($1,275.6 in chips)
Seat 6: BigCosmo ($552 in chips)
Seat 4: Hero ($614.94 in chips)
DolevDolev: posts small blind $3
barkuda86: posts big blind $6
*** HOLE CARDS ***
Dealt to barkuda86 
Dealt to NagastiBagamba 
Dealt to DolevDolev 
Dealt to EliorDahan 
Dealt to BigCosmo 
Dealt to Hero [2h 4d]
Hero: folds
EliorDahan: calls $6
BigCosmo: folds
NagastiBagamba: folds
DolevDolev: raises $6 to $12
barkuda86: calls $6
EliorDahan: calls $6
*** FLOP *** [5s 4h Kd]
DolevDolev: bets $18
barkuda86: folds
EliorDahan: folds
Uncalled bet ($18) returned to DolevDolev
*** SHOWDOWN ***
DolevDolev collected $36 from pot
*** SUMMARY ***
Total pot $36
Board [5s 4h Kd]
Seat 3: barkuda86(big blind) folded on the Flop
Seat 1: NagastiBagamba folded before Flop (didn't bet)
Seat 2: DolevDolev(small blind)won ($36) with Pair of Eights
Seat 5: EliorDahan folded on the Flop
Seat 6: BigCosmo folded before Flop (didn't bet)
Seat 4: Hero folded before Flop (didn't bet)



Poker Hand #ring_1005349486: NLH No Limit ($3/$6) - 2025/07/21 22:54:55
Table 'Poker' 9-max Seat #6 is the button
Seat 3: barkuda86 ($572.4 in chips)
Seat 1: NagastiBagamba ($1,092.06 in chips)
Seat 2: DolevDolev ($597 in chips)
Seat 5: EliorDahan ($1,275.6 in chips)
Seat 6: BigCosmo ($552 in chips)
Seat 4: Hero ($614.94 in chips)
NagastiBagamba: posts small blind $3
DolevDolev: posts big blind $6
*** HOLE CARDS ***
Dealt to barkuda86 
Dealt to NagastiBagamba 
Dealt to DolevDolev 
Dealt to EliorDahan 
Dealt to BigCosmo 
Dealt to Hero [6c Jc]
barkuda86: folds
Hero: folds
EliorDahan: folds
BigCosmo: folds
NagastiBagamba: calls $3
DolevDolev: checks
*** FLOP *** [Qd Ac 8h]
NagastiBagamba: checks
DolevDolev: checks
*** TURN *** [Qd Ac 8h] [9c]
NagastiBagamba: checks
DolevDolev: checks
*** RIVER *** [Qd Ac 8h 9c] [8c]
NagastiBagamba: checks
DolevDolev: checks
NagastiBagamba: shows [Kh 6d]
DolevDolev: shows [2d 3h]
*** SHOWDOWN ***
NagastiBagamba collected $12 from pot
*** SUMMARY ***
Total pot $12
Board [Qd Ac 8h 9c 8c]
Seat 3: barkuda86 folded before Flop (didn't bet)
Seat 1: NagastiBagamba(small blind) showed [Kh 6d] and won ($12) with Pair of Eights
Seat 2: DolevDolev(big blind) showed [2d 3h] and lost with Pair of Eights
Seat 5: EliorDahan folded before Flop (didn't bet)
Seat 6: BigCosmo folded before Flop (didn't bet)
Seat 4: Hero folded before Flop (didn't bet)



Poker Hand #ring_1005347044: NLH No Limit ($3/$6) - 2025/07/21 22:53:41
Table 'Poker' 9-max Seat #5 is the button
Seat 3: barkuda86 ($572.4 in chips)
Seat 1: NagastiBagamba ($1,098.06 in chips)
Seat 2: DolevDolev ($603 in chips)
Seat 5: EliorDahan ($1,257.6 in chips)
Seat 6: BigCosmo ($558 in chips)
Seat 4: Hero ($614.94 in chips)
BigCosmo: posts small blind $3
NagastiBagamba: posts big blind $6
*** HOLE CARDS ***
Dealt to barkuda86 
Dealt to NagastiBagamba 
Dealt to DolevDolev 
Dealt to EliorDahan 
Dealt to BigCosmo 
Dealt to Hero [7h 3d]
DolevDolev: calls $6
barkuda86: folds
Hero: folds
EliorDahan: calls $6
BigCosmo: calls $3
NagastiBagamba: checks
*** FLOP *** [2h Kc 4h]
BigCosmo: checks
NagastiBagamba: checks
DolevDolev: checks
EliorDahan: checks
*** TURN *** [2h Kc 4h] [4s]
BigCosmo: checks
NagastiBagamba: checks
DolevDolev: checks
EliorDahan: bets $18
BigCosmo: folds
NagastiBagamba: folds
DolevDolev: folds
Uncalled bet ($18) returned to EliorDahan
*** SHOWDOWN ***
EliorDahan collected $24 from pot
*** SUMMARY ***
Total pot $24
Board [2h Kc 4h 4s]
Seat 3: barkuda86 folded before Flop (didn't bet)
Seat 1: NagastiBagamba(big blind) folded on the Turn
Seat 2: DolevDolev folded on the Turn
Seat 5: EliorDahan won ($24) with Pair of Fours
Seat 6: BigCosmo(small blind) folded on the Turn
Seat 4: Hero folded before Flop (didn't bet)



Poker Hand #ring_1005345477: NLH No Limit ($3/$6) - 2025/07/21 22:52:53
Table 'Poker' 9-max Seat #4 is the button
Seat 3: barkuda86 ($551.4 in chips)
Seat 1: NagastiBagamba ($1,098.06 in chips)
Seat 2: DolevDolev ($603 in chips)
Seat 5: EliorDahan ($1,272.6 in chips)
Seat 6: BigCosmo ($564 in chips)
Seat 4: Hero ($614.94 in chips)
EliorDahan: posts small blind $3
BigCosmo: posts big blind $6
*** HOLE CARDS ***
Dealt to barkuda86 
Dealt to NagastiBagamba 
Dealt to DolevDolev 
Dealt to EliorDahan 
Dealt to BigCosmo 
Dealt to Hero [3c 4s]
NagastiBagamba: folds
DolevDolev: folds
barkuda86: calls $6
Hero: folds
EliorDahan: calls $3
BigCosmo: checks
*** FLOP *** [Qh 7s 4d]
EliorDahan: checks
BigCosmo: checks
barkuda86: checks
*** TURN *** [Qh 7s 4d] [4c]
EliorDahan: bets $9
BigCosmo: folds
barkuda86: raises $27 to $36
EliorDahan: folds
Uncalled bet ($27) returned to barkuda86
*** SHOWDOWN ***
barkuda86 collected $36 from pot
*** SUMMARY ***
Total pot $36
Board [Qh 7s 4d 4c]
Seat 3: barkuda86won ($36) with Pair of Fours
Seat 1: NagastiBagamba folded before Flop (didn't bet)
Seat 2: DolevDolev folded before Flop (didn't bet)
Seat 5: EliorDahan(small blind) folded on the Turn
Seat 6: BigCosmo(big blind) folded on the Turn
Seat 4: Hero folded before Flop (didn't bet)



Poker Hand #ring_1005343596: NLH No Limit ($3/$6) - 2025/07/21 22:51:56
Table 'Poker' 9-max Seat #3 is the button
Seat 3: barkuda86 ($507 in chips)
Seat 1: NagastiBagamba ($1,098.06 in chips)
Seat 2: DolevDolev ($609 in chips)
Seat 5: EliorDahan ($1,278.6 in chips)
Seat 6: BigCosmo ($564 in chips)
Seat 4: Hero ($647.34 in chips)
Hero: posts small blind $3
EliorDahan: posts big blind $6
*** HOLE CARDS ***
Dealt to barkuda86 
Dealt to NagastiBagamba 
Dealt to DolevDolev 
Dealt to EliorDahan 
Dealt to BigCosmo 
Dealt to Hero [Ah 2h]
BigCosmo: folds
NagastiBagamba: folds
DolevDolev: calls $6
barkuda86: calls $6
Hero: raises $12 to $18
EliorDahan: folds
DolevDolev: folds
barkuda86: calls $12
*** FLOP *** [Td 2d 7d]
Hero: bets $14.4
barkuda86: raises $25.34 to $39.74
Hero: folds
Uncalled bet ($25.34) returned to barkuda86
*** SHOWDOWN ***
barkuda86 collected $76.8 from pot
*** SUMMARY ***
Total pot $76.8
Board [Td 2d 7d]
Seat 3: barkuda86won ($76.8) with Pair of Tens
Seat 1: NagastiBagamba folded before Flop (didn't bet)
Seat 2: DolevDolev folded before Flop
Seat 5: EliorDahan(big blind) folded before Flop
Seat 6: BigCosmo folded before Flop (didn't bet)
Seat 4: Hero(small blind) folded on the Flop



Poker Hand #ring_1005342789: NLH No Limit ($3/$6) - 2025/07/21 22:51:31
Table 'Poker' 9-max Seat #2 is the button
Seat 3: barkuda86 ($495 in chips)
Seat 1: NagastiBagamba ($1,098.06 in chips)
Seat 2: DolevDolev ($609 in chips)
Seat 5: EliorDahan ($1,278.6 in chips)
Seat 6: BigCosmo ($570 in chips)
Seat 4: Hero ($653.34 in chips)
barkuda86: posts small blind $3
Hero: posts big blind $6
*** HOLE CARDS ***
Dealt to barkuda86 
Dealt to NagastiBagamba 
Dealt to DolevDolev 
Dealt to EliorDahan 
Dealt to BigCosmo 
Dealt to Hero [4d Ac]
EliorDahan: folds
BigCosmo: calls $6
NagastiBagamba: folds
DolevDolev: folds
barkuda86: raises $18 to $24
Hero: folds
BigCosmo: folds
Uncalled bet ($18) returned to barkuda86
*** SHOWDOWN ***
barkuda86 collected $18 from pot
*** SUMMARY ***
Total pot $18
Seat 3: barkuda86(small blind)won ($18)
Seat 1: NagastiBagamba folded before Flop (didn't bet)
Seat 2: DolevDolev folded before Flop (didn't bet)
Seat 5: EliorDahan folded before Flop (didn't bet)
Seat 6: BigCosmo folded before Flop
Seat 4: Hero(big blind) folded before Flop



Poker Hand #ring_1005341074: NLH No Limit ($3/$6) - 2025/07/21 22:50:38
Table 'Poker' 9-max Seat #1 is the button
Seat 3: barkuda86 ($528 in chips)
Seat 1: NagastiBagamba ($1,050.06 in chips)
Seat 2: DolevDolev ($612 in chips)
Seat 5: EliorDahan ($1,284.6 in chips)
Seat 6: BigCosmo ($576 in chips)
Seat 4: Hero ($653.34 in chips)
DolevDolev: posts small blind $3
barkuda86: posts big blind $6
*** HOLE CARDS ***
Dealt to barkuda86 
Dealt to NagastiBagamba 
Dealt to DolevDolev 
Dealt to EliorDahan 
Dealt to BigCosmo 
Dealt to Hero [5s 3d]
Hero: folds
EliorDahan: calls $6
BigCosmo: calls $6
NagastiBagamba: raises $27 to $33
DolevDolev: folds
barkuda86: calls $27
EliorDahan: folds
BigCosmo: folds
*** FLOP *** [7h 9c Ts]
barkuda86: checks
NagastiBagamba: bets $60.75
barkuda86: folds
Uncalled bet ($60.75) returned to NagastiBagamba
*** SHOWDOWN ***
NagastiBagamba collected $81 from pot
*** SUMMARY ***
Total pot $81
Board [7h 9c Ts]
Seat 3: barkuda86(big blind) folded on the Flop
Seat 1: NagastiBagamba won ($81) with Pair of Queens
Seat 2: DolevDolev(small blind) folded before Flop
Seat 5: EliorDahan folded before Flop
Seat 6: BigCosmo folded before Flop
Seat 4: Hero folded before Flop (didn't bet)



Poker Hand #ring_1005340312: NLH No Limit ($3/$6) - 2025/07/21 22:50:15
Table 'Poker' 9-max Seat #6 is the button
Seat 3: barkuda86 ($528 in chips)
Seat 1: NagastiBagamba ($1,053.06 in chips)
Seat 2: DolevDolev ($618 in chips)
Seat 5: EliorDahan ($1,275.6 in chips)
Seat 6: BigCosmo ($576 in chips)
Seat 4: Hero ($653.34 in chips)
NagastiBagamba: posts small blind $3
DolevDolev: posts big blind $6
*** HOLE CARDS ***
Dealt to barkuda86 
Dealt to NagastiBagamba 
Dealt to DolevDolev 
Dealt to EliorDahan 
Dealt to BigCosmo 
Dealt to Hero [3h As]
barkuda86: folds
Hero: folds
EliorDahan: raises $12 to $18
BigCosmo: folds
NagastiBagamba: folds
DolevDolev: folds
Uncalled bet ($12) returned to EliorDahan
EliorDahan: shows [Ac Qs]
*** SHOWDOWN ***
EliorDahan collected $15 from pot
*** SUMMARY ***
Total pot $15
Seat 3: barkuda86 folded before Flop (didn't bet)
Seat 1: NagastiBagamba(small blind) folded before Flop
Seat 2: DolevDolev(big blind) folded before Flop
Seat 5: EliorDahan showed [Ac Qs] and won ($15)
Seat 6: BigCosmo folded before Flop (didn't bet)
Seat 4: Hero folded before Flop (didn't bet)



Poker Hand #ring_1005339159: NLH No Limit ($3/$6) - 2025/07/21 22:49:41
Table 'Poker' 9-max Seat #5 is the button
Seat 3: barkuda86 ($528 in chips)
Seat 1: NagastiBagamba ($1,059.06 in chips)
Seat 2: DolevDolev ($624 in chips)
Seat 5: EliorDahan ($1,275.6 in chips)
Seat 6: BigCosmo ($564 in chips)
Seat 4: Hero ($653.34 in chips)
BigCosmo: posts small blind $3
NagastiBagamba: posts big blind $6
*** HOLE CARDS ***
Dealt to barkuda86 
Dealt to NagastiBagamba 
Dealt to DolevDolev 
Dealt to EliorDahan 
Dealt to BigCosmo 
Dealt to Hero [9h 2h]
DolevDolev: calls $6
barkuda86: folds
Hero: folds
EliorDahan: folds
BigCosmo: raises $16 to $22
NagastiBagamba: folds
DolevDolev: folds
Uncalled bet ($16) returned to BigCosmo
*** SHOWDOWN ***
BigCosmo collected $18 from pot
*** SUMMARY ***
Total pot $18
Seat 3: barkuda86 folded before Flop (didn't bet)
Seat 1: NagastiBagamba(big blind) folded before Flop
Seat 2: DolevDolev folded before Flop
Seat 5: EliorDahan folded before Flop (didn't bet)
Seat 6: BigCosmo(small blind)won ($18)
Seat 4: Hero folded before Flop (didn't bet)



Poker Hand #ring_1005337242: NLH No Limit ($3/$6) - 2025/07/21 22:48:43
Table 'Poker' 9-max Seat #4 is the button
Seat 3: barkuda86 ($528 in chips)
Seat 1: NagastiBagamba ($1,077.06 in chips)
Seat 2: DolevDolev ($624 in chips)
Seat 5: EliorDahan ($1,167.6 in chips)
Seat 6: BigCosmo ($582 in chips)
Seat 4: Hero ($725.34 in chips)
EliorDahan: posts small blind $3
BigCosmo: posts big blind $6
*** HOLE CARDS ***
Dealt to barkuda86 
Dealt to NagastiBagamba 
Dealt to DolevDolev 
Dealt to EliorDahan 
Dealt to BigCosmo 
Dealt to Hero [4c As]
NagastiBagamba: calls $6
DolevDolev: folds
barkuda86: folds
Hero: calls $6
EliorDahan: raises $12 to $18
BigCosmo: calls $12
NagastiBagamba: calls $12
Hero: calls $12
*** FLOP *** [Qh Kd Ah]
EliorDahan: bets $54
BigCosmo: folds
NagastiBagamba: folds
Hero: calls $54
*** TURN *** [Qh Kd Ah] [3h]
EliorDahan: bets $135
Hero: folds
Uncalled bet ($135) returned to EliorDahan
*** SHOWDOWN ***
EliorDahan collected $180 from pot
*** SUMMARY ***
Total pot $180
Board [Qh Kd Ah 3h]
Seat 3: barkuda86 folded before Flop (didn't bet)
Seat 1: NagastiBagamba folded on the Flop
Seat 2: DolevDolev folded before Flop (didn't bet)
Seat 5: EliorDahan(small blind)won ($180) with Ace-High
Seat 6: BigCosmo(big blind) folded on the Flop
Seat 4: Hero folded on the Turn



Poker Hand #ring_1005334753: NLH No Limit ($3/$6) - 2025/07/21 22:47:28
Table 'Poker' 9-max Seat #3 is the button
Seat 3: barkuda86 ($567.78 in chips)
Seat 1: NagastiBagamba ($1,077.06 in chips)
Seat 2: DolevDolev ($630 in chips)
Seat 5: EliorDahan ($1,173.6 in chips)
Seat 6: BigCosmo ($600 in chips)
Seat 4: Hero ($655.56 in chips)
Hero: posts small blind $3
EliorDahan: posts big blind $6
BigCosmo: posts big blind $6
*** HOLE CARDS ***
Dealt to barkuda86 
Dealt to NagastiBagamba 
Dealt to DolevDolev 
Dealt to EliorDahan 
Dealt to BigCosmo 
Dealt to Hero [6c 5c]
BigCosmo: checks
NagastiBagamba: folds
DolevDolev: calls $6
barkuda86: raises $12 to $18
Hero: calls $15
EliorDahan: folds
BigCosmo: calls $12
DolevDolev: folds
*** FLOP *** [Qc Qh 7c]
Hero: checks
BigCosmo: checks
barkuda86: bets $21.78
Hero: calls $21.78
BigCosmo: folds
*** TURN *** [Qc Qh 7c] [2c]
Hero: checks
barkuda86: checks
*** RIVER *** [Qc Qh 7c 2c] [3d]
Hero: bets $52.2
barkuda86: folds
Uncalled bet ($52.2) returned to Hero
*** SHOWDOWN ***
Hero collected $109.56 from pot
*** SUMMARY ***
Total pot $109.56
Board [Qc Qh 7c 2c 3d]
Seat 3: barkuda86 folded on the River
Seat 1: NagastiBagamba folded before Flop (didn't bet)
Seat 2: DolevDolev folded before Flop
Seat 5: EliorDahan(big blind) folded before Flop
Seat 6: BigCosmo folded on the Flop
Seat 4: Hero(small blind)won ($109.56) with Queen High Flush



Poker Hand #ring_1005333137: NLH No Limit ($3/$6) - 2025/07/21 22:46:39
Table 'Poker' 9-max Seat #2 is the button
Seat 3: barkuda86 ($533.88 in chips)
Seat 1: NagastiBagamba ($1,083.06 in chips)
Seat 2: DolevDolev ($636 in chips)
Seat 5: EliorDahan ($1,189.5 in chips)
Seat 4: Hero ($661.56 in chips)
barkuda86: posts small blind $3
Hero: posts big blind $6
*** HOLE CARDS ***
Dealt to barkuda86 
Dealt to NagastiBagamba 
Dealt to DolevDolev 
Dealt to EliorDahan 
Dealt to Hero [3d 6s]
EliorDahan: calls $6
NagastiBagamba: calls $6
DolevDolev: calls $6
barkuda86: calls $3
Hero: checks
*** FLOP *** [2d Td 2s]
barkuda86: checks
Hero: checks
EliorDahan: bets $9.9
NagastiBagamba: folds
DolevDolev: folds
barkuda86: raises $16.43 to $26.33
Hero: folds
EliorDahan: folds
Uncalled bet ($16.43) returned to barkuda86
*** SHOWDOWN ***
barkuda86 collected $49.8 from pot
*** SUMMARY ***
Total pot $49.8
Board [2d Td 2s]
Seat 3: barkuda86(small blind)won ($49.8) with Pair of Fives and Pair of Twos
Seat 1: NagastiBagamba folded on the Flop
Seat 2: DolevDolev folded on the Flop
Seat 5: EliorDahan folded on the Flop
Seat 4: Hero(big blind) folded on the Flop



Poker Hand #ring_1005332441: NLH No Limit ($3/$6) - 2025/07/21 22:46:18
Table 'Poker' 9-max Seat #1 is the button
Seat 3: barkuda86 ($539.88 in chips)
Seat 1: NagastiBagamba ($1,074.06 in chips)
Seat 2: DolevDolev ($639 in chips)
Seat 5: EliorDahan ($1,189.5 in chips)
Seat 4: Hero ($661.56 in chips)
DolevDolev: posts small blind $3
barkuda86: posts big blind $6
*** HOLE CARDS ***
Dealt to barkuda86 
Dealt to NagastiBagamba 
Dealt to DolevDolev 
Dealt to EliorDahan 
Dealt to Hero [3d 9h]
Hero: folds
EliorDahan: folds
NagastiBagamba: raises $18 to $24
DolevDolev: folds
barkuda86: folds
Uncalled bet ($18) returned to NagastiBagamba
*** SHOWDOWN ***
NagastiBagamba collected $15 from pot
*** SUMMARY ***
Total pot $15
Seat 3: barkuda86(big blind) folded before Flop
Seat 1: NagastiBagamba won ($15)
Seat 2: DolevDolev(small blind) folded before Flop
Seat 5: EliorDahan folded before Flop (didn't bet)
Seat 4: Hero folded before Flop (didn't bet)



Poker Hand #ring_1005331220: NLH No Limit ($3/$6) - 2025/07/21 22:45:41
Table 'Poker' 9-max Seat #5 is the button
Seat 3: barkuda86 ($530.88 in chips)
Seat 1: NagastiBagamba ($1,077.06 in chips)
Seat 2: DolevDolev ($645 in chips)
Seat 5: EliorDahan ($1,189.5 in chips)
Seat 4: Hero ($157.56 in chips)
NagastiBagamba: posts small blind $3
DolevDolev: posts big blind $6
*** HOLE CARDS ***
Dealt to barkuda86 
Dealt to NagastiBagamba 
Dealt to DolevDolev 
Dealt to EliorDahan 
Dealt to Hero [8c Ks]
barkuda86: raises $18 to $24
Hero: folds
EliorDahan: folds
NagastiBagamba: folds
DolevDolev: folds
Uncalled bet ($18) returned to barkuda86
*** SHOWDOWN ***
barkuda86 collected $15 from pot
*** SUMMARY ***
Total pot $15
Seat 3: barkuda86won ($15)
Seat 1: NagastiBagamba(small blind) folded before Flop
Seat 2: DolevDolev(big blind) folded before Flop
Seat 5: EliorDahan folded before Flop (didn't bet)
Seat 4: Hero folded before Flop (didn't bet)



Poker Hand #ring_1005330569: NLH No Limit ($3/$6) - 2025/07/21 22:45:20
Table 'Poker' 9-max Seat #4 is the button
Seat 3: barkuda86 ($530.88 in chips)
Seat 1: NagastiBagamba ($1,074.06 in chips)
Seat 2: DolevDolev ($645 in chips)
Seat 5: EliorDahan ($1,192.5 in chips)
Seat 4: Hero ($157.56 in chips)
EliorDahan: posts small blind $3
NagastiBagamba: posts big blind $6
*** HOLE CARDS ***
Dealt to barkuda86 
Dealt to NagastiBagamba 
Dealt to DolevDolev 
Dealt to EliorDahan 
Dealt to Hero [Td 8h]
DolevDolev: folds
barkuda86: folds
Hero: folds
EliorDahan: folds
*** SHOWDOWN ***
NagastiBagamba collected $9 from pot
*** SUMMARY ***
Total pot $9
Seat 3: barkuda86 folded before Flop (didn't bet)
Seat 1: NagastiBagamba(big blind)won ($9)
Seat 2: DolevDolev folded before Flop (didn't bet)
Seat 5: EliorDahan(small blind) folded before Flop
Seat 4: Hero folded before Flop (didn't bet)



Poker Hand #ring_1005329077: NLH No Limit ($3/$6) - 2025/07/21 22:44:35
Table 'Poker' 9-max Seat #3 is the button
Seat 3: barkuda86 ($530.88 in chips)
Seat 1: NagastiBagamba ($1,048.56 in chips)
Seat 2: DolevDolev ($645 in chips)
Seat 5: EliorDahan ($1,212 in chips)
Seat 4: Hero ($163.56 in chips)
Hero: posts small blind $3
EliorDahan: posts big blind $6
*** HOLE CARDS ***
Dealt to barkuda86 
Dealt to NagastiBagamba 
Dealt to DolevDolev 
Dealt to EliorDahan 
Dealt to Hero [7h Ac]
NagastiBagamba: calls $6
DolevDolev: folds
barkuda86: folds
Hero: calls $3
EliorDahan: checks
*** FLOP *** [Qs 9s 8s]
Hero: checks
EliorDahan: checks
NagastiBagamba: bets $13.5
Hero: folds
EliorDahan: calls $13.5
*** TURN *** [Qs 9s 8s] [5c]
EliorDahan: checks
NagastiBagamba: bets $33.75
EliorDahan: folds
Uncalled bet ($33.75) returned to NagastiBagamba
*** SHOWDOWN ***
NagastiBagamba collected $45 from pot
*** SUMMARY ***
Total pot $45
Board [Qs 9s 8s 5c]
Seat 3: barkuda86 folded before Flop (didn't bet)
Seat 1: NagastiBagamba won ($45) with Pair of Queens and Pair of Nines
Seat 2: DolevDolev folded before Flop (didn't bet)
Seat 5: EliorDahan(big blind) folded on the Turn
Seat 4: Hero(small blind) folded on the Flop



Poker Hand #ring_1005327308: NLH No Limit ($3/$6) - 2025/07/21 22:43:42
Table 'Poker' 9-max Seat #2 is the button
Seat 3: barkuda86 ($256.44 in chips)
Seat 1: NagastiBagamba ($1,048.56 in chips)
Seat 2: DolevDolev ($645 in chips)
Seat 5: EliorDahan ($1,230 in chips)
Seat 4: Hero ($420 in chips)
barkuda86: posts small blind $3
Hero: posts big blind $6
*** HOLE CARDS ***
Dealt to barkuda86 
Dealt to NagastiBagamba 
Dealt to DolevDolev 
Dealt to EliorDahan 
Dealt to Hero [Ah Qd]
EliorDahan: raises $12 to $18
NagastiBagamba: folds
DolevDolev: folds
barkuda86: calls $15
Hero: raises $62.1 to $80.1
EliorDahan: folds
barkuda86: raises $176.34 to $256.44 and is all-in
Hero: calls $176.34
barkuda86: shows [Ad Kh]
Hero: shows [Ah Qd]
*** FLOP *** [9s 8d 4h]
*** TURN *** [9s 8d 4h] [Ts]
*** RIVER *** [9s 8d 4h Ts] [Kd]
*** SHOWDOWN ***
barkuda86 collected $530.88 from pot
*** SUMMARY ***
Total pot $530.88
Board [9s 8d 4h Ts Kd]
Seat 3: barkuda86(small blind) showed [Ad Kh] and won ($530.88) with Pair of Kings
Seat 1: NagastiBagamba folded before Flop (didn't bet)
Seat 2: DolevDolev folded before Flop (didn't bet)
Seat 5: EliorDahan folded before Flop
Seat 4: Hero(big blind) showed [Ah Qd] and lost with Ace-High



Poker Hand #ring_1005326126: NLH No Limit ($3/$6) - 2025/07/21 22:43:06
Table 'Poker' 9-max Seat #1 is the button
Seat 3: barkuda86 ($262.44 in chips)
Seat 1: NagastiBagamba ($1,033.56 in chips)
Seat 2: DolevDolev ($648 in chips)
Seat 5: EliorDahan ($1,236 in chips)
Seat 4: Hero ($420 in chips)
DolevDolev: posts small blind $3
barkuda86: posts big blind $6
*** HOLE CARDS ***
Dealt to barkuda86 
Dealt to NagastiBagamba 
Dealt to DolevDolev 
Dealt to EliorDahan 
Dealt to Hero [Qc 5h]
Hero: folds
EliorDahan: calls $6
NagastiBagamba: raises $21 to $27
DolevDolev: folds
barkuda86: folds
EliorDahan: folds
Uncalled bet ($21) returned to NagastiBagamba
*** SHOWDOWN ***
NagastiBagamba collected $21 from pot
*** SUMMARY ***
Total pot $21
Seat 3: barkuda86(big blind) folded before Flop
Seat 1: NagastiBagamba won ($21)
Seat 2: DolevDolev(small blind) folded before Flop
Seat 5: EliorDahan folded before Flop
Seat 4: Hero folded before Flop (didn't bet)



Poker Hand #ring_1005324294: NLH No Limit ($3/$6) - 2025/07/21 22:42:10
Table 'Poker' 9-max Seat #8 is the button
Seat 3: barkuda86 ($286.44 in chips)
Seat 1: NagastiBagamba ($1,036.56 in chips)
Seat 2: DolevDolev ($654 in chips)
Seat 8: 3d5067ec ($381 in chips)
Seat 5: EliorDahan ($822 in chips)
Seat 4: Hero ($420 in chips)
NagastiBagamba: posts small blind $3
DolevDolev: posts big blind $6
*** HOLE CARDS ***
Dealt to barkuda86 
Dealt to NagastiBagamba 
Dealt to DolevDolev 
Dealt to 3d5067ec 
Dealt to EliorDahan 
Dealt to Hero [Qc 5c]
barkuda86: raises $18 to $24
Hero: folds
EliorDahan: calls $24
3d5067ec: calls $24
NagastiBagamba: folds
DolevDolev: folds
*** FLOP *** [9c 3h As]
barkuda86: checks
EliorDahan: checks
3d5067ec: checks
*** TURN *** [9c 3h As] [8d]
barkuda86: checks
EliorDahan: bets $60.75
3d5067ec: raises $66.82 to $127.57
barkuda86: folds
EliorDahan: raises $336.14 to $463.71
3d5067ec: calls $229.43 and is all-in
Uncalled bet ($106.71) returned to EliorDahan
EliorDahan: shows [3c 3s]
3d5067ec: shows [Ad Qd]
*** RIVER *** [9c 3h As 8d] [7c]
*** SHOWDOWN ***
EliorDahan collected $795 from pot
*** SUMMARY ***
Total pot $795
Board [9c 3h As 8d 7c]
Seat 3: barkuda86 folded on the Turn
Seat 1: NagastiBagamba(small blind) folded before Flop
Seat 2: DolevDolev(big blind) folded before Flop
Seat 8: 3d5067ec showed [Ad Qd] and lost with Pair of Aces
Seat 5: EliorDahan showed [3c 3s] and won ($795) with Three Treys
Seat 4: Hero folded before Flop (didn't bet)



Poker Hand #ring_1005323084: NLH No Limit ($3/$6) - 2025/07/21 22:41:34
Table 'Poker' 9-max Seat #5 is the button
Seat 3: barkuda86 ($286.44 in chips)
Seat 1: NagastiBagamba ($1,012.56 in chips)
Seat 2: DolevDolev ($654 in chips)
Seat 8: 3d5067ec ($405 in chips)
Seat 5: EliorDahan ($822 in chips)
Seat 4: Hero ($420 in chips)
3d5067ec: posts small blind $3
NagastiBagamba: posts big blind $6
*** HOLE CARDS ***
Dealt to barkuda86 
Dealt to NagastiBagamba 
Dealt to DolevDolev 
Dealt to 3d5067ec 
Dealt to EliorDahan 
Dealt to Hero [Ad 7s]
DolevDolev: folds
barkuda86: folds
Hero: folds
EliorDahan: folds
3d5067ec: calls $3
NagastiBagamba: raises $18 to $24
3d5067ec: calls $18
*** FLOP *** [Ks 2c Tc]
3d5067ec: checks
NagastiBagamba: bets $24
3d5067ec: folds
Uncalled bet ($24) returned to NagastiBagamba
*** SHOWDOWN ***
NagastiBagamba collected $48 from pot
*** SUMMARY ***
Total pot $48
Board [Ks 2c Tc]
Seat 3: barkuda86 folded before Flop (didn't bet)
Seat 1: NagastiBagamba(big blind)won ($48) with Pair of Tens
Seat 2: DolevDolev folded before Flop (didn't bet)
Seat 8: 3d5067ec(small blind) folded on the Flop
Seat 5: EliorDahan folded before Flop (didn't bet)
Seat 4: Hero folded before Flop (didn't bet)



Poker Hand #ring_1005322162: NLH No Limit ($3/$6) - 2025/07/21 22:41:06
Table 'Poker' 9-max Seat #4 is the button
Seat 3: barkuda86 ($286.44 in chips)
Seat 1: NagastiBagamba ($1,012.56 in chips)
Seat 2: DolevDolev ($654 in chips)
Seat 8: 3d5067ec ($429 in chips)
Seat 5: EliorDahan ($798 in chips)
Seat 4: Hero ($420 in chips)
EliorDahan: posts small blind $3
3d5067ec: posts big blind $6
*** HOLE CARDS ***
Dealt to barkuda86 
Dealt to NagastiBagamba 
Dealt to DolevDolev 
Dealt to 3d5067ec 
Dealt to EliorDahan 
Dealt to Hero [9c 6d]
NagastiBagamba: folds
DolevDolev: folds
barkuda86: folds
Hero: folds
EliorDahan: raises $18 to $24
3d5067ec: calls $18
*** FLOP *** [Kc 5s 8h]
EliorDahan: bets $24
3d5067ec: folds
Uncalled bet ($24) returned to EliorDahan
*** SHOWDOWN ***
EliorDahan collected $48 from pot
*** SUMMARY ***
Total pot $48
Board [Kc 5s 8h]
Seat 3: barkuda86 folded before Flop (didn't bet)
Seat 1: NagastiBagamba folded before Flop (didn't bet)
Seat 2: DolevDolev folded before Flop (didn't bet)
Seat 8: 3d5067ec(big blind) folded on the Flop
Seat 5: EliorDahan(small blind)won ($48) with King-High
Seat 4: Hero folded before Flop (didn't bet)



Poker Hand #ring_1005321025: NLH No Limit ($3/$6) - 2025/07/21 22:40:32
Table 'Poker' 9-max Seat #3 is the button
Seat 3: barkuda86 ($286.44 in chips)
Seat 1: NagastiBagamba ($1,012.56 in chips)
Seat 2: DolevDolev ($660 in chips)
Seat 8: 3d5067ec ($429 in chips)
Seat 5: EliorDahan ($810 in chips)
Seat 4: Hero ($402 in chips)
Hero: posts small blind $3
EliorDahan: posts big blind $6
*** HOLE CARDS ***
Dealt to barkuda86 
Dealt to NagastiBagamba 
Dealt to DolevDolev 
Dealt to 3d5067ec 
Dealt to EliorDahan 
Dealt to Hero [4d Qd]
3d5067ec: folds
NagastiBagamba: folds
DolevDolev: calls $6
barkuda86: folds
Hero: calls $3
EliorDahan: checks
*** FLOP *** [7d 4c Ac]
Hero: bets $6
EliorDahan: calls $6
DolevDolev: folds
*** TURN *** [7d 4c Ac] [As]
Hero: bets $24
EliorDahan: folds
Uncalled bet ($24) returned to Hero
*** SHOWDOWN ***
Hero collected $30 from pot
*** SUMMARY ***
Total pot $30
Board [7d 4c Ac As]
Seat 3: barkuda86 folded before Flop (didn't bet)
Seat 1: NagastiBagamba folded before Flop (didn't bet)
Seat 2: DolevDolev folded on the Flop
Seat 8: 3d5067ec folded before Flop (didn't bet)
Seat 5: EliorDahan(big blind) folded on the Turn
Seat 4: Hero(small blind)won ($30) with Pair of Aces and Pair of Fours



Poker Hand #ring_1005319090: NLH No Limit ($3/$6) - 2025/07/21 22:39:33
Table 'Poker' 9-max Seat #2 is the button
Seat 3: barkuda86 ($202.44 in chips)
Seat 1: NagastiBagamba ($1,012.56 in chips)
Seat 2: DolevDolev ($660 in chips)
Seat 8: 3d5067ec ($429 in chips)
Seat 5: EliorDahan ($834 in chips)
Seat 4: Hero ($462 in chips)
barkuda86: posts small blind $3
Hero: posts big blind $6
*** HOLE CARDS ***
Dealt to barkuda86 
Dealt to NagastiBagamba 
Dealt to DolevDolev 
Dealt to 3d5067ec 
Dealt to EliorDahan 
Dealt to Hero [Qh Ac]
EliorDahan: calls $6
3d5067ec: folds
NagastiBagamba: folds
DolevDolev: folds
barkuda86: calls $3
Hero: raises $18 to $24
EliorDahan: calls $18
barkuda86: calls $18
*** FLOP *** [8d 7c 5c]
barkuda86: bets $36
Hero: calls $36
EliorDahan: folds
*** TURN *** [8d 7c 5c] [6d]
barkuda86: bets $142.44 and is all-in
Hero: folds
Uncalled bet ($142.44) returned to barkuda86
*** SHOWDOWN ***
barkuda86 collected $144 from pot
*** SUMMARY ***
Total pot $144
Board [8d 7c 5c 6d]
Seat 3: barkuda86(small blind)won ($144) with Nines-High Straight
Seat 1: NagastiBagamba folded before Flop (didn't bet)
Seat 2: DolevDolev folded before Flop (didn't bet)
Seat 8: 3d5067ec folded before Flop (didn't bet)
Seat 5: EliorDahan folded on the Flop
Seat 4: Hero(big blind) folded on the Turn



Poker Hand #ring_1005317427: NLH No Limit ($3/$6) - 2025/07/21 22:38:42
Table 'Poker' 9-max Seat #1 is the button
Seat 3: barkuda86 ($208.44 in chips)
Seat 1: NagastiBagamba ($1,012.56 in chips)
Seat 2: DolevDolev ($612 in chips)
Seat 8: 3d5067ec ($471 in chips)
Seat 5: EliorDahan ($834 in chips)
Seat 4: Hero ($462 in chips)
DolevDolev: posts small blind $3
barkuda86: posts big blind $6
*** HOLE CARDS ***
Dealt to barkuda86 
Dealt to NagastiBagamba 
Dealt to DolevDolev 
Dealt to 3d5067ec 
Dealt to EliorDahan 
Dealt to Hero [4s Td]
Hero: folds
EliorDahan: folds
3d5067ec: calls $6
NagastiBagamba: folds
DolevDolev: calls $3
barkuda86: checks
*** FLOP *** [Kd Ts Ac]
DolevDolev: checks
barkuda86: checks
3d5067ec: bets $13.5
DolevDolev: calls $13.5
barkuda86: folds
*** TURN *** [Kd Ts Ac] [Th]
DolevDolev: checks
3d5067ec: bets $22.5
DolevDolev: raises $29.7 to $52.2
3d5067ec: folds
Uncalled bet ($29.7) returned to DolevDolev
*** SHOWDOWN ***
DolevDolev collected $90 from pot
*** SUMMARY ***
Total pot $90
Board [Kd Ts Ac Th]
Seat 3: barkuda86(big blind) folded on the Flop
Seat 1: NagastiBagamba folded before Flop (didn't bet)
Seat 2: DolevDolev(small blind)won ($90) with Three Tens
Seat 8: 3d5067ec folded on the Turn
Seat 5: EliorDahan folded before Flop (didn't bet)
Seat 4: Hero folded before Flop (didn't bet)



Poker Hand #ring_1005316325: NLH No Limit ($3/$6) - 2025/07/21 22:38:09
Table 'Poker' 9-max Seat #8 is the button
Seat 3: barkuda86 ($208.44 in chips)
Seat 1: NagastiBagamba ($1,015.56 in chips)
Seat 2: DolevDolev ($618 in chips)
Seat 8: 3d5067ec ($477 in chips)
Seat 5: EliorDahan ($819 in chips)
Seat 4: Hero ($462 in chips)
NagastiBagamba: posts small blind $3
DolevDolev: posts big blind $6
*** HOLE CARDS ***
Dealt to barkuda86 
Dealt to NagastiBagamba 
Dealt to DolevDolev 
Dealt to 3d5067ec 
Dealt to EliorDahan 
Dealt to Hero [Kd 2c]
barkuda86: folds
Hero: folds
EliorDahan: calls $6
3d5067ec: calls $6
NagastiBagamba: folds
DolevDolev: checks
*** FLOP *** [Ah 8d Th]
DolevDolev: checks
EliorDahan: bets $15.75
3d5067ec: folds
DolevDolev: folds
Uncalled bet ($15.75) returned to EliorDahan
*** SHOWDOWN ***
EliorDahan collected $21 from pot
*** SUMMARY ***
Total pot $21
Board [Ah 8d Th]
Seat 3: barkuda86 folded before Flop (didn't bet)
Seat 1: NagastiBagamba(small blind) folded before Flop
Seat 2: DolevDolev(big blind) folded on the Flop
Seat 8: 3d5067ec folded on the Flop
Seat 5: EliorDahan won ($21) with Pair of Aces
Seat 4: Hero folded before Flop (didn't bet)



Poker Hand #ring_1005314353: NLH No Limit ($3/$6) - 2025/07/21 22:37:09
Table 'Poker' 9-max Seat #5 is the button
Seat 3: barkuda86 ($262.44 in chips)
Seat 1: NagastiBagamba ($985.56 in chips)
Seat 2: DolevDolev ($618 in chips)
Seat 8: 3d5067ec ($447 in chips)
Seat 5: EliorDahan ($825 in chips)
Seat 4: Hero ($462 in chips)
3d5067ec: posts small blind $3
NagastiBagamba: posts big blind $6
*** HOLE CARDS ***
Dealt to barkuda86 
Dealt to NagastiBagamba 
Dealt to DolevDolev 
Dealt to 3d5067ec 
Dealt to EliorDahan 
Dealt to Hero [5h 2s]
DolevDolev: folds
barkuda86: calls $6
Hero: folds
EliorDahan: calls $6
3d5067ec: raises $12 to $18
NagastiBagamba: raises $36 to $54
barkuda86: calls $48
EliorDahan: folds
3d5067ec: raises $126 to $180
NagastiBagamba: raises $420 to $600
barkuda86: folds
3d5067ec: calls $267 and is all-in
Uncalled bet ($153) returned to NagastiBagamba
NagastiBagamba: shows [Ah Ks]
3d5067ec: shows [Kc Kh]
*** FIRST FLOP *** [8s Ad 6c]
*** SECOND FLOP *** [3c 6h Jc]
*** FIRST TURN *** [8s Ad 6c] [5d]
*** SECOND TURN *** [3c 6h Jc] [7s]
*** FIRST RIVER *** [8s Ad 6c 5d] [3h]
*** SECOND RIVER *** [3c 6h Jc 7s] [4c]
*** FIRST SHOWDOWN ***
NagastiBagamba collected $477 from pot
*** SECOND SHOWDOWN ***
3d5067ec collected $477 from pot
*** SUMMARY ***
Total pot $954
Hand was run two timesFIRST Board [8s Ad 6c 5d 3h]
SECOND Board [3c 6h Jc 7s 4c]
Seat 3: barkuda86 folded before Flop
Seat 1: NagastiBagamba(big blind) showed [Ah Ks] and won ($477) with Pair of Aces / Ace-High
Seat 2: DolevDolev folded before Flop (didn't bet)
Seat 8: 3d5067ec(small blind) showed [Kc Kh] and won ($477) with Pair of Kings / Pair of Kings
Seat 5: EliorDahan folded before Flop
Seat 4: Hero folded before Flop (didn't bet)



Poker Hand #ring_1005312704: NLH No Limit ($3/$6) - 2025/07/21 22:36:18
Table 'Poker' 9-max Seat #4 is the button
Seat 3: barkuda86 ($295.44 in chips)
Seat 1: NagastiBagamba ($985.56 in chips)
Seat 2: DolevDolev ($618 in chips)
Seat 8: 3d5067ec ($453 in chips)
Seat 5: EliorDahan ($786 in chips)
Seat 4: Hero ($462 in chips)
EliorDahan: posts small blind $3
3d5067ec: posts big blind $6
*** HOLE CARDS ***
Dealt to barkuda86 
Dealt to NagastiBagamba 
Dealt to DolevDolev 
Dealt to 3d5067ec 
Dealt to EliorDahan 
Dealt to Hero [8h 5c]
NagastiBagamba: folds
DolevDolev: folds
barkuda86: calls $6
Hero: folds
EliorDahan: calls $3
3d5067ec: checks
*** FLOP *** [2s Td Kc]
EliorDahan: bets $9
3d5067ec: folds
barkuda86: calls $9
*** TURN *** [2s Td Kc] [8s]
EliorDahan: bets $18
barkuda86: calls $18
*** RIVER *** [2s Td Kc 8s] [7s]
EliorDahan: checks
barkuda86: checks
barkuda86: shows [Tc Jc]
EliorDahan: shows [Js 9d]
*** SHOWDOWN ***
EliorDahan collected $72 from pot
*** SUMMARY ***
Total pot $72
Board [2s Td Kc 8s 7s]
Seat 3: barkuda86 showed [Tc Jc] and lost with Pair of Tens
Seat 1: NagastiBagamba folded before Flop (didn't bet)
Seat 2: DolevDolev folded before Flop (didn't bet)
Seat 8: 3d5067ec(big blind) folded on the Flop
Seat 5: EliorDahan(small blind) showed [Js 9d] and won ($72) with Jacks-High Straight
Seat 4: Hero folded before Flop (didn't bet)



Poker Hand #ring_1005311311: NLH No Limit ($3/$6) - 2025/07/21 22:35:34
Table 'Poker' 9-max Seat #3 is the button
Seat 3: barkuda86 ($241.44 in chips)
Seat 1: NagastiBagamba ($985.56 in chips)
Seat 2: DolevDolev ($618 in chips)
Seat 8: 3d5067ec ($477 in chips)
Seat 5: EliorDahan ($792 in chips)
Seat 4: Hero ($486 in chips)
Hero: posts small blind $3
EliorDahan: posts big blind $6
*** HOLE CARDS ***
Dealt to barkuda86 
Dealt to NagastiBagamba 
Dealt to DolevDolev 
Dealt to 3d5067ec 
Dealt to EliorDahan 
Dealt to Hero [Ks Qh]
3d5067ec: calls $6
NagastiBagamba: folds
DolevDolev: folds
barkuda86: raises $18 to $24
Hero: calls $21
EliorDahan: folds
3d5067ec: calls $18
*** FLOP *** [5h 7c Td]
Hero: checks
3d5067ec: checks
barkuda86: bets $217.44 and is all-in
Hero: folds
3d5067ec: folds
Uncalled bet ($217.44) returned to barkuda86
*** SHOWDOWN ***
barkuda86 collected $78 from pot
*** SUMMARY ***
Total pot $78
Board [5h 7c Td]
Seat 3: barkuda86won ($78) with Ace-High
Seat 1: NagastiBagamba folded before Flop (didn't bet)
Seat 2: DolevDolev folded before Flop (didn't bet)
Seat 8: 3d5067ec folded on the Flop
Seat 5: EliorDahan(big blind) folded before Flop
Seat 4: Hero(small blind) folded on the Flop



Poker Hand #ring_1005306977: NLH No Limit ($3/$6) - 2025/07/21 22:33:22
Table 'Poker' 9-max Seat #2 is the button
Seat 3: barkuda86 ($597 in chips)
Seat 1: NagastiBagamba ($624 in chips)
Seat 2: DolevDolev ($618 in chips)
Seat 8: 3d5067ec ($477 in chips)
Seat 5: EliorDahan ($792 in chips)
Seat 4: Hero ($492 in chips)
barkuda86: posts small blind $3
Hero: posts big blind $6
*** HOLE CARDS ***
Dealt to barkuda86 
Dealt to NagastiBagamba 
Dealt to DolevDolev 
Dealt to 3d5067ec 
Dealt to EliorDahan 
Dealt to Hero [4c 6s]
EliorDahan: folds
3d5067ec: folds
NagastiBagamba: raises $18 to $24
DolevDolev: folds
barkuda86: calls $21
Hero: folds
*** FLOP *** [7s 3d Qs]
barkuda86: bets $27
NagastiBagamba: calls $27
*** TURN *** [7s 3d Qs] [5d]
barkuda86: checks
NagastiBagamba: bets $54
barkuda86: raises $71.28 to $125.28
NagastiBagamba: calls $71.28
*** RIVER *** [7s 3d Qs 5d] [As]
barkuda86: checks
NagastiBagamba: bets $179.28
barkuda86: calls $179.28
NagastiBagamba: shows [Js 9s]
barkuda86: shows [Ah 3h]
*** SHOWDOWN ***
NagastiBagamba collected $717.12 from pot
*** SUMMARY ***
Total pot $717.12
Board [7s 3d Qs 5d As]
Seat 3: barkuda86(small blind) showed [Ah 3h] and lost with Pair of Aces and Pair of Treys
Seat 1: NagastiBagamba showed [Js 9s] and won ($717.12) with Ace High Flush
Seat 2: DolevDolev folded before Flop (didn't bet)
Seat 8: 3d5067ec folded before Flop (didn't bet)
Seat 5: EliorDahan folded before Flop (didn't bet)
Seat 4: Hero(big blind) folded before Flop



Poker Hand #ring_1005305716: NLH No Limit ($3/$6) - 2025/07/21 22:32:44
Table 'Poker' 9-max Seat #1 is the button
Seat 3: barkuda86 ($609 in chips)
Seat 1: NagastiBagamba ($624 in chips)
Seat 2: DolevDolev ($594 in chips)
Seat 8: 3d5067ec ($489 in chips)
Seat 5: EliorDahan ($792 in chips)
Seat 4: Hero ($492 in chips)
DolevDolev: posts small blind $3
barkuda86: posts big blind $6
*** HOLE CARDS ***
Dealt to barkuda86 
Dealt to NagastiBagamba 
Dealt to DolevDolev 
Dealt to 3d5067ec 
Dealt to EliorDahan 
Dealt to Hero [7c 6d]
Hero: folds
EliorDahan: folds
3d5067ec: calls $6
NagastiBagamba: folds
DolevDolev: raises $6 to $12
barkuda86: calls $6
3d5067ec: calls $6
*** FLOP *** [Jc 4d Qs]
DolevDolev: bets $18
barkuda86: folds
3d5067ec: folds
Uncalled bet ($18) returned to DolevDolev
*** SHOWDOWN ***
DolevDolev collected $36 from pot
*** SUMMARY ***
Total pot $36
Board [Jc 4d Qs]
Seat 3: barkuda86(big blind) folded on the Flop
Seat 1: NagastiBagamba folded before Flop (didn't bet)
Seat 2: DolevDolev(small blind)won ($36) with Pair of Jacks
Seat 8: 3d5067ec folded on the Flop
Seat 5: EliorDahan folded before Flop (didn't bet)
Seat 4: Hero folded before Flop (didn't bet)



Poker Hand #ring_1005304229: NLH No Limit ($3/$6) - 2025/07/21 22:31:58
Table 'Poker' 9-max Seat #8 is the button
Seat 3: barkuda86 ($609 in chips)
Seat 1: NagastiBagamba ($630 in chips)
Seat 2: DolevDolev ($600 in chips)
Seat 8: 3d5067ec ($477 in chips)
Seat 5: EliorDahan ($792 in chips)
Seat 4: Hero ($492 in chips)
NagastiBagamba: posts small blind $3
DolevDolev: posts big blind $6
*** HOLE CARDS ***
Dealt to barkuda86 
Dealt to NagastiBagamba 
Dealt to DolevDolev 
Dealt to 3d5067ec 
Dealt to EliorDahan 
Dealt to Hero [8h Kc]
barkuda86: folds
Hero: folds
EliorDahan: folds
3d5067ec: calls $6
NagastiBagamba: calls $3
DolevDolev: checks
*** FLOP *** [Jd 6c 3c]
NagastiBagamba: checks
DolevDolev: checks
3d5067ec: checks
*** TURN *** [Jd 6c 3c] [7d]
NagastiBagamba: checks
DolevDolev: checks
3d5067ec: checks
*** RIVER *** [Jd 6c 3c 7d] [7s]
NagastiBagamba: checks
DolevDolev: checks
3d5067ec: checks
NagastiBagamba: shows [Td 4d]
DolevDolev: shows [2h 5h]
3d5067ec: shows [9h Qc]
*** SHOWDOWN ***
3d5067ec collected $18 from pot
*** SUMMARY ***
Total pot $18
Board [Jd 6c 3c 7d 7s]
Seat 3: barkuda86 folded before Flop (didn't bet)
Seat 1: NagastiBagamba(small blind) showed [Td 4d] and lost with Pair of Sevens
Seat 2: DolevDolev(big blind) showed [2h 5h] and lost with Pair of Sevens
Seat 8: 3d5067ec showed [9h Qc] and won ($18) with Pair of Sevens
Seat 5: EliorDahan folded before Flop (didn't bet)
Seat 4: Hero folded before Flop (didn't bet)



Poker Hand #ring_1005300869: NLH No Limit ($3/$6) - 2025/07/21 22:30:16
Table 'Poker' 9-max Seat #5 is the button
Seat 3: barkuda86 ($609 in chips)
Seat 1: NagastiBagamba ($636 in chips)
Seat 2: DolevDolev ($606 in chips)
Seat 8: 3d5067ec ($501 in chips)
Seat 5: EliorDahan ($690 in chips)
Seat 4: Hero ($558 in chips)
3d5067ec: posts small blind $3
NagastiBagamba: posts big blind $6
*** HOLE CARDS ***
Dealt to barkuda86 
Dealt to NagastiBagamba 
Dealt to DolevDolev 
Dealt to 3d5067ec 
Dealt to EliorDahan 
Dealt to Hero [Tc Td]
DolevDolev: calls $6
barkuda86: folds
Hero: raises $18 to $24
EliorDahan: calls $24
3d5067ec: calls $21
NagastiBagamba: folds
DolevDolev: folds
*** FLOP *** [Kh Js 6c]
3d5067ec: checks
Hero: checks
EliorDahan: checks
*** TURN *** [Kh Js 6c] [9s]
3d5067ec: checks
Hero: bets $42
EliorDahan: calls $42
3d5067ec: folds
*** RIVER *** [Kh Js 6c 9s] [Ks]
Hero: checks
EliorDahan: bets $84
Hero: folds
Uncalled bet ($84) returned to EliorDahan
*** SHOWDOWN ***
EliorDahan collected $168 from pot
*** SUMMARY ***
Total pot $168
Board [Kh Js 6c 9s Ks]
Seat 3: barkuda86 folded before Flop (didn't bet)
Seat 1: NagastiBagamba(big blind) folded before Flop
Seat 2: DolevDolev folded before Flop
Seat 8: 3d5067ec(small blind) folded on the Turn
Seat 5: EliorDahan won ($168) with Pair of Kings and Pair of Nines
Seat 4: Hero folded on the River



Poker Hand #ring_1005299963: NLH No Limit ($3/$6) - 2025/07/21 22:29:47
Table 'Poker' 9-max Seat #4 is the button
Seat 3: barkuda86 ($609 in chips)
Seat 1: NagastiBagamba ($636 in chips)
Seat 2: DolevDolev ($606 in chips)
Seat 8: 3d5067ec ($516 in chips)
Seat 5: EliorDahan ($693 in chips)
Seat 4: Hero ($540 in chips)
EliorDahan: posts small blind $3
3d5067ec: posts big blind $6
*** HOLE CARDS ***
Dealt to barkuda86 
Dealt to NagastiBagamba 
Dealt to DolevDolev 
Dealt to 3d5067ec 
Dealt to EliorDahan 
Dealt to Hero [9s 7h]
NagastiBagamba: folds
DolevDolev: folds
barkuda86: folds
Hero: raises $9 to $15
EliorDahan: folds
3d5067ec: calls $9
*** FLOP *** [5c 5h Jh]
3d5067ec: checks
Hero: bets $9.9
3d5067ec: folds
Uncalled bet ($9.9) returned to Hero
*** SHOWDOWN ***
Hero collected $33 from pot
*** SUMMARY ***
Total pot $33
Board [5c 5h Jh]
Seat 3: barkuda86 folded before Flop (didn't bet)
Seat 1: NagastiBagamba folded before Flop (didn't bet)
Seat 2: DolevDolev folded before Flop (didn't bet)
Seat 8: 3d5067ec(big blind) folded on the Flop
Seat 5: EliorDahan(small blind) folded before Flop
Seat 4: Hero won ($33) with Pair of Fives



Poker Hand #ring_1005298495: NLH No Limit ($3/$6) - 2025/07/21 22:29:02
Table 'Poker' 9-max Seat #3 is the button
Seat 3: barkuda86 ($609 in chips)
Seat 1: NagastiBagamba ($564 in chips)
Seat 2: DolevDolev ($606 in chips)
Seat 8: 3d5067ec ($540 in chips)
Seat 5: EliorDahan ($717 in chips)
Seat 4: Hero ($564 in chips)
Hero: posts small blind $3
EliorDahan: posts big blind $6
*** HOLE CARDS ***
Dealt to barkuda86 
Dealt to NagastiBagamba 
Dealt to DolevDolev 
Dealt to 3d5067ec 
Dealt to EliorDahan 
Dealt to Hero [Ks 7s]
3d5067ec: calls $6
NagastiBagamba: calls $6
DolevDolev: folds
barkuda86: folds
Hero: calls $3
EliorDahan: raises $18 to $24
3d5067ec: calls $18
NagastiBagamba: calls $18
Hero: calls $18
*** FLOP *** [3h Js 9c]
Hero: checks
EliorDahan: checks
3d5067ec: checks
NagastiBagamba: bets $57
Hero: folds
EliorDahan: folds
3d5067ec: folds
Uncalled bet ($57) returned to NagastiBagamba
*** SHOWDOWN ***
NagastiBagamba collected $96 from pot
*** SUMMARY ***
Total pot $96
Board [3h Js 9c]
Seat 3: barkuda86 folded before Flop (didn't bet)
Seat 1: NagastiBagamba won ($96) with Pair of Jacks
Seat 2: DolevDolev folded before Flop (didn't bet)
Seat 8: 3d5067ec folded on the Flop
Seat 5: EliorDahan(big blind) folded on the Flop
Seat 4: Hero(small blind) folded on the Flop



Poker Hand #ring_1005296348: NLH No Limit ($3/$6) - 2025/07/21 22:27:57
Table 'Poker' 9-max Seat #2 is the button
Seat 3: barkuda86 ($615 in chips)
Seat 1: NagastiBagamba ($585 in chips)
Seat 2: DolevDolev ($612 in chips)
Seat 8: 3d5067ec ($546 in chips)
Seat 5: EliorDahan ($717 in chips)
Seat 4: Hero ($525 in chips)
barkuda86: posts small blind $3
Hero: posts big blind $6
*** HOLE CARDS ***
Dealt to barkuda86 
Dealt to NagastiBagamba 
Dealt to DolevDolev 
Dealt to 3d5067ec 
Dealt to EliorDahan 
Dealt to Hero [3c Qh]
EliorDahan: folds
3d5067ec: calls $6
NagastiBagamba: calls $6
DolevDolev: calls $6
barkuda86: calls $3
Hero: checks
*** FLOP *** [3d Qd 7h]
barkuda86: checks
Hero: bets $15
3d5067ec: folds
NagastiBagamba: calls $15
DolevDolev: folds
barkuda86: folds
*** TURN *** [3d Qd 7h] [5h]
Hero: bets $30
NagastiBagamba: folds
Uncalled bet ($30) returned to Hero
*** SHOWDOWN ***
Hero collected $60 from pot
*** SUMMARY ***
Total pot $60
Board [3d Qd 7h 5h]
Seat 3: barkuda86(small blind) folded on the Flop
Seat 1: NagastiBagamba folded on the Turn
Seat 2: DolevDolev folded on the Flop
Seat 8: 3d5067ec folded on the Flop
Seat 5: EliorDahan folded before Flop (didn't bet)
Seat 4: Hero(big blind)won ($60) with Pair of Queens and Pair of Treys



Poker Hand #ring_1005294546: NLH No Limit ($3/$6) - 2025/07/21 22:27:01
Table 'Poker' 9-max Seat #1 is the button
Seat 3: barkuda86 ($576 in chips)
Seat 1: NagastiBagamba ($585 in chips)
Seat 2: DolevDolev ($615 in chips)
Seat 8: 3d5067ec ($564 in chips)
Seat 5: EliorDahan ($717 in chips)
Seat 4: Hero ($543 in chips)
DolevDolev: posts small blind $3
barkuda86: posts big blind $6
*** HOLE CARDS ***
Dealt to barkuda86 
Dealt to NagastiBagamba 
Dealt to DolevDolev 
Dealt to 3d5067ec 
Dealt to EliorDahan 
Dealt to Hero [Ah 4h]
Hero: raises $12 to $18
EliorDahan: folds
3d5067ec: calls $18
NagastiBagamba: folds
DolevDolev: folds
barkuda86: calls $12
*** FLOP *** [Kc 4d Qh]
barkuda86: checks
Hero: checks
3d5067ec: checks
*** TURN *** [Kc 4d Qh] [9c]
barkuda86: checks
Hero: checks
3d5067ec: checks
*** RIVER *** [Kc 4d Qh 9c] [9d]
barkuda86: checks
Hero: checks
3d5067ec: checks
barkuda86: shows [Tc Jd]
Hero: shows [Ah 4h]
3d5067ec: shows [2c Ac]
*** SHOWDOWN ***
barkuda86 collected $57 from pot
*** SUMMARY ***
Total pot $57
Board [Kc 4d Qh 9c 9d]
Seat 3: barkuda86(big blind) showed [Tc Jd] and won ($57) with Kings-High Straight
Seat 1: NagastiBagamba folded before Flop (didn't bet)
Seat 2: DolevDolev(small blind) folded before Flop
Seat 8: 3d5067ec showed [2c Ac] and lost with Pair of Nines
Seat 5: EliorDahan folded before Flop (didn't bet)
Seat 4: Hero showed [Ah 4h] and lost with Pair of Nines and Pair of Fours



Poker Hand #ring_1005293182: NLH No Limit ($3/$6) - 2025/07/21 22:26:20
Table 'Poker' 9-max Seat #8 is the button
Seat 3: barkuda86 ($582 in chips)
Seat 1: NagastiBagamba ($573 in chips)
Seat 2: DolevDolev ($621 in chips)
Seat 8: 3d5067ec ($564 in chips)
Seat 5: EliorDahan ($717 in chips)
Seat 4: Hero ($543 in chips)
NagastiBagamba: posts small blind $3
DolevDolev: posts big blind $6
*** HOLE CARDS ***
Dealt to barkuda86 
Dealt to NagastiBagamba 
Dealt to DolevDolev 
Dealt to 3d5067ec 
Dealt to EliorDahan 
Dealt to Hero [9h Ad]
barkuda86: calls $6
Hero: folds
EliorDahan: folds
3d5067ec: folds
NagastiBagamba: raises $18 to $24
DolevDolev: folds
barkuda86: folds
Uncalled bet ($18) returned to NagastiBagamba
*** SHOWDOWN ***
NagastiBagamba collected $18 from pot
*** SUMMARY ***
Total pot $18
Seat 3: barkuda86 folded before Flop
Seat 1: NagastiBagamba(small blind)won ($18)
Seat 2: DolevDolev(big blind) folded before Flop
Seat 8: 3d5067ec folded before Flop (didn't bet)
Seat 5: EliorDahan folded before Flop (didn't bet)
Seat 4: Hero folded before Flop (didn't bet)



Poker Hand #ring_1005292304: NLH No Limit ($3/$6) - 2025/07/21 22:25:53
Table 'Poker' 9-max Seat #5 is the button
Seat 3: barkuda86 ($582 in chips)
Seat 1: NagastiBagamba ($579 in chips)
Seat 2: DolevDolev ($627 in chips)
Seat 8: 3d5067ec ($567 in chips)
Seat 5: EliorDahan ($717 in chips)
Seat 4: Hero ($528 in chips)
3d5067ec: posts small blind $3
NagastiBagamba: posts big blind $6
*** HOLE CARDS ***
Dealt to barkuda86 
Dealt to NagastiBagamba 
Dealt to DolevDolev 
Dealt to 3d5067ec 
Dealt to EliorDahan 
Dealt to Hero [Ac Kh]
DolevDolev: calls $6
barkuda86: folds
Hero: raises $18 to $24
EliorDahan: folds
3d5067ec: folds
NagastiBagamba: folds
DolevDolev: folds
Uncalled bet ($18) returned to Hero
*** SHOWDOWN ***
Hero collected $21 from pot
*** SUMMARY ***
Total pot $21
Seat 3: barkuda86 folded before Flop (didn't bet)
Seat 1: NagastiBagamba(big blind) folded before Flop
Seat 2: DolevDolev folded before Flop
Seat 8: 3d5067ec(small blind) folded before Flop
Seat 5: EliorDahan folded before Flop (didn't bet)
Seat 4: Hero won ($21)



Poker Hand #ring_1005290800: NLH No Limit ($3/$6) - 2025/07/21 22:25:07
Table 'Poker' 9-max Seat #4 is the button
Seat 3: barkuda86 ($582 in chips)
Seat 1: NagastiBagamba ($606 in chips)
Seat 2: DolevDolev ($570 in chips)
Seat 8: 3d5067ec ($594 in chips)
Seat 5: EliorDahan ($720 in chips)
Seat 4: Hero ($528 in chips)
EliorDahan: posts small blind $3
3d5067ec: posts big blind $6
*** HOLE CARDS ***
Dealt to barkuda86 
Dealt to NagastiBagamba 
Dealt to DolevDolev 
Dealt to 3d5067ec 
Dealt to EliorDahan 
Dealt to Hero [8d Ah]
NagastiBagamba: calls $6
DolevDolev: raises $21 to $27
barkuda86: folds
Hero: folds
EliorDahan: folds
3d5067ec: calls $21
NagastiBagamba: calls $21
*** FLOP *** [Kd Qd 4c]
3d5067ec: checks
NagastiBagamba: checks
DolevDolev: bets $84
3d5067ec: folds
NagastiBagamba: folds
Uncalled bet ($84) returned to DolevDolev
*** SHOWDOWN ***
DolevDolev collected $84 from pot
*** SUMMARY ***
Total pot $84
Board [Kd Qd 4c]
Seat 3: barkuda86 folded before Flop (didn't bet)
Seat 1: NagastiBagamba folded on the Flop
Seat 2: DolevDolevwon ($84) with Pair of Aces
Seat 8: 3d5067ec(big blind) folded on the Flop
Seat 5: EliorDahan(small blind) folded before Flop
Seat 4: Hero folded before Flop (didn't bet)



Poker Hand #ring_1005289581: NLH No Limit ($3/$6) - 2025/07/21 22:24:29
Table 'Poker' 9-max Seat #3 is the button
Seat 3: barkuda86 ($588 in chips)
Seat 1: NagastiBagamba ($612 in chips)
Seat 2: DolevDolev ($576 in chips)
Seat 8: 3d5067ec ($600 in chips)
Seat 5: EliorDahan ($726 in chips)
Seat 4: Hero ($498 in chips)
Hero: posts small blind $3
EliorDahan: posts big blind $6
3d5067ec: posts big blind $6
*** HOLE CARDS ***
Dealt to barkuda86 
Dealt to NagastiBagamba 
Dealt to DolevDolev 
Dealt to 3d5067ec 
Dealt to EliorDahan 
Dealt to Hero [Qd 9d]
3d5067ec: checks
NagastiBagamba: calls $6
DolevDolev: calls $6
barkuda86: calls $6
Hero: raises $42 to $48
EliorDahan: folds
3d5067ec: folds
NagastiBagamba: folds
DolevDolev: folds
barkuda86: folds
Uncalled bet ($42) returned to Hero
*** SHOWDOWN ***
Hero collected $36 from pot
*** SUMMARY ***
Total pot $36
Seat 3: barkuda86 folded before Flop
Seat 1: NagastiBagamba folded before Flop
Seat 2: DolevDolev folded before Flop
Seat 8: 3d5067ec folded before Flop
Seat 5: EliorDahan(big blind) folded before Flop
Seat 4: Hero(small blind)won ($36)



Poker Hand #ring_1005288522: NLH No Limit ($3/$6) - 2025/07/21 22:23:57
Table 'Poker' 9-max Seat #2 is the button
Seat 3: barkuda86 ($564 in chips)
Seat 1: NagastiBagamba ($630 in chips)
Seat 2: DolevDolev ($576 in chips)
Seat 5: EliorDahan ($726 in chips)
Seat 4: Hero ($504 in chips)
barkuda86: posts small blind $3
Hero: posts big blind $6
*** HOLE CARDS ***
Dealt to barkuda86 
Dealt to NagastiBagamba 
Dealt to DolevDolev 
Dealt to EliorDahan 
Dealt to Hero [3s Kc]
EliorDahan: folds
NagastiBagamba: calls $6
DolevDolev: folds
barkuda86: raises $12 to $18
Hero: folds
NagastiBagamba: calls $12
*** FLOP *** [8d Qs Kd]
barkuda86: bets $21
NagastiBagamba: folds
Uncalled bet ($21) returned to barkuda86
*** SHOWDOWN ***
barkuda86 collected $42 from pot
*** SUMMARY ***
Total pot $42
Board [8d Qs Kd]
Seat 3: barkuda86(small blind)won ($42) with Ace-High
Seat 1: NagastiBagamba folded on the Flop
Seat 2: DolevDolev folded before Flop (didn't bet)
Seat 5: EliorDahan folded before Flop (didn't bet)
Seat 4: Hero(big blind) folded before Flop



Poker Hand #ring_1005286275: NLH No Limit ($3/$6) - 2025/07/21 22:22:48
Table 'Poker' 9-max Seat #1 is the button
Seat 3: barkuda86 ($579 in chips)
Seat 1: NagastiBagamba ($630 in chips)
Seat 2: DolevDolev ($582 in chips)
Seat 5: EliorDahan ($705 in chips)
Seat 4: Hero ($504 in chips)
DolevDolev: posts small blind $3
barkuda86: posts big blind $6
*** HOLE CARDS ***
Dealt to barkuda86 
Dealt to NagastiBagamba 
Dealt to DolevDolev 
Dealt to EliorDahan 
Dealt to Hero [2c 4c]
Hero: folds
EliorDahan: calls $6
NagastiBagamba: folds
DolevDolev: calls $3
barkuda86: checks
*** FLOP *** [Td 9h Jh]
DolevDolev: checks
barkuda86: checks
EliorDahan: checks
*** TURN *** [Td 9h Jh] [Ac]
DolevDolev: checks
barkuda86: bets $9
EliorDahan: calls $9
DolevDolev: folds
*** RIVER *** [Td 9h Jh Ac] [6h]
barkuda86: checks
EliorDahan: bets $36
barkuda86: folds
Uncalled bet ($36) returned to EliorDahan
*** SHOWDOWN ***
EliorDahan collected $36 from pot
*** SUMMARY ***
Total pot $36
Board [Td 9h Jh Ac 6h]
Seat 3: barkuda86(big blind) folded on the River
Seat 1: NagastiBagamba folded before Flop (didn't bet)
Seat 2: DolevDolev(small blind) folded on the Turn
Seat 5: EliorDahan won ($36) with Pair of Aces
Seat 4: Hero folded before Flop (didn't bet)



Poker Hand #ring_1005284579: NLH No Limit ($3/$6) - 2025/07/21 22:21:58
Table 'Poker' 9-max Seat #5 is the button
Seat 3: barkuda86 ($579 in chips)
Seat 1: NagastiBagamba ($642 in chips)
Seat 2: DolevDolev ($594 in chips)
Seat 5: EliorDahan ($681 in chips)
Seat 4: Hero ($504 in chips)
NagastiBagamba: posts small blind $3
DolevDolev: posts big blind $6
*** HOLE CARDS ***
Dealt to barkuda86 
Dealt to NagastiBagamba 
Dealt to DolevDolev 
Dealt to EliorDahan 
Dealt to Hero [3c 9h]
barkuda86: folds
Hero: folds
EliorDahan: raises $6 to $12
NagastiBagamba: calls $9
DolevDolev: calls $6
*** FLOP *** [Ad Qs Kd]
NagastiBagamba: checks
DolevDolev: checks
EliorDahan: bets $27
NagastiBagamba: folds
DolevDolev: folds
Uncalled bet ($27) returned to EliorDahan
*** SHOWDOWN ***
EliorDahan collected $36 from pot
*** SUMMARY ***
Total pot $36
Board [Ad Qs Kd]
Seat 3: barkuda86 folded before Flop (didn't bet)
Seat 1: NagastiBagamba(small blind) folded on the Flop
Seat 2: DolevDolev(big blind) folded on the Flop
Seat 5: EliorDahan won ($36) with Pair of Aces
Seat 4: Hero folded before Flop (didn't bet)



Poker Hand #ring_1005283329: NLH No Limit ($3/$6) - 2025/07/21 22:21:18
Table 'Poker' 9-max Seat #4 is the button
Seat 3: barkuda86 ($609 in chips)
Seat 1: NagastiBagamba ($600 in chips)
Seat 2: DolevDolev ($600 in chips)
Seat 5: EliorDahan ($687 in chips)
Seat 4: Hero ($504 in chips)
EliorDahan: posts small blind $3
NagastiBagamba: posts big blind $6
DolevDolev: posts big blind $6
*** HOLE CARDS ***
Dealt to barkuda86 
Dealt to NagastiBagamba 
Dealt to DolevDolev 
Dealt to EliorDahan 
Dealt to Hero [6h 9s]
DolevDolev: checks
barkuda86: calls $6
Hero: folds
EliorDahan: calls $3
NagastiBagamba: raises $24 to $30
DolevDolev: folds
barkuda86: calls $24
EliorDahan: folds
*** FLOP *** [8h 4h Qd]
NagastiBagamba: bets $23.76
barkuda86: folds
Uncalled bet ($23.76) returned to NagastiBagamba
*** SHOWDOWN ***
NagastiBagamba collected $72 from pot
*** SUMMARY ***
Total pot $72
Board [8h 4h Qd]
Seat 3: barkuda86 folded on the Flop
Seat 1: NagastiBagamba(big blind)won ($72) with King-High
Seat 2: DolevDolev folded before Flop
Seat 5: EliorDahan(small blind) folded before Flop
Seat 4: Hero folded before Flop (didn't bet)



Poker Hand #ring_1005282239: NLH No Limit ($3/$6) - 2025/07/21 22:20:45
Table 'Poker' 9-max Seat #3 is the button
Seat 3: barkuda86 ($615 in chips)
Seat 5: EliorDahan ($693 in chips)
Seat 4: Hero ($492 in chips)
Hero: posts small blind $3
EliorDahan: posts big blind $6
*** HOLE CARDS ***
Dealt to barkuda86 
Dealt to EliorDahan 
Dealt to Hero [9s Js]
barkuda86: calls $6
Hero: raises $12 to $18
EliorDahan: folds
barkuda86: folds
Uncalled bet ($12) returned to Hero
*** SHOWDOWN ***
Hero collected $18 from pot
*** SUMMARY ***
Total pot $18
Seat 3: barkuda86 folded before Flop
Seat 5: EliorDahan(big blind) folded before Flop
Seat 4: Hero(small blind)won ($18)



Poker Hand #ring_1005281726: NLH No Limit ($3/$6) - 2025/07/21 22:20:30
Table 'Poker' 9-max Seat #5 is the button
Seat 3: barkuda86 ($618 in chips)
Seat 5: EliorDahan ($693 in chips)
Seat 4: Hero ($489 in chips)
barkuda86: posts small blind $3
Hero: posts big blind $6
*** HOLE CARDS ***
Dealt to barkuda86 
Dealt to EliorDahan 
Dealt to Hero [2s 2h]
EliorDahan: folds
barkuda86: folds
*** SHOWDOWN ***
Hero collected $9 from pot
*** SUMMARY ***
Total pot $9
Seat 3: barkuda86(small blind) folded before Flop
Seat 5: EliorDahan folded before Flop (didn't bet)
Seat 4: Hero(big blind)won ($9)



Poker Hand #ring_1005280639: NLH No Limit ($3/$6) - 2025/07/21 22:19:57
Table 'Poker' 9-max Seat #4 is the button
Seat 3: barkuda86 ($594 in chips)
Seat 5: EliorDahan ($717 in chips)
Seat 4: Hero ($489 in chips)
EliorDahan: posts small blind $3
barkuda86: posts big blind $6
*** HOLE CARDS ***
Dealt to barkuda86 
Dealt to EliorDahan 
Dealt to Hero [4c Js]
Hero: folds
EliorDahan: raises $6 to $12
barkuda86: calls $6
*** FLOP *** [Qd 6c Qh]
EliorDahan: bets $12
barkuda86: raises $24 to $36
EliorDahan: folds
Uncalled bet ($24) returned to barkuda86
*** SHOWDOWN ***
barkuda86 collected $48 from pot
*** SUMMARY ***
Total pot $48
Board [Qd 6c Qh]
Seat 3: barkuda86(big blind)won ($48) with Three Queens
Seat 5: EliorDahan(small blind) folded on the Flop
Seat 4: Hero folded before Flop (didn't bet)



Poker Hand #ring_1005278738: NLH No Limit ($3/$6) - 2025/07/21 22:19:01
Table 'Poker' 9-max Seat #3 is the button
Seat 3: barkuda86 ($594 in chips)
Seat 5: EliorDahan ($657 in chips)
Seat 4: Hero ($549 in chips)
Hero: posts small blind $3
EliorDahan: posts big blind $6
*** HOLE CARDS ***
Dealt to barkuda86 
Dealt to EliorDahan 
Dealt to Hero [5h Qs]
barkuda86: folds
Hero: raises $9 to $15
EliorDahan: calls $9
*** FLOP *** [5d As 6s]
Hero: bets $15
EliorDahan: calls $15
*** TURN *** [5d As 6s] [9d]
Hero: checks
EliorDahan: bets $30
Hero: calls $30
*** RIVER *** [5d As 6s 9d] [Th]
Hero: checks
EliorDahan: checks
Hero: shows [5h Qs]
EliorDahan: shows [Ad 7c]
*** SHOWDOWN ***
EliorDahan collected $120 from pot
*** SUMMARY ***
Total pot $120
Board [5d As 6s 9d Th]
Seat 3: barkuda86 folded before Flop (didn't bet)
Seat 5: EliorDahan(big blind) showed [Ad 7c] and won ($120) with Pair of Aces
Seat 4: Hero(small blind) showed [5h Qs] and lost with Pair of Fives



Poker Hand #ring_1005278006: NLH No Limit ($3/$6) - 2025/07/21 22:18:39
Table 'Poker' 9-max Seat #5 is the button
Seat 3: barkuda86 ($588 in chips)
Seat 5: EliorDahan ($657 in chips)
Seat 4: Hero ($555 in chips)
barkuda86: posts small blind $3
Hero: posts big blind $6
*** HOLE CARDS ***
Dealt to barkuda86 
Dealt to EliorDahan 
Dealt to Hero [3h Qs]
EliorDahan: folds
barkuda86: calls $3
Hero: checks
*** FLOP *** [Tc Ac Td]
barkuda86: bets $6
Hero: folds
Uncalled bet ($6) returned to barkuda86
*** SHOWDOWN ***
barkuda86 collected $12 from pot
*** SUMMARY ***
Total pot $12
Board [Tc Ac Td]
Seat 3: barkuda86(small blind)won ($12) with Pair of Aces and Pair of Tens
Seat 5: EliorDahan folded before Flop (didn't bet)
Seat 4: Hero(big blind) folded on the Flop



Poker Hand #ring_1005276667: NLH No Limit ($3/$6) - 2025/07/21 22:17:59
Table 'Poker' 9-max Seat #4 is the button
Seat 3: barkuda86 ($606 in chips)
Seat 5: EliorDahan ($621 in chips)
Seat 4: Hero ($573 in chips)
EliorDahan: posts small blind $3
barkuda86: posts big blind $6
*** HOLE CARDS ***
Dealt to barkuda86 
Dealt to EliorDahan 
Dealt to Hero [9d Ad]
Hero: raises $12 to $18
EliorDahan: calls $15
barkuda86: calls $12
*** FLOP *** [Kc 6s 3c]
EliorDahan: checks
barkuda86: checks
Hero: checks
*** TURN *** [Kc 6s 3c] [5c]
EliorDahan: bets $27
barkuda86: folds
Hero: folds
Uncalled bet ($27) returned to EliorDahan
*** SHOWDOWN ***
EliorDahan collected $54 from pot
*** SUMMARY ***
Total pot $54
Board [Kc 6s 3c 5c]
Seat 3: barkuda86(big blind) folded on the Turn
Seat 5: EliorDahan(small blind)won ($54) with Pair of Kings
Seat 4: Hero folded on the Turn



Poker Hand #ring_1005275190: NLH No Limit ($3/$6) - 2025/07/21 22:17:14
Table 'Poker' 9-max Seat #3 is the button
Seat 3: barkuda86 ($606 in chips)
Seat 5: EliorDahan ($597 in chips)
Seat 4: Hero ($597 in chips)
Hero: posts small blind $3
EliorDahan: posts big blind $6
*** HOLE CARDS ***
Dealt to barkuda86 
Dealt to EliorDahan 
Dealt to Hero [3s 7s]
barkuda86: folds
Hero: calls $3
EliorDahan: checks
*** FLOP *** [2h 6c 5h]
Hero: bets $6
EliorDahan: calls $6
*** TURN *** [2h 6c 5h] [Ks]
Hero: bets $12
EliorDahan: raises $15.84 to $27.84
Hero: folds
Uncalled bet ($15.84) returned to EliorDahan
barkuda86: shows [2c 5s]
*** SHOWDOWN ***
EliorDahan collected $48 from pot
*** SUMMARY ***
Total pot $48
Board [2h 6c 5h Ks]
Seat 3: barkuda86 folded before Flop (didn't bet)
Seat 5: EliorDahan(big blind)won ($48) with King-High
Seat 4: Hero(small blind) folded on the Turn



Poker Hand #ring_1005274771: NLH No Limit ($3/$6) - 2025/07/21 22:17:02
Table 'Poker' 9-max Seat #3 is the button
Seat 3: barkuda86 ($609 in chips)
Seat 4: Hero ($594 in chips)
barkuda86: posts small blind $3
Hero: posts big blind $6
*** HOLE CARDS ***
Dealt to barkuda86 
Dealt to Hero [Jd 2s]
barkuda86: folds
*** SHOWDOWN ***
Hero collected $9 from pot
*** SUMMARY ***
Total pot $9
Seat 3: barkuda86(small blind) folded before Flop
Seat 4: Hero(big blind)won ($9)



Poker Hand #ring_1005273675: NLH No Limit ($3/$6) - 2025/07/21 22:16:29
Table 'Poker' 9-max Seat #4 is the button
Seat 3: barkuda86 ($594 in chips)
Seat 4: Hero ($609 in chips)
Hero: posts small blind $3
barkuda86: posts big blind $6
*** HOLE CARDS ***
Dealt to barkuda86 
Dealt to Hero [2s 6s]
Hero: calls $3
barkuda86: checks
*** FLOP *** [5d 5h 9c]
barkuda86: checks
Hero: checks
*** TURN *** [5d 5h 9c] [4h]
barkuda86: bets $9
Hero: calls $9
*** RIVER *** [5d 5h 9c 4h] [6d]
barkuda86: checks
Hero: checks
barkuda86: shows [Jc 9h]
Hero: shows [2s 6s]
*** SHOWDOWN ***
barkuda86 collected $30 from pot
*** SUMMARY ***
Total pot $30
Board [5d 5h 9c 4h 6d]
Seat 3: barkuda86(big blind) showed [Jc 9h] and won ($30) with Pair of Nines and Pair of Fives
Seat 4: Hero(small blind) showed [2s 6s] and lost with Pair of Sixes and Pair of Fives



Poker Hand #ring_1005272994: NLH No Limit ($3/$6) - 2025/07/21 22:16:08
Table 'Poker' 9-max Seat #3 is the button
Seat 3: barkuda86 ($585 in chips)
Seat 5: EliorDahan ($603 in chips)
Seat 4: Hero ($612 in chips)
Hero: posts small blind $3
EliorDahan: posts big blind $6
*** HOLE CARDS ***
Dealt to barkuda86 
Dealt to EliorDahan 
Dealt to Hero [8s Ks]
barkuda86: raises $12 to $18
Hero: folds
EliorDahan: folds
Uncalled bet ($12) returned to barkuda86
*** SHOWDOWN ***
barkuda86 collected $15 from pot
*** SUMMARY ***
Total pot $15
Seat 3: barkuda86won ($15)
Seat 5: EliorDahan(big blind) folded before Flop
Seat 4: Hero(small blind) folded before Flop



Poker Hand #ring_1005271645: NLH No Limit ($3/$6) - 2025/07/21 22:15:28
Table 'Poker' 9-max Seat #3 is the button
Seat 3: barkuda86 ($597 in chips)
Seat 4: Hero ($600 in chips)
barkuda86: posts small blind $3
Hero: posts big blind $6
*** HOLE CARDS ***
Dealt to barkuda86 
Dealt to Hero [Jc 8d]
barkuda86: calls $3
Hero: checks
*** FLOP *** [Ts 2c 5h]
Hero: bets $6
barkuda86: calls $6
*** TURN *** [Ts 2c 5h] [Js]
Hero: bets $12
barkuda86: folds
Uncalled bet ($12) returned to Hero
*** SHOWDOWN ***
Hero collected $24 from pot
*** SUMMARY ***
Total pot $24
Board [Ts 2c 5h Js]
Seat 3: barkuda86(small blind) folded on the Turn
Seat 4: Hero(big blind)won ($24) with Pair of Jacks



