Poker Hand #ring_963587121: NLH No Limit ($2/$4) - 2025/06/30 02:12:26
Table 'MR NLH 2/4' 7-max Seat #2 is the button
Seat 4: c573aab7 ($448 in chips)
Seat 1: b6b7d9b0 ($695.02 in chips)
Seat 2: c8f2b844 ($1,655.77 in chips)
Seat 3: 2fb42f64 ($472 in chips)
Seat 6: Hero ($160.89 in chips)
Seat 7: a878153e ($706.56 in chips)
Seat 5: 6c207430 ($753.6 in chips)
2fb42f64: posts small blind $2
c573aab7: posts big blind $4
*** HOLE CARDS ***
Dealt to c573aab7 
Dealt to b6b7d9b0 
Dealt to c8f2b844 
Dealt to 2fb42f64 
Dealt to Hero [5c Ac]
Dealt to a878153e 
Dealt to 6c207430 
6c207430: folds
Hero: raises $8 to $12
a878153e: calls $12
b6b7d9b0: raises $21 to $33
c8f2b844: folds
2fb42f64: folds
c573aab7: folds
Hero: calls $21
a878153e: calls $21
*** FLOP *** [6h Jc Ad]
Hero: checks
a878153e: checks
b6b7d9b0: bets $52.5
Hero: calls $52.5
a878153e: calls $52.5
*** TURN *** [6h Jc Ad] [8h]
Hero: checks
a878153e: checks
b6b7d9b0: bets $131.25
Hero: calls $75.39 and is all-in
a878153e: calls $131.25
*** RIVER *** [6h Jc Ad 8h] [7s]
a878153e: checks
b6b7d9b0: bets $478.27 and is all-in
a878153e: folds
Uncalled bet ($478.27) returned to b6b7d9b0
b6b7d9b0: shows [As Kd]
Hero: shows [5c Ac]
*** SHOWDOWN ***
b6b7d9b0 collected $488.67 from pot
b6b7d9b0 collected $111.72 from pot
*** SUMMARY ***
Total pot $600.39
Board [6h Jc Ad 8h 7s]
Seat 4: c573aab7(big blind) folded before Flop
Seat 1: b6b7d9b0 showed [As Kd] and won ($488.67) with Pair of Aces
Seat 2: c8f2b844 folded before Flop (didn't bet)
Seat 3: 2fb42f64(small blind) folded before Flop
Seat 6: Hero showed [5c Ac] and lost with Pair of Aces
Seat 7: a878153e folded on the River
Seat 5: 6c207430 folded before Flop (didn't bet)



Poker Hand #ring_963584513: NLH No Limit ($2/$4) - 2025/06/30 02:10:37
Table 'MR NLH 2/4' 7-max Seat #1 is the button
Seat 1: b6b7d9b0 ($655.76 in chips)
Seat 2: c8f2b844 ($1,657.77 in chips)
Seat 4: dcf36e8e ($802.27 in chips)
Seat 3: 2fb42f64 ($492.56 in chips)
Seat 6: Hero ($160.89 in chips)
Seat 7: a878153e ($706.56 in chips)
Seat 5: 6c207430 ($774.16 in chips)
c8f2b844: posts small blind $2
2fb42f64: posts big blind $4
*** HOLE CARDS ***
Dealt to b6b7d9b0 
Dealt to c8f2b844 
Dealt to dcf36e8e 
Dealt to 2fb42f64 
Dealt to Hero [Ts 3c]
Dealt to a878153e 
Dealt to 6c207430 
dcf36e8e: folds
6c207430: raises $6 to $10
Hero: folds
a878153e: folds
b6b7d9b0: calls $10
c8f2b844: folds
2fb42f64: calls $6
*** FLOP *** [4h 8h Js]
2fb42f64: checks
6c207430: bets $10.56
b6b7d9b0: calls $10.56
2fb42f64: calls $10.56
*** TURN *** [4h 8h Js] [6h]
2fb42f64: checks
6c207430: checks
b6b7d9b0: bets $31.84
2fb42f64: folds
6c207430: folds
Uncalled bet ($31.84) returned to b6b7d9b0
*** SHOWDOWN ***
b6b7d9b0 collected $63.68 from pot
*** SUMMARY ***
Total pot $63.68
Board [4h 8h Js 6h]
Seat 1: b6b7d9b0won ($63.68) with Pair of Sixes
Seat 2: c8f2b844(small blind) folded before Flop
Seat 4: dcf36e8e folded before Flop (didn't bet)
Seat 3: 2fb42f64(big blind) folded on the Turn
Seat 6: Hero folded before Flop (didn't bet)
Seat 7: a878153e folded before Flop (didn't bet)
Seat 5: 6c207430 folded on the Turn



Poker Hand #ring_963582864: NLH No Limit ($2/$4) - 2025/06/30 02:09:29
Table 'MR NLH 2/4' 7-max Seat #7 is the button
Seat 1: b6b7d9b0 ($667.76 in chips)
Seat 2: c8f2b844 ($1,598.38 in chips)
Seat 4: dcf36e8e ($856.03 in chips)
Seat 3: 2fb42f64 ($492.56 in chips)
Seat 6: Hero ($160.89 in chips)
Seat 7: a878153e ($706.56 in chips)
Seat 5: 6c207430 ($774.16 in chips)
b6b7d9b0: posts small blind $2
c8f2b844: posts big blind $4
*** HOLE CARDS ***
Dealt to b6b7d9b0 
Dealt to c8f2b844 
Dealt to dcf36e8e 
Dealt to 2fb42f64 
Dealt to Hero [9c 5c]
Dealt to a878153e 
Dealt to 6c207430 
2fb42f64: folds
dcf36e8e: raises $8 to $12
6c207430: folds
Hero: folds
a878153e: folds
b6b7d9b0: calls $10
c8f2b844: calls $8
*** FLOP *** [7h Kc 3d]
b6b7d9b0: checks
c8f2b844: checks
dcf36e8e: bets $11.88
b6b7d9b0: folds
c8f2b844: calls $11.88
*** TURN *** [7h Kc 3d] [2h]
c8f2b844: bets $29.88
dcf36e8e: calls $29.88
*** RIVER *** [7h Kc 3d 2h] [Jd]
c8f2b844: bets $89.64
dcf36e8e: folds
Uncalled bet ($89.64) returned to c8f2b844
*** SHOWDOWN ***
c8f2b844 collected $119.52 from pot
*** SUMMARY ***
Total pot $119.52
Board [7h Kc 3d 2h Jd]
Seat 1: b6b7d9b0(small blind) folded on the Flop
Seat 2: c8f2b844(big blind)won ($119.52) with Three Treys
Seat 4: dcf36e8e folded on the River
Seat 3: 2fb42f64 folded before Flop (didn't bet)
Seat 6: Hero folded before Flop (didn't bet)
Seat 7: a878153e folded before Flop (didn't bet)
Seat 5: 6c207430 folded before Flop (didn't bet)



Poker Hand #ring_963582056: NLH No Limit ($2/$4) - 2025/06/30 02:08:56
Table 'MR NLH 2/4' 7-max Seat #6 is the button
Seat 1: b6b7d9b0 ($647.2 in chips)
Seat 2: c8f2b844 ($1,598.38 in chips)
Seat 4: dcf36e8e ($866.03 in chips)
Seat 3: 2fb42f64 ($492.56 in chips)
Seat 6: Hero ($160.89 in chips)
Seat 7: a878153e ($708.56 in chips)
Seat 5: 6c207430 ($784.16 in chips)
a878153e: posts small blind $2
b6b7d9b0: posts big blind $4
*** HOLE CARDS ***
Dealt to b6b7d9b0 
Dealt to c8f2b844 
Dealt to dcf36e8e 
Dealt to 2fb42f64 
Dealt to Hero [4h Td]
Dealt to a878153e 
Dealt to 6c207430 
c8f2b844: folds
2fb42f64: folds
dcf36e8e: raises $6 to $10
6c207430: calls $10
Hero: folds
a878153e: folds
b6b7d9b0: calls $6
*** FLOP *** [7h 2d 3d]
b6b7d9b0: bets $32
dcf36e8e: folds
6c207430: folds
Uncalled bet ($32) returned to b6b7d9b0
*** SHOWDOWN ***
b6b7d9b0 collected $32 from pot
*** SUMMARY ***
Total pot $32
Board [7h 2d 3d]
Seat 1: b6b7d9b0(big blind)won ($32) with Pair of Sevens
Seat 2: c8f2b844 folded before Flop (didn't bet)
Seat 4: dcf36e8e folded on the Flop
Seat 3: 2fb42f64 folded before Flop (didn't bet)
Seat 6: Hero folded before Flop (didn't bet)
Seat 7: a878153e(small blind) folded before Flop
Seat 5: 6c207430 folded on the Flop



Poker Hand #ring_963581379: NLH No Limit ($2/$4) - 2025/06/30 02:08:27
Table 'MR NLH 2/4' 7-max Seat #5 is the button
Seat 1: b6b7d9b0 ($641.2 in chips)
Seat 2: c8f2b844 ($1,598.38 in chips)
Seat 4: dcf36e8e ($866.03 in chips)
Seat 3: 2fb42f64 ($492.56 in chips)
Seat 6: Hero ($162.89 in chips)
Seat 7: a878153e ($712.56 in chips)
Seat 5: 6c207430 ($784.16 in chips)
Hero: posts small blind $2
a878153e: posts big blind $4
*** HOLE CARDS ***
Dealt to b6b7d9b0 
Dealt to c8f2b844 
Dealt to dcf36e8e 
Dealt to 2fb42f64 
Dealt to Hero [8s 9d]
Dealt to a878153e 
Dealt to 6c207430 
b6b7d9b0: raises $8 to $12
c8f2b844: folds
2fb42f64: folds
dcf36e8e: folds
6c207430: folds
Hero: folds
a878153e: folds
Uncalled bet ($8) returned to b6b7d9b0
*** SHOWDOWN ***
b6b7d9b0 collected $10 from pot
*** SUMMARY ***
Total pot $10
Seat 1: b6b7d9b0won ($10)
Seat 2: c8f2b844 folded before Flop (didn't bet)
Seat 4: dcf36e8e folded before Flop (didn't bet)
Seat 3: 2fb42f64 folded before Flop (didn't bet)
Seat 6: Hero(small blind) folded before Flop
Seat 7: a878153e(big blind) folded before Flop
Seat 5: 6c207430 folded before Flop (didn't bet)



Poker Hand #ring_963578890: NLH No Limit ($2/$4) - 2025/06/30 02:06:43
Table 'MR NLH 2/4' 7-max Seat #4 is the button
Seat 1: b6b7d9b0 ($727.2 in chips)
Seat 2: c8f2b844 ($1,351.13 in chips)
Seat 4: dcf36e8e ($866.03 in chips)
Seat 3: 2fb42f64 ($578.56 in chips)
Seat 6: Hero ($166.89 in chips)
Seat 7: a878153e ($798.56 in chips)
Seat 5: 6c207430 ($786.16 in chips)
6c207430: posts small blind $2
Hero: posts big blind $4
*** HOLE CARDS ***
Dealt to b6b7d9b0 
Dealt to c8f2b844 
Dealt to dcf36e8e 
Dealt to 2fb42f64 
Dealt to Hero [Qh Kc]
Dealt to a878153e 
Dealt to 6c207430 
a878153e: raises $12 to $16
b6b7d9b0: calls $16
c8f2b844: calls $16
2fb42f64: raises $70 to $86
dcf36e8e: folds
6c207430: folds
Hero: folds
a878153e: calls $70
b6b7d9b0: calls $70
c8f2b844: calls $70
*** FLOP *** [4h Jh Th]
a878153e: checks
b6b7d9b0: checks
c8f2b844: checks
2fb42f64: checks
*** TURN *** [4h Jh Th] [4s]
a878153e: checks
b6b7d9b0: checks
c8f2b844: checks
2fb42f64: checks
*** RIVER *** [4h Jh Th 4s] [2s]
a878153e: checks
b6b7d9b0: checks
c8f2b844: checks
2fb42f64: checks
b6b7d9b0: shows [7d 5d]
c8f2b844: shows [Kd Jd]
2fb42f64: shows [Td 9d]
a878153e: shows [Ad Qc]
*** SHOWDOWN ***
c8f2b844 collected $350 from pot
*** SUMMARY ***
Total pot $350
Board [4h Jh Th 4s 2s]
Seat 1: b6b7d9b0 showed [7d 5d] and lost with Pair of Fours
Seat 2: c8f2b844 showed [Kd Jd] and won ($350) with Pair of Jacks and Pair of Fours
Seat 4: dcf36e8e folded before Flop (didn't bet)
Seat 3: 2fb42f64 showed [Td 9d] and lost with Pair of Tens and Pair of Fours
Seat 6: Hero(big blind) folded before Flop
Seat 7: a878153e showed [Ad Qc] and lost with Pair of Fours
Seat 5: 6c207430(small blind) folded before Flop



Poker Hand #ring_963578005: NLH No Limit ($2/$4) - 2025/06/30 02:06:06
Table 'MR NLH 2/4' 7-max Seat #3 is the button
Seat 1: b6b7d9b0 ($727.2 in chips)
Seat 2: c8f2b844 ($1,351.13 in chips)
Seat 4: dcf36e8e ($846.03 in chips)
Seat 3: 2fb42f64 ($590.56 in chips)
Seat 6: Hero ($166.89 in chips)
Seat 7: a878153e ($802.56 in chips)
Seat 5: 6c207430 ($790.16 in chips)
dcf36e8e: posts small blind $2
6c207430: posts big blind $4
*** HOLE CARDS ***
Dealt to b6b7d9b0 
Dealt to c8f2b844 
Dealt to dcf36e8e 
Dealt to 2fb42f64 
Dealt to Hero [6c Jh]
Dealt to a878153e 
Dealt to 6c207430 
Hero: folds
a878153e: calls $4
b6b7d9b0: folds
c8f2b844: folds
2fb42f64: raises $8 to $12
dcf36e8e: raises $48 to $60
6c207430: folds
a878153e: folds
2fb42f64: folds
Uncalled bet ($48) returned to dcf36e8e
*** SHOWDOWN ***
dcf36e8e collected $32 from pot
*** SUMMARY ***
Total pot $32
Seat 1: b6b7d9b0 folded before Flop (didn't bet)
Seat 2: c8f2b844 folded before Flop (didn't bet)
Seat 4: dcf36e8e(small blind)won ($32)
Seat 3: 2fb42f64 folded before Flop
Seat 6: Hero folded before Flop (didn't bet)
Seat 7: a878153e folded before Flop
Seat 5: 6c207430(big blind) folded before Flop



Poker Hand #ring_963576751: NLH No Limit ($2/$4) - 2025/06/30 02:05:15
Table 'MR NLH 2/4' 7-max Seat #2 is the button
Seat 1: b6b7d9b0 ($692.63 in chips)
Seat 2: c8f2b844 ($1,367.13 in chips)
Seat 4: dcf36e8e ($850.03 in chips)
Seat 3: 2fb42f64 ($592.56 in chips)
Seat 6: Hero ($166.89 in chips)
Seat 7: a878153e ($818.56 in chips)
Seat 5: 6c207430 ($790.16 in chips)
2fb42f64: posts small blind $2
dcf36e8e: posts big blind $4
*** HOLE CARDS ***
Dealt to b6b7d9b0 
Dealt to c8f2b844 
Dealt to dcf36e8e 
Dealt to 2fb42f64 
Dealt to Hero [Qc 6d]
Dealt to a878153e 
Dealt to 6c207430 
6c207430: folds
Hero: folds
a878153e: calls $4
b6b7d9b0: raises $12 to $16
c8f2b844: calls $16
2fb42f64: folds
dcf36e8e: folds
a878153e: calls $12
*** FLOP *** [8c 7h Kd]
a878153e: checks
b6b7d9b0: bets $40.5
c8f2b844: folds
a878153e: folds
Uncalled bet ($40.5) returned to b6b7d9b0
*** SHOWDOWN ***
b6b7d9b0 collected $54 from pot
*** SUMMARY ***
Total pot $54
Board [8c 7h Kd]
Seat 1: b6b7d9b0won ($54) with King-High
Seat 2: c8f2b844 folded on the Flop
Seat 4: dcf36e8e(big blind) folded before Flop
Seat 3: 2fb42f64(small blind) folded before Flop
Seat 6: Hero folded before Flop (didn't bet)
Seat 7: a878153e folded on the Flop
Seat 5: 6c207430 folded before Flop (didn't bet)



Poker Hand #ring_963575107: NLH No Limit ($2/$4) - 2025/06/30 02:04:07
Table 'MR NLH 2/4' 7-max Seat #1 is the button
Seat 1: b6b7d9b0 ($846.63 in chips)
Seat 2: c8f2b844 ($1,224.17 in chips)
Seat 4: dcf36e8e ($850.03 in chips)
Seat 3: 2fb42f64 ($596.56 in chips)
Seat 6: Hero ($166.89 in chips)
Seat 7: a878153e ($818.56 in chips)
Seat 5: 6c207430 ($790.16 in chips)
c8f2b844: posts small blind $2
2fb42f64: posts big blind $4
*** HOLE CARDS ***
Dealt to b6b7d9b0 
Dealt to c8f2b844 
Dealt to dcf36e8e 
Dealt to 2fb42f64 
Dealt to Hero [Jc 6s]
Dealt to a878153e 
Dealt to 6c207430 
dcf36e8e: folds
6c207430: folds
Hero: folds
a878153e: folds
b6b7d9b0: raises $8 to $12
c8f2b844: raises $38 to $50
2fb42f64: folds
b6b7d9b0: calls $38
*** FLOP *** [Qh Qc 5h]
c8f2b844: checks
b6b7d9b0: bets $104
c8f2b844: calls $104
*** TURN *** [Qh Qc 5h] [As]
c8f2b844: checks
b6b7d9b0: checks
*** RIVER *** [Qh Qc 5h As] [Kh]
c8f2b844: checks
b6b7d9b0: checks
b6b7d9b0: shows [6d 5d]
c8f2b844: shows [Ts Tc]
6c207430: shows [8h]
*** SHOWDOWN ***
c8f2b844 collected $312 from pot
*** SUMMARY ***
Total pot $312
Board [Qh Qc 5h As Kh]
Seat 1: b6b7d9b0 showed [6d 5d] and lost with Pair of Queens and Pair of Fives
Seat 2: c8f2b844(small blind) showed [Ts Tc] and won ($312) with Pair of Queens and Pair of Tens
Seat 4: dcf36e8e folded before Flop (didn't bet)
Seat 3: 2fb42f64(big blind) folded before Flop
Seat 6: Hero folded before Flop (didn't bet)
Seat 7: a878153e folded before Flop (didn't bet)
Seat 5: 6c207430 folded before Flop (didn't bet)



Poker Hand #ring_963573769: NLH No Limit ($2/$4) - 2025/06/30 02:03:13
Table 'MR NLH 2/4' 7-max Seat #7 is the button
Seat 1: b6b7d9b0 ($848.63 in chips)
Seat 2: c8f2b844 ($1,234.17 in chips)
Seat 4: dcf36e8e ($850.03 in chips)
Seat 6: Hero ($166.89 in chips)
Seat 7: a878153e ($852.56 in chips)
Seat 5: 6c207430 ($748.76 in chips)
b6b7d9b0: posts small blind $2
c8f2b844: posts big blind $4
*** HOLE CARDS ***
Dealt to b6b7d9b0 
Dealt to c8f2b844 
Dealt to dcf36e8e 
Dealt to Hero [7c 3s]
Dealt to a878153e 
Dealt to 6c207430 
dcf36e8e: folds
6c207430: raises $6 to $10
Hero: folds
a878153e: calls $10
b6b7d9b0: folds
c8f2b844: calls $6
*** FLOP *** [5s Kc 9s]
c8f2b844: checks
6c207430: checks
a878153e: bets $24
c8f2b844: folds
6c207430: raises $72 to $96
a878153e: folds
Uncalled bet ($72) returned to 6c207430
*** SHOWDOWN ***
6c207430 collected $80 from pot
*** SUMMARY ***
Total pot $80
Board [5s Kc 9s]
Seat 1: b6b7d9b0(small blind) folded before Flop
Seat 2: c8f2b844(big blind) folded on the Flop
Seat 4: dcf36e8e folded before Flop (didn't bet)
Seat 6: Hero folded before Flop (didn't bet)
Seat 7: a878153e folded on the Flop
Seat 5: 6c207430won ($80) with King-High



Poker Hand #ring_963572892: NLH No Limit ($2/$4) - 2025/06/30 02:02:37
Table 'MR NLH 2/4' 7-max Seat #6 is the button
Seat 1: b6b7d9b0 ($852.63 in chips)
Seat 2: c8f2b844 ($1,228.17 in chips)
Seat 4: dcf36e8e ($850.03 in chips)
Seat 3: 2fb42f64 ($596.56 in chips)
Seat 6: Hero ($166.89 in chips)
Seat 7: a878153e ($854.56 in chips)
Seat 5: 6c207430 ($748.76 in chips)
a878153e: posts small blind $2
b6b7d9b0: posts big blind $4
*** HOLE CARDS ***
Dealt to b6b7d9b0 
Dealt to c8f2b844 
Dealt to dcf36e8e 
Dealt to 2fb42f64 
Dealt to Hero [4d Qs]
Dealt to a878153e 
Dealt to 6c207430 
c8f2b844: raises $6 to $10
2fb42f64: folds
dcf36e8e: folds
6c207430: folds
Hero: folds
a878153e: folds
b6b7d9b0: folds
Uncalled bet ($6) returned to c8f2b844
*** SHOWDOWN ***
c8f2b844 collected $10 from pot
*** SUMMARY ***
Total pot $10
Seat 1: b6b7d9b0(big blind) folded before Flop
Seat 2: c8f2b844won ($10)
Seat 4: dcf36e8e folded before Flop (didn't bet)
Seat 3: 2fb42f64 folded before Flop (didn't bet)
Seat 6: Hero folded before Flop (didn't bet)
Seat 7: a878153e(small blind) folded before Flop
Seat 5: 6c207430 folded before Flop (didn't bet)



Poker Hand #ring_963570681: NLH No Limit ($2/$4) - 2025/06/30 02:01:06
Table 'MR NLH 2/4' 7-max Seat #5 is the button
Seat 1: b6b7d9b0 ($852.63 in chips)
Seat 2: c8f2b844 ($1,111.51 in chips)
Seat 4: dcf36e8e ($850.03 in chips)
Seat 3: 2fb42f64 ($596.56 in chips)
Seat 6: Hero ($168.89 in chips)
Seat 7: a878153e ($858.56 in chips)
Seat 5: 6c207430 ($871.76 in chips)
Hero: posts small blind $2
a878153e: posts big blind $4
*** HOLE CARDS ***
Dealt to b6b7d9b0 
Dealt to c8f2b844 
Dealt to dcf36e8e 
Dealt to 2fb42f64 
Dealt to Hero [7c 9c]
Dealt to a878153e 
Dealt to 6c207430 
b6b7d9b0: folds
c8f2b844: raises $6 to $10
2fb42f64: folds
dcf36e8e: folds
6c207430: raises $20 to $30
Hero: folds
a878153e: folds
c8f2b844: calls $20
*** FLOP *** [8c Jh 4c]
c8f2b844: checks
6c207430: bets $33
c8f2b844: calls $33
*** TURN *** [8c Jh 4c] [3d]
c8f2b844: checks
6c207430: bets $60
c8f2b844: calls $60
*** RIVER *** [8c Jh 4c 3d] [Tc]
c8f2b844: checks
6c207430: checks
c8f2b844: shows [8s Ts]
6c207430: shows [9s 9d]
*** SHOWDOWN ***
c8f2b844 collected $252 from pot
*** SUMMARY ***
Total pot $252
Board [8c Jh 4c 3d Tc]
Seat 1: b6b7d9b0 folded before Flop (didn't bet)
Seat 2: c8f2b844 showed [8s Ts] and won ($252) with Pair of Tens and Pair of Eights
Seat 4: dcf36e8e folded before Flop (didn't bet)
Seat 3: 2fb42f64 folded before Flop (didn't bet)
Seat 6: Hero(small blind) folded before Flop
Seat 7: a878153e(big blind) folded before Flop
Seat 5: 6c207430 showed [9s 9d] and lost with Pair of Nines



Poker Hand #ring_963570083: NLH No Limit ($2/$4) - 2025/06/30 02:00:42
Table 'MR NLH 2/4' 7-max Seat #4 is the button
Seat 1: b6b7d9b0 ($846.63 in chips)
Seat 2: c8f2b844 ($1,111.51 in chips)
Seat 4: dcf36e8e ($850.03 in chips)
Seat 3: 2fb42f64 ($596.56 in chips)
Seat 6: Hero ($172.89 in chips)
Seat 7: a878153e ($858.56 in chips)
Seat 5: 6c207430 ($873.76 in chips)
6c207430: posts small blind $2
Hero: posts big blind $4
*** HOLE CARDS ***
Dealt to b6b7d9b0 
Dealt to c8f2b844 
Dealt to dcf36e8e 
Dealt to 2fb42f64 
Dealt to Hero [Js 2h]
Dealt to a878153e 
Dealt to 6c207430 
a878153e: folds
b6b7d9b0: raises $12 to $16
c8f2b844: folds
2fb42f64: folds
dcf36e8e: folds
6c207430: folds
Hero: folds
Uncalled bet ($12) returned to b6b7d9b0
*** SHOWDOWN ***
b6b7d9b0 collected $10 from pot
*** SUMMARY ***
Total pot $10
Seat 1: b6b7d9b0won ($10)
Seat 2: c8f2b844 folded before Flop (didn't bet)
Seat 4: dcf36e8e folded before Flop (didn't bet)
Seat 3: 2fb42f64 folded before Flop (didn't bet)
Seat 6: Hero(big blind) folded before Flop
Seat 7: a878153e folded before Flop (didn't bet)
Seat 5: 6c207430(small blind) folded before Flop



Poker Hand #ring_963568658: NLH No Limit ($2/$4) - 2025/06/30 01:59:45
Table 'MR NLH 2/4' 7-max Seat #3 is the button
Seat 1: b6b7d9b0 ($881.13 in chips)
Seat 2: c8f2b844 ($1,075.38 in chips)
Seat 4: dcf36e8e ($852.03 in chips)
Seat 3: 2fb42f64 ($596.56 in chips)
Seat 6: Hero ($172.89 in chips)
Seat 7: a878153e ($858.56 in chips)
Seat 5: 6c207430 ($877.76 in chips)
dcf36e8e: posts small blind $2
6c207430: posts big blind $4
*** HOLE CARDS ***
Dealt to b6b7d9b0 
Dealt to c8f2b844 
Dealt to dcf36e8e 
Dealt to 2fb42f64 
Dealt to Hero [8h 4s]
Dealt to a878153e 
Dealt to 6c207430 
Hero: folds
a878153e: folds
b6b7d9b0: raises $8 to $12
c8f2b844: calls $12
2fb42f64: folds
dcf36e8e: folds
6c207430: folds
*** FLOP *** [Qh 7c Tc]
b6b7d9b0: checks
c8f2b844: bets $22.5
b6b7d9b0: calls $22.5
*** TURN *** [Qh 7c Tc] [3d]
b6b7d9b0: checks
c8f2b844: bets $75
b6b7d9b0: folds
Uncalled bet ($75) returned to c8f2b844
*** SHOWDOWN ***
c8f2b844 collected $75 from pot
*** SUMMARY ***
Total pot $75
Board [Qh 7c Tc 3d]
Seat 1: b6b7d9b0 folded on the Turn
Seat 2: c8f2b844won ($75) with Pair of Tens and Pair of Sevens
Seat 4: dcf36e8e(small blind) folded before Flop
Seat 3: 2fb42f64 folded before Flop (didn't bet)
Seat 6: Hero folded before Flop (didn't bet)
Seat 7: a878153e folded before Flop (didn't bet)
Seat 5: 6c207430(big blind) folded before Flop



Poker Hand #ring_963566656: NLH No Limit ($2/$4) - 2025/06/30 01:58:22
Table 'MR NLH 2/4' 7-max Seat #2 is the button
Seat 1: b6b7d9b0 ($645.53 in chips)
Seat 2: c8f2b844 ($1,254.95 in chips)
Seat 4: dcf36e8e ($856.03 in chips)
Seat 3: 2fb42f64 ($598.56 in chips)
Seat 6: Hero ($243.52 in chips)
Seat 7: a878153e ($858.56 in chips)
Seat 5: 6c207430 ($877.76 in chips)
2fb42f64: posts small blind $2
dcf36e8e: posts big blind $4
*** HOLE CARDS ***
Dealt to b6b7d9b0 
Dealt to c8f2b844 
Dealt to dcf36e8e 
Dealt to 2fb42f64 
Dealt to Hero [7d 8d]
Dealt to a878153e 
Dealt to 6c207430 
6c207430: folds
Hero: raises $8 to $12
a878153e: folds
b6b7d9b0: raises $22.5 to $34.5
c8f2b844: calls $34.5
2fb42f64: folds
dcf36e8e: folds
Hero: calls $22.5
*** FLOP *** [Kh 5h Kd]
Hero: checks
b6b7d9b0: checks
c8f2b844: checks
*** TURN *** [Kh 5h Kd] [2d]
Hero: checks
b6b7d9b0: bets $36.13
c8f2b844: calls $36.13
Hero: calls $36.13
*** RIVER *** [Kh 5h Kd 2d] [Ts]
Hero: checks
b6b7d9b0: bets $108.94
c8f2b844: calls $108.94
Hero: folds
b6b7d9b0: shows [5c 5d]
c8f2b844: shows [Qh Ks]
*** SHOWDOWN ***
b6b7d9b0 collected $435.77 from pot
*** SUMMARY ***
Total pot $435.77
Board [Kh 5h Kd 2d Ts]
Seat 1: b6b7d9b0 showed [5c 5d] and won ($435.77) with Fives Full over Kings
Seat 2: c8f2b844 showed [Qh Ks] and lost with Three Kings
Seat 4: dcf36e8e(big blind) folded before Flop
Seat 3: 2fb42f64(small blind) folded before Flop
Seat 6: Hero folded on the River
Seat 7: a878153e folded before Flop (didn't bet)
Seat 5: 6c207430 folded before Flop (didn't bet)



Poker Hand #ring_963564704: NLH No Limit ($2/$4) - 2025/06/30 01:57:04
Table 'MR NLH 2/4' 7-max Seat #1 is the button
Seat 1: b6b7d9b0 ($714.53 in chips)
Seat 2: c8f2b844 ($1,256.95 in chips)
Seat 4: dcf36e8e ($780.87 in chips)
Seat 3: 2fb42f64 ($610.56 in chips)
Seat 6: Hero ($243.52 in chips)
Seat 7: a878153e ($858.56 in chips)
Seat 5: 6c207430 ($877.76 in chips)
c8f2b844: posts small blind $2
2fb42f64: posts big blind $4
*** HOLE CARDS ***
Dealt to b6b7d9b0 
Dealt to c8f2b844 
Dealt to dcf36e8e 
Dealt to 2fb42f64 
Dealt to Hero [8d 6s]
Dealt to a878153e 
Dealt to 6c207430 
dcf36e8e: calls $4
6c207430: folds
Hero: folds
a878153e: folds
b6b7d9b0: raises $8 to $12
c8f2b844: folds
2fb42f64: calls $8
dcf36e8e: calls $8
*** FLOP *** [2d Qc 9h]
2fb42f64: checks
dcf36e8e: checks
b6b7d9b0: checks
*** TURN *** [2d Qc 9h] [8h]
2fb42f64: checks
dcf36e8e: bets $19
b6b7d9b0: calls $19
2fb42f64: folds
*** RIVER *** [2d Qc 9h 8h] [4h]
dcf36e8e: checks
b6b7d9b0: bets $38
dcf36e8e: calls $38
b6b7d9b0: shows [Jh 7s]
dcf36e8e: shows [9c Ad]
*** SHOWDOWN ***
dcf36e8e collected $152 from pot
*** SUMMARY ***
Total pot $152
Board [2d Qc 9h 8h 4h]
Seat 1: b6b7d9b0 showed [Jh 7s] and lost with Queen-High
Seat 2: c8f2b844(small blind) folded before Flop
Seat 4: dcf36e8e showed [9c Ad] and won ($152) with Pair of Nines
Seat 3: 2fb42f64(big blind) folded on the Turn
Seat 6: Hero folded before Flop (didn't bet)
Seat 7: a878153e folded before Flop (didn't bet)
Seat 5: 6c207430 folded before Flop (didn't bet)



Poker Hand #ring_963563103: NLH No Limit ($2/$4) - 2025/06/30 01:56:02
Table 'MR NLH 2/4' 7-max Seat #7 is the button
Seat 1: b6b7d9b0 ($716.53 in chips)
Seat 2: c8f2b844 ($1,266.95 in chips)
Seat 4: dcf36e8e ($790.87 in chips)
Seat 3: 2fb42f64 ($610.56 in chips)
Seat 6: Hero ($253.52 in chips)
Seat 7: a878153e ($829.45 in chips)
Seat 5: 6c207430 ($877.76 in chips)
b6b7d9b0: posts small blind $2
c8f2b844: posts big blind $4
*** HOLE CARDS ***
Dealt to b6b7d9b0 
Dealt to c8f2b844 
Dealt to dcf36e8e 
Dealt to 2fb42f64 
Dealt to Hero [5c 5d]
Dealt to a878153e 
Dealt to 6c207430 
2fb42f64: folds
dcf36e8e: raises $6 to $10
6c207430: folds
Hero: calls $10
a878153e: calls $10
b6b7d9b0: folds
c8f2b844: calls $6
*** FLOP *** [Ks 6h 2s]
c8f2b844: checks
dcf36e8e: checks
Hero: checks
a878153e: bets $31.5
c8f2b844: folds
dcf36e8e: folds
Hero: folds
Uncalled bet ($31.5) returned to a878153e
*** SHOWDOWN ***
a878153e collected $42 from pot
*** SUMMARY ***
Total pot $42
Board [Ks 6h 2s]
Seat 1: b6b7d9b0(small blind) folded before Flop
Seat 2: c8f2b844(big blind) folded on the Flop
Seat 4: dcf36e8e folded on the Flop
Seat 3: 2fb42f64 folded before Flop (didn't bet)
Seat 6: Hero folded on the Flop
Seat 7: a878153ewon ($42) with King-High
Seat 5: 6c207430 folded before Flop (didn't bet)



Poker Hand #ring_963562392: NLH No Limit ($2/$4) - 2025/06/30 01:55:32
Table 'MR NLH 2/4' 7-max Seat #6 is the button
Seat 1: b6b7d9b0 ($720.53 in chips)
Seat 2: c8f2b844 ($1,266.95 in chips)
Seat 4: dcf36e8e ($790.87 in chips)
Seat 3: 2fb42f64 ($610.56 in chips)
Seat 6: Hero ($237.52 in chips)
Seat 7: a878153e ($831.45 in chips)
Seat 5: 6c207430 ($887.76 in chips)
a878153e: posts small blind $2
b6b7d9b0: posts big blind $4
*** HOLE CARDS ***
Dealt to b6b7d9b0 
Dealt to c8f2b844 
Dealt to dcf36e8e 
Dealt to 2fb42f64 
Dealt to Hero [Qs Qc]
Dealt to a878153e 
Dealt to 6c207430 
c8f2b844: folds
2fb42f64: folds
dcf36e8e: folds
6c207430: raises $6 to $10
Hero: raises $29.9 to $39.9
a878153e: folds
b6b7d9b0: folds
6c207430: folds
Uncalled bet ($29.9) returned to Hero
*** SHOWDOWN ***
Hero collected $26 from pot
*** SUMMARY ***
Total pot $26
Seat 1: b6b7d9b0(big blind) folded before Flop
Seat 2: c8f2b844 folded before Flop (didn't bet)
Seat 4: dcf36e8e folded before Flop (didn't bet)
Seat 3: 2fb42f64 folded before Flop (didn't bet)
Seat 6: Herowon ($26)
Seat 7: a878153e(small blind) folded before Flop
Seat 5: 6c207430 folded before Flop



Poker Hand #ring_963561212: NLH No Limit ($2/$4) - 2025/06/30 01:54:47
Table 'MR NLH 2/4' 7-max Seat #5 is the button
Seat 1: b6b7d9b0 ($762.53 in chips)
Seat 2: c8f2b844 ($1,278.95 in chips)
Seat 4: dcf36e8e ($790.87 in chips)
Seat 3: 2fb42f64 ($610.56 in chips)
Seat 6: Hero ($185.02 in chips)
Seat 7: a878153e ($835.45 in chips)
Seat 5: 6c207430 ($887.76 in chips)
Hero: posts small blind $2
a878153e: posts big blind $4
*** HOLE CARDS ***
Dealt to b6b7d9b0 
Dealt to c8f2b844 
Dealt to dcf36e8e 
Dealt to 2fb42f64 
Dealt to Hero [7h 7c]
Dealt to a878153e 
Dealt to 6c207430 
b6b7d9b0: raises $8 to $12
c8f2b844: calls $12
2fb42f64: folds
dcf36e8e: folds
6c207430: folds
Hero: calls $10
a878153e: folds
*** FLOP *** [6d 5c Ts]
Hero: checks
b6b7d9b0: bets $30
c8f2b844: folds
Hero: calls $30
*** TURN *** [6d 5c Ts] [3c]
Hero: checks
b6b7d9b0: checks
*** RIVER *** [6d 5c Ts 3c] [Th]
Hero: checks
b6b7d9b0: checks
b6b7d9b0: shows [5d 4d]
Hero: shows [7h 7c]
*** SHOWDOWN ***
Hero collected $100 from pot
*** SUMMARY ***
Total pot $100
Board [6d 5c Ts 3c Th]
Seat 1: b6b7d9b0 showed [5d 4d] and lost with Pair of Tens and Pair of Fives
Seat 2: c8f2b844 folded on the Flop
Seat 4: dcf36e8e folded before Flop (didn't bet)
Seat 3: 2fb42f64 folded before Flop (didn't bet)
Seat 6: Hero(small blind) showed [7h 7c] and won ($100) with Pair of Tens and Pair of Sevens
Seat 7: a878153e(big blind) folded before Flop
Seat 5: 6c207430 folded before Flop (didn't bet)



Poker Hand #ring_963559923: NLH No Limit ($2/$4) - 2025/06/30 01:53:56
Table 'MR NLH 2/4' 7-max Seat #4 is the button
Seat 1: b6b7d9b0 ($762.53 in chips)
Seat 2: c8f2b844 ($1,278.95 in chips)
Seat 4: dcf36e8e ($790.87 in chips)
Seat 3: 2fb42f64 ($610.56 in chips)
Seat 6: Hero ($221.02 in chips)
Seat 7: a878153e ($835.45 in chips)
Seat 5: 6c207430 ($851.76 in chips)
6c207430: posts small blind $2
Hero: posts big blind $4
*** HOLE CARDS ***
Dealt to b6b7d9b0 
Dealt to c8f2b844 
Dealt to dcf36e8e 
Dealt to 2fb42f64 
Dealt to Hero [Jc Qc]
Dealt to a878153e 
Dealt to 6c207430 
a878153e: folds
b6b7d9b0: folds
c8f2b844: folds
2fb42f64: folds
dcf36e8e: folds
6c207430: raises $8 to $12
Hero: raises $24 to $36
6c207430: raises $815.76 to $851.76 and is all-in
Hero: folds
Uncalled bet ($815.76) returned to 6c207430
*** SHOWDOWN ***
6c207430 collected $72 from pot
*** SUMMARY ***
Total pot $72
Seat 1: b6b7d9b0 folded before Flop (didn't bet)
Seat 2: c8f2b844 folded before Flop (didn't bet)
Seat 4: dcf36e8e folded before Flop (didn't bet)
Seat 3: 2fb42f64 folded before Flop (didn't bet)
Seat 6: Hero(big blind) folded before Flop
Seat 7: a878153e folded before Flop (didn't bet)
Seat 5: 6c207430(small blind)won ($72)



Poker Hand #ring_963558955: NLH No Limit ($2/$4) - 2025/06/30 01:53:19
Table 'MR NLH 2/4' 7-max Seat #3 is the button
Seat 1: b6b7d9b0 ($762.53 in chips)
Seat 2: c8f2b844 ($1,286.95 in chips)
Seat 4: dcf36e8e ($792.87 in chips)
Seat 3: 2fb42f64 ($610.56 in chips)
Seat 6: Hero ($221.02 in chips)
Seat 7: a878153e ($822.44 in chips)
Seat 5: 6c207430 ($855.76 in chips)
dcf36e8e: posts small blind $2
6c207430: posts big blind $4
*** HOLE CARDS ***
Dealt to b6b7d9b0 
Dealt to c8f2b844 
Dealt to dcf36e8e 
Dealt to 2fb42f64 
Dealt to Hero [7h 6s]
Dealt to a878153e 
Dealt to 6c207430 
Hero: folds
a878153e: raises $4 to $8
b6b7d9b0: folds
c8f2b844: calls $8
2fb42f64: folds
dcf36e8e: folds
6c207430: folds
*** FLOP *** [5c Kc 5d]
a878153e: bets $11
c8f2b844: folds
Uncalled bet ($11) returned to a878153e
*** SHOWDOWN ***
a878153e collected $22 from pot
*** SUMMARY ***
Total pot $22
Board [5c Kc 5d]
Seat 1: b6b7d9b0 folded before Flop (didn't bet)
Seat 2: c8f2b844 folded on the Flop
Seat 4: dcf36e8e(small blind) folded before Flop
Seat 3: 2fb42f64 folded before Flop (didn't bet)
Seat 6: Hero folded before Flop (didn't bet)
Seat 7: a878153ewon ($22) with Pair of Fives
Seat 5: 6c207430(big blind) folded before Flop



Poker Hand #ring_963557177: NLH No Limit ($2/$4) - 2025/06/30 01:52:08
Table 'MR NLH 2/4' 7-max Seat #2 is the button
Seat 1: b6b7d9b0 ($796.53 in chips)
Seat 2: c8f2b844 ($1,286.95 in chips)
Seat 4: dcf36e8e ($802.87 in chips)
Seat 3: 2fb42f64 ($612.56 in chips)
Seat 6: Hero ($221.02 in chips)
Seat 7: a878153e ($822.44 in chips)
Seat 5: 6c207430 ($814.36 in chips)
2fb42f64: posts small blind $2
dcf36e8e: posts big blind $4
*** HOLE CARDS ***
Dealt to b6b7d9b0 
Dealt to c8f2b844 
Dealt to dcf36e8e 
Dealt to 2fb42f64 
Dealt to Hero [5c 2d]
Dealt to a878153e 
Dealt to 6c207430 
6c207430: raises $6 to $10
Hero: folds
a878153e: folds
b6b7d9b0: calls $10
c8f2b844: folds
2fb42f64: folds
dcf36e8e: calls $6
*** FLOP *** [9h 2s 4c]
dcf36e8e: checks
6c207430: checks
b6b7d9b0: checks
*** TURN *** [9h 2s 4c] [Th]
dcf36e8e: checks
6c207430: bets $24
b6b7d9b0: calls $24
dcf36e8e: folds
*** RIVER *** [9h 2s 4c Th] [Kd]
6c207430: bets $26.4
b6b7d9b0: folds
Uncalled bet ($26.4) returned to 6c207430
*** SHOWDOWN ***
6c207430 collected $80 from pot
*** SUMMARY ***
Total pot $80
Board [9h 2s 4c Th Kd]
Seat 1: b6b7d9b0 folded on the River
Seat 2: c8f2b844 folded before Flop (didn't bet)
Seat 4: dcf36e8e(big blind) folded on the Turn
Seat 3: 2fb42f64(small blind) folded before Flop
Seat 6: Hero folded before Flop (didn't bet)
Seat 7: a878153e folded before Flop (didn't bet)
Seat 5: 6c207430won ($80) with Pair of Tens



Poker Hand #ring_963555289: NLH No Limit ($2/$4) - 2025/06/30 01:50:53
Table 'MR NLH 2/4' 7-max Seat #1 is the button
Seat 1: b6b7d9b0 ($796.53 in chips)
Seat 2: c8f2b844 ($1,241 in chips)
Seat 4: dcf36e8e ($802.87 in chips)
Seat 3: 2fb42f64 ($624.56 in chips)
Seat 6: Hero ($221.02 in chips)
Seat 7: a878153e ($861.44 in chips)
Seat 5: 6c207430 ($814.36 in chips)
c8f2b844: posts small blind $2
2fb42f64: posts big blind $4
*** HOLE CARDS ***
Dealt to b6b7d9b0 
Dealt to c8f2b844 
Dealt to dcf36e8e 
Dealt to 2fb42f64 
Dealt to Hero [Jd 8s]
Dealt to a878153e 
Dealt to 6c207430 
dcf36e8e: folds
6c207430: folds
Hero: folds
a878153e: raises $8 to $12
b6b7d9b0: folds
c8f2b844: calls $10
2fb42f64: calls $8
*** FLOP *** [Js 7h 6d]
c8f2b844: checks
2fb42f64: checks
a878153e: bets $27
c8f2b844: calls $27
2fb42f64: folds
*** TURN *** [Js 7h 6d] [7s]
c8f2b844: checks
a878153e: checks
*** RIVER *** [Js 7h 6d 7s] [9h]
c8f2b844: checks
a878153e: checks
c8f2b844: shows [8c 9c]
a878153e: shows [Qd Ks]
*** SHOWDOWN ***
c8f2b844 collected $90 from pot
*** SUMMARY ***
Total pot $90
Board [Js 7h 6d 7s 9h]
Seat 1: b6b7d9b0 folded before Flop (didn't bet)
Seat 2: c8f2b844(small blind) showed [8c 9c] and won ($90) with Pair of Nines and Pair of Sevens
Seat 4: dcf36e8e folded before Flop (didn't bet)
Seat 3: 2fb42f64(big blind) folded on the Flop
Seat 6: Hero folded before Flop (didn't bet)
Seat 7: a878153e showed [Qd Ks] and lost with Pair of Sevens
Seat 5: 6c207430 folded before Flop (didn't bet)



Poker Hand #ring_963552708: NLH No Limit ($2/$4) - 2025/06/30 01:49:11
Table 'MR NLH 2/4' 7-max Seat #7 is the button
Seat 1: b6b7d9b0 ($498.53 in chips)
Seat 2: c8f2b844 ($1,079.67 in chips)
Seat 4: dcf36e8e ($802.87 in chips)
Seat 3: 2fb42f64 ($638.56 in chips)
Seat 6: Hero ($221.02 in chips)
Seat 7: a878153e ($861.44 in chips)
Seat 5: 6c207430 ($963.36 in chips)
b6b7d9b0: posts small blind $2
c8f2b844: posts big blind $4
*** HOLE CARDS ***
Dealt to b6b7d9b0 
Dealt to c8f2b844 
Dealt to dcf36e8e 
Dealt to 2fb42f64 
Dealt to Hero [Ts 8d]
Dealt to a878153e 
Dealt to 6c207430 
2fb42f64: calls $4
dcf36e8e: folds
6c207430: raises $10 to $14
Hero: folds
a878153e: folds
b6b7d9b0: calls $12
c8f2b844: calls $10
2fb42f64: calls $10
*** FLOP *** [Td 2c Qc]
b6b7d9b0: checks
c8f2b844: checks
2fb42f64: checks
6c207430: checks
*** TURN *** [Td 2c Qc] [Ad]
b6b7d9b0: checks
c8f2b844: bets $35
2fb42f64: folds
6c207430: calls $35
b6b7d9b0: folds
*** RIVER *** [Td 2c Qc Ad] [Th]
c8f2b844: bets $100
6c207430: calls $100
c8f2b844: shows [Kh Js]
6c207430: shows [As 8s]
*** SHOWDOWN ***
c8f2b844 collected $326 from pot
*** SUMMARY ***
Total pot $326
Board [Td 2c Qc Ad Th]
Seat 1: b6b7d9b0(small blind) folded on the Turn
Seat 2: c8f2b844(big blind) showed [Kh Js] and won ($326) with Aces-High Straight
Seat 4: dcf36e8e folded before Flop (didn't bet)
Seat 3: 2fb42f64 folded on the Turn
Seat 6: Hero folded before Flop (didn't bet)
Seat 7: a878153e folded before Flop (didn't bet)
Seat 5: 6c207430 showed [As 8s] and lost with Pair of Aces and Pair of Tens



Poker Hand #ring_963551448: NLH No Limit ($2/$4) - 2025/06/30 01:48:21
Table 'MR NLH 2/4' 7-max Seat #6 is the button
Seat 1: b6b7d9b0 ($424.93 in chips)
Seat 2: c8f2b844 ($1,119.67 in chips)
Seat 4: dcf36e8e ($802.87 in chips)
Seat 3: 2fb42f64 ($638.56 in chips)
Seat 6: Hero ($221.02 in chips)
Seat 7: a878153e ($901.44 in chips)
Seat 5: 6c207430 ($963.36 in chips)
a878153e: posts small blind $2
b6b7d9b0: posts big blind $4
*** HOLE CARDS ***
Dealt to b6b7d9b0 
Dealt to c8f2b844 
Dealt to dcf36e8e 
Dealt to 2fb42f64 
Dealt to Hero [9s 4s]
Dealt to a878153e 
Dealt to 6c207430 
c8f2b844: raises $6 to $10
2fb42f64: folds
dcf36e8e: folds
6c207430: folds
Hero: folds
a878153e: calls $8
b6b7d9b0: raises $30 to $40
c8f2b844: calls $30
a878153e: calls $30
*** FLOP *** [6c 5c 2c]
a878153e: checks
b6b7d9b0: bets $90
c8f2b844: folds
a878153e: folds
Uncalled bet ($90) returned to b6b7d9b0
*** SHOWDOWN ***
b6b7d9b0 collected $120 from pot
*** SUMMARY ***
Total pot $120
Board [6c 5c 2c]
Seat 1: b6b7d9b0(big blind)won ($120) with Ace-High
Seat 2: c8f2b844 folded on the Flop
Seat 4: dcf36e8e folded before Flop (didn't bet)
Seat 3: 2fb42f64 folded before Flop (didn't bet)
Seat 6: Hero folded before Flop (didn't bet)
Seat 7: a878153e(small blind) folded on the Flop
Seat 5: 6c207430 folded before Flop (didn't bet)



Poker Hand #ring_963548643: NLH No Limit ($2/$4) - 2025/06/30 01:46:37
Table 'MR NLH 2/4' 7-max Seat #5 is the button
Seat 1: b6b7d9b0 ($692.93 in chips)
Seat 2: c8f2b844 ($838.59 in chips)
Seat 4: dcf36e8e ($802.87 in chips)
Seat 3: 2fb42f64 ($650.56 in chips)
Seat 6: Hero ($233.02 in chips)
Seat 7: a878153e ($905.44 in chips)
Seat 5: 6c207430 ($975.36 in chips)
Hero: posts small blind $2
a878153e: posts big blind $4
*** HOLE CARDS ***
Dealt to b6b7d9b0 
Dealt to c8f2b844 
Dealt to dcf36e8e 
Dealt to 2fb42f64 
Dealt to Hero [Th Ad]
Dealt to a878153e 
Dealt to 6c207430 
b6b7d9b0: raises $8 to $12
c8f2b844: calls $12
2fb42f64: calls $12
dcf36e8e: folds
6c207430: calls $12
Hero: calls $10
a878153e: folds
*** FLOP *** [4h 8d 7s]
Hero: checks
b6b7d9b0: bets $64
c8f2b844: calls $64
2fb42f64: folds
6c207430: folds
Hero: folds
*** TURN *** [4h 8d 7s] [3d]
b6b7d9b0: checks
c8f2b844: checks
*** RIVER *** [4h 8d 7s 3d] [2s]
b6b7d9b0: bets $192
c8f2b844: calls $192
b6b7d9b0: shows [Jh 8c]
c8f2b844: shows [8s As]
*** SHOWDOWN ***
c8f2b844 collected $576 from pot
*** SUMMARY ***
Total pot $576
Board [4h 8d 7s 3d 2s]
Seat 1: b6b7d9b0 showed [Jh 8c] and lost with Pair of Eights
Seat 2: c8f2b844 showed [8s As] and won ($576) with Pair of Eights
Seat 4: dcf36e8e folded before Flop (didn't bet)
Seat 3: 2fb42f64 folded on the Flop
Seat 6: Hero(small blind) folded on the Flop
Seat 7: a878153e(big blind) folded before Flop
Seat 5: 6c207430 folded on the Flop



Poker Hand #ring_963546249: NLH No Limit ($2/$4) - 2025/06/30 01:45:02
Table 'MR NLH 2/4' 7-max Seat #4 is the button
Seat 1: b6b7d9b0 ($589.35 in chips)
Seat 2: c8f2b844 ($838.59 in chips)
Seat 4: dcf36e8e ($802.87 in chips)
Seat 3: 2fb42f64 ($652.56 in chips)
Seat 6: Hero ($237.02 in chips)
Seat 7: a878153e ($958.44 in chips)
Seat 5: 6c207430 ($1,028.36 in chips)
6c207430: posts small blind $2
Hero: posts big blind $4
2fb42f64: posts big blind $0
2fb42f64: posts small blind $2
*** HOLE CARDS ***
Dealt to b6b7d9b0 
Dealt to c8f2b844 
Dealt to dcf36e8e 
Dealt to 2fb42f64 
Dealt to Hero [4d 9s]
Dealt to a878153e 
Dealt to 6c207430 
a878153e: calls $4
b6b7d9b0: calls $4
c8f2b844: folds
2fb42f64: folds
dcf36e8e: folds
6c207430: raises $16 to $20
Hero: folds
a878153e: calls $16
b6b7d9b0: calls $16
*** FLOP *** [4h 9c 3c]
6c207430: checks
a878153e: checks
b6b7d9b0: checks
*** TURN *** [4h 9c 3c] [2c]
6c207430: checks
a878153e: bets $33
b6b7d9b0: calls $33
6c207430: calls $33
*** RIVER *** [4h 9c 3c 2c] [Js]
6c207430: checks
a878153e: checks
b6b7d9b0: bets $123.75
6c207430: folds
a878153e: folds
Uncalled bet ($123.75) returned to b6b7d9b0
*** SHOWDOWN ***
b6b7d9b0 collected $165 from pot
*** SUMMARY ***
Total pot $163
Board [4h 9c 3c 2c Js]
Seat 1: b6b7d9b0won ($165) with Pair of Jacks and Pair of Treys
Seat 2: c8f2b844 folded before Flop (didn't bet)
Seat 4: dcf36e8e folded before Flop (didn't bet)
Seat 3: 2fb42f64 folded before Flop (didn't bet)
Seat 6: Hero(big blind) folded before Flop
Seat 7: a878153e folded on the River
Seat 5: 6c207430(small blind) folded on the River



Poker Hand #ring_963545726: NLH No Limit ($2/$4) - 2025/06/30 01:44:42
Table 'MR NLH 2/4' 7-max Seat #0 is the button
Seat 1: b6b7d9b0 ($583.35 in chips)
Seat 2: c8f2b844 ($838.59 in chips)
Seat 4: dcf36e8e ($804.87 in chips)
Seat 6: Hero ($237.02 in chips)
Seat 7: a878153e ($958.44 in chips)
Seat 5: 6c207430 ($1,032.36 in chips)
dcf36e8e: posts small blind $2
6c207430: posts big blind $4
*** HOLE CARDS ***
Dealt to b6b7d9b0 
Dealt to c8f2b844 
Dealt to dcf36e8e 
Dealt to Hero [Ah 2c]
Dealt to a878153e 
Dealt to 6c207430 
Hero: folds
a878153e: folds
b6b7d9b0: raises $8 to $12
c8f2b844: folds
dcf36e8e: folds
6c207430: folds
Uncalled bet ($8) returned to b6b7d9b0
*** SHOWDOWN ***
b6b7d9b0 collected $10 from pot
*** SUMMARY ***
Total pot $10
Seat 1: b6b7d9b0won ($10)
Seat 2: c8f2b844 folded before Flop (didn't bet)
Seat 4: dcf36e8e(small blind) folded before Flop
Seat 6: Hero folded before Flop (didn't bet)
Seat 7: a878153e folded before Flop (didn't bet)
Seat 5: 6c207430(big blind) folded before Flop



Poker Hand #ring_963544470: NLH No Limit ($2/$4) - 2025/06/30 01:43:51
Table 'MR NLH 2/4' 7-max Seat #2 is the button
Seat 1: b6b7d9b0 ($603.35 in chips)
Seat 2: c8f2b844 ($813.75 in chips)
Seat 4: dcf36e8e ($808.87 in chips)
Seat 6: Hero ($237.02 in chips)
Seat 7: a878153e ($962.44 in chips)
Seat 5: 6c207430 ($1,032.36 in chips)
dcf36e8e: posts big blind $4
*** HOLE CARDS ***
Dealt to b6b7d9b0 
Dealt to c8f2b844 
Dealt to dcf36e8e 
Dealt to Hero [7c Ad]
Dealt to a878153e 
Dealt to 6c207430 
6c207430: folds
Hero: folds
a878153e: calls $4
b6b7d9b0: calls $4
c8f2b844: raises $16 to $20
dcf36e8e: folds
a878153e: folds
b6b7d9b0: calls $16
*** FLOP *** [3c 4h 2s]
b6b7d9b0: checks
c8f2b844: checks
*** TURN *** [3c 4h 2s] [3d]
b6b7d9b0: checks
c8f2b844: checks
*** RIVER *** [3c 4h 2s 3d] [Ac]
b6b7d9b0: checks
c8f2b844: checks
b6b7d9b0: shows [6c Kd]
c8f2b844: shows [Jh Kh]
*** SHOWDOWN ***
c8f2b844 collected $48 from pot
*** SUMMARY ***
Total pot $48
Board [3c 4h 2s 3d Ac]
Seat 1: b6b7d9b0 showed [6c Kd] and lost with Pair of Treys
Seat 2: c8f2b844 showed [Jh Kh] and won ($48) with Pair of Treys
Seat 4: dcf36e8e(big blind) folded before Flop
Seat 6: Hero folded before Flop (didn't bet)
Seat 7: a878153e folded before Flop
Seat 5: 6c207430 folded before Flop (didn't bet)



Poker Hand #ring_963542405: NLH No Limit ($2/$4) - 2025/06/30 01:42:30
Table 'MR NLH 2/4' 7-max Seat #1 is the button
Seat 1: b6b7d9b0 ($295.11 in chips)
Seat 2: c8f2b844 ($823.75 in chips)
Seat 4: dcf36e8e ($808.87 in chips)
Seat 3: 2fb42f64 ($656.56 in chips)
Seat 6: Hero ($247.02 in chips)
Seat 7: a878153e ($962.44 in chips)
Seat 5: 6c207430 ($1,056.88 in chips)
c8f2b844: posts small blind $2
2fb42f64: posts big blind $4
*** HOLE CARDS ***
Dealt to b6b7d9b0 
Dealt to c8f2b844 
Dealt to dcf36e8e 
Dealt to 2fb42f64 
Dealt to Hero [Qc Qh]
Dealt to a878153e 
Dealt to 6c207430 
dcf36e8e: folds
6c207430: raises $6 to $10
Hero: calls $10
a878153e: folds
b6b7d9b0: calls $10
c8f2b844: calls $8
2fb42f64: folds
*** FLOP *** [Kd 8h Ac]
c8f2b844: checks
6c207430: bets $14.52
Hero: folds
b6b7d9b0: calls $14.52
c8f2b844: folds
*** TURN *** [Kd 8h Ac] [4c]
6c207430: checks
b6b7d9b0: checks
*** RIVER *** [Kd 8h Ac 4c] [5h]
6c207430: checks
b6b7d9b0: checks
b6b7d9b0: shows [8c 7h]
6c207430: shows [Th 9h]
*** SHOWDOWN ***
b6b7d9b0 collected $73.04 from pot
*** SUMMARY ***
Total pot $73.04
Board [Kd 8h Ac 4c 5h]
Seat 1: b6b7d9b0 showed [8c 7h] and won ($73.04) with Pair of Eights
Seat 2: c8f2b844(small blind) folded on the Flop
Seat 4: dcf36e8e folded before Flop (didn't bet)
Seat 3: 2fb42f64(big blind) folded before Flop
Seat 6: Hero folded on the Flop
Seat 7: a878153e folded before Flop (didn't bet)
Seat 5: 6c207430 showed [Th 9h] and lost with Ace-High



Poker Hand #ring_963540232: NLH No Limit ($2/$4) - 2025/06/30 01:41:06
Table 'MR NLH 2/4' 7-max Seat #7 is the button
Seat 1: b6b7d9b0 ($431.83 in chips)
Seat 2: c8f2b844 ($827.75 in chips)
Seat 4: dcf36e8e ($865.31 in chips)
Seat 3: 2fb42f64 ($660.56 in chips)
Seat 6: Hero ($247.02 in chips)
Seat 7: a878153e ($804.04 in chips)
Seat 5: 6c207430 ($1,056.88 in chips)
b6b7d9b0: posts small blind $2
c8f2b844: posts big blind $4
2fb42f64: posts big blind $4
*** HOLE CARDS ***
Dealt to b6b7d9b0 
Dealt to c8f2b844 
Dealt to dcf36e8e 
Dealt to 2fb42f64 
Dealt to Hero [Qs 4c]
Dealt to a878153e 
Dealt to 6c207430 
2fb42f64: checks
dcf36e8e: raises $8 to $12
6c207430: folds
Hero: folds
a878153e: raises $11.22 to $23.22
b6b7d9b0: raises $33.22 to $56.44
c8f2b844: folds
2fb42f64: folds
dcf36e8e: calls $44.44
a878153e: calls $33.22
*** FIRST FLOP *** [7d Tc Ks]
b6b7d9b0: checks
dcf36e8e: checks
a878153e: bets $132.99
b6b7d9b0: calls $132.99
dcf36e8e: folds
*** FIRST TURN *** [7d Tc Ks] [8s]
b6b7d9b0: checks
a878153e: bets $332.47
b6b7d9b0: calls $242.4 and is all-in
Uncalled bet ($90.07) returned to a878153e
b6b7d9b0: shows [Jd Qh]
a878153e: shows [Jh Kh]
*** FIRST RIVER *** [7d Tc Ks 8s] [Jc]
*** SECOND RIVER *** [7d Tc Ks 8s] [9h]
*** THIRD RIVER *** [7d Tc Ks 8s] [2d]
*** FIRST SHOWDOWN ***
a878153e collected $310.04 from pot
*** SECOND SHOWDOWN ***
b6b7d9b0 collected $309.03 from pot
*** THIRD SHOWDOWN ***
a878153e collected $309.03 from pot
*** SUMMARY ***
Total pot $928.1
Hand was run three timesFIRST Board [7d Tc Ks 8s Jc]
SECOND Board [9h]
THIRD Board [2d]
Seat 1: b6b7d9b0(small blind) showed [Jd Qh] and won ($309.03) with Pair of Jacks / Kings-High Straight / King-High
Seat 2: c8f2b844(big blind) folded before Flop
Seat 4: dcf36e8e folded on the Flop
Seat 3: 2fb42f64 folded before Flop
Seat 6: Hero folded before Flop (didn't bet)
Seat 7: a878153e showed [Jh Kh] and won ($619.07) with Pair of Kings and Pair of Jacks / Jacks-High Straight / Pair of Kings
Seat 5: 6c207430 folded before Flop (didn't bet)



Poker Hand #ring_963538804: NLH No Limit ($2/$4) - 2025/06/30 01:40:12
Table 'MR NLH 2/4' 7-max Seat #6 is the button
Seat 1: b6b7d9b0 ($401.8 in chips)
Seat 2: c8f2b844 ($827.75 in chips)
Seat 4: dcf36e8e ($897.31 in chips)
Seat 6: Hero ($247.02 in chips)
Seat 7: a878153e ($806.04 in chips)
Seat 5: 6c207430 ($1,056.88 in chips)
a878153e: posts small blind $2
b6b7d9b0: posts big blind $4
*** HOLE CARDS ***
Dealt to b6b7d9b0 
Dealt to c8f2b844 
Dealt to dcf36e8e 
Dealt to Hero [8s 4h]
Dealt to a878153e 
Dealt to 6c207430 
c8f2b844: folds
dcf36e8e: raises $6 to $10
6c207430: folds
Hero: folds
a878153e: folds
b6b7d9b0: calls $6
*** FLOP *** [7h Kd 6s]
b6b7d9b0: checks
dcf36e8e: checks
*** TURN *** [7h Kd 6s] [3h]
b6b7d9b0: bets $22
dcf36e8e: calls $22
*** RIVER *** [7h Kd 6s 3h] [7s]
b6b7d9b0: bets $66
dcf36e8e: folds
Uncalled bet ($66) returned to b6b7d9b0
*** SHOWDOWN ***
b6b7d9b0 collected $66 from pot
*** SUMMARY ***
Total pot $66
Board [7h Kd 6s 3h 7s]
Seat 1: b6b7d9b0(big blind)won ($66) with Pair of Sevens
Seat 2: c8f2b844 folded before Flop (didn't bet)
Seat 4: dcf36e8e folded on the River
Seat 6: Hero folded before Flop (didn't bet)
Seat 7: a878153e(small blind) folded before Flop
Seat 5: 6c207430 folded before Flop (didn't bet)



Poker Hand #ring_963537182: NLH No Limit ($2/$4) - 2025/06/30 01:39:11
Table 'MR NLH 2/4' 7-max Seat #5 is the button
Seat 1: b6b7d9b0 ($643.3 in chips)
Seat 2: c8f2b844 ($827.75 in chips)
Seat 4: dcf36e8e ($933.31 in chips)
Seat 6: Hero ($249.02 in chips)
Seat 7: a878153e ($810.04 in chips)
Seat 5: 6c207430 ($798 in chips)
Hero: posts small blind $2
a878153e: posts big blind $4
*** HOLE CARDS ***
Dealt to b6b7d9b0 
Dealt to c8f2b844 
Dealt to dcf36e8e 
Dealt to Hero [Jc 7s]
Dealt to a878153e 
Dealt to 6c207430 
b6b7d9b0: calls $4
c8f2b844: folds
dcf36e8e: raises $8 to $12
6c207430: raises $24 to $36
Hero: folds
a878153e: folds
b6b7d9b0: calls $32
dcf36e8e: calls $24
*** FLOP *** [As 7d 9h]
b6b7d9b0: checks
dcf36e8e: checks
6c207430: bets $48
b6b7d9b0: calls $48
dcf36e8e: folds
*** TURN *** [As 7d 9h] [2s]
b6b7d9b0: checks
6c207430: bets $157.5
b6b7d9b0: calls $157.5
*** RIVER *** [As 7d 9h 2s] [Ks]
b6b7d9b0: checks
6c207430: bets $525
b6b7d9b0: folds
Uncalled bet ($525) returned to 6c207430
*** SHOWDOWN ***
6c207430 collected $525 from pot
*** SUMMARY ***
Total pot $525
Board [As 7d 9h 2s Ks]
Seat 1: b6b7d9b0 folded on the River
Seat 2: c8f2b844 folded before Flop (didn't bet)
Seat 4: dcf36e8e folded on the Flop
Seat 6: Hero(small blind) folded before Flop
Seat 7: a878153e(big blind) folded before Flop
Seat 5: 6c207430won ($525) with Pair of Aces and Pair of Nines



Poker Hand #ring_963535030: NLH No Limit ($2/$4) - 2025/06/30 01:37:50
Table 'MR NLH 2/4' 7-max Seat #4 is the button
Seat 1: b6b7d9b0 ($557.3 in chips)
Seat 2: c8f2b844 ($827.75 in chips)
Seat 4: dcf36e8e ($933.31 in chips)
Seat 6: Hero ($321.02 in chips)
Seat 7: a878153e ($822.04 in chips)
Seat 5: 6c207430 ($800 in chips)
6c207430: posts small blind $2
Hero: posts big blind $4
*** HOLE CARDS ***
Dealt to b6b7d9b0 
Dealt to c8f2b844 
Dealt to dcf36e8e 
Dealt to Hero [Jd Jh]
Dealt to a878153e 
Dealt to 6c207430 
a878153e: raises $8 to $12
b6b7d9b0: raises $15 to $27
c8f2b844: folds
dcf36e8e: folds
6c207430: folds
Hero: raises $45 to $72
a878153e: folds
b6b7d9b0: raises $158 to $230
Hero: folds
Uncalled bet ($158) returned to b6b7d9b0
*** SHOWDOWN ***
b6b7d9b0 collected $158 from pot
*** SUMMARY ***
Total pot $158
Seat 1: b6b7d9b0won ($158)
Seat 2: c8f2b844 folded before Flop (didn't bet)
Seat 4: dcf36e8e folded before Flop (didn't bet)
Seat 6: Hero(big blind) folded before Flop
Seat 7: a878153e folded before Flop
Seat 5: 6c207430(small blind) folded before Flop



Poker Hand #ring_963533336: NLH No Limit ($2/$4) - 2025/06/30 01:36:45
Table 'MR NLH 2/4' 7-max Seat #2 is the button
Seat 1: b6b7d9b0 ($565.3 in chips)
Seat 2: c8f2b844 ($835.75 in chips)
Seat 4: dcf36e8e ($935.31 in chips)
Seat 6: Hero ($321.02 in chips)
Seat 7: a878153e ($801.39 in chips)
Seat 5: 6c207430 ($778 in chips)
dcf36e8e: posts small blind $2
6c207430: posts big blind $4
*** HOLE CARDS ***
Dealt to b6b7d9b0 
Dealt to c8f2b844 
Dealt to dcf36e8e 
Dealt to Hero [9d Ts]
Dealt to a878153e 
Dealt to 6c207430 
Hero: folds
a878153e: calls $4
b6b7d9b0: raises $4 to $8
c8f2b844: calls $8
dcf36e8e: folds
6c207430: folds
a878153e: calls $4
*** FLOP *** [6s Ah 8c]
a878153e: checks
b6b7d9b0: checks
c8f2b844: checks
*** TURN *** [6s Ah 8c] [4c]
a878153e: checks
b6b7d9b0: checks
c8f2b844: checks
*** RIVER *** [6s Ah 8c 4c] [4h]
a878153e: bets $15
b6b7d9b0: folds
c8f2b844: folds
Uncalled bet ($15) returned to a878153e
*** SHOWDOWN ***
a878153e collected $30 from pot
*** SUMMARY ***
Total pot $30
Board [6s Ah 8c 4c 4h]
Seat 1: b6b7d9b0 folded on the River
Seat 2: c8f2b844 folded on the River
Seat 4: dcf36e8e(small blind) folded before Flop
Seat 6: Hero folded before Flop (didn't bet)
Seat 7: a878153ewon ($30) with Pair of Fours and Pair of Twos
Seat 5: 6c207430(big blind) folded before Flop



Poker Hand #ring_963531142: NLH No Limit ($2/$4) - 2025/06/30 01:35:22
Table 'MR NLH 2/4' 7-max Seat #1 is the button
Seat 1: b6b7d9b0 ($853.3 in chips)
Seat 2: c8f2b844 ($551.75 in chips)
Seat 4: dcf36e8e ($947.31 in chips)
Seat 6: Hero ($321.02 in chips)
Seat 7: a878153e ($813.39 in chips)
Seat 5: 6c207430 ($778 in chips)
c8f2b844: posts small blind $2
dcf36e8e: posts big blind $4
*** HOLE CARDS ***
Dealt to b6b7d9b0 
Dealt to c8f2b844 
Dealt to dcf36e8e 
Dealt to Hero [5h 4s]
Dealt to a878153e 
Dealt to 6c207430 
6c207430: folds
Hero: folds
a878153e: raises $8 to $12
b6b7d9b0: calls $12
c8f2b844: calls $10
dcf36e8e: calls $8
*** FLOP *** [As Jd 6s]
c8f2b844: checks
dcf36e8e: checks
a878153e: checks
b6b7d9b0: bets $36
c8f2b844: calls $36
dcf36e8e: folds
a878153e: folds
*** TURN *** [As Jd 6s] [7s]
c8f2b844: checks
b6b7d9b0: bets $60
c8f2b844: calls $60
*** RIVER *** [As Jd 6s 7s] [2c]
c8f2b844: checks
b6b7d9b0: bets $180
c8f2b844: calls $180
b6b7d9b0: shows [8h Ah]
c8f2b844: shows [Jc Ad]
*** SHOWDOWN ***
c8f2b844 collected $600 from pot
*** SUMMARY ***
Total pot $600
Board [As Jd 6s 7s 2c]
Seat 1: b6b7d9b0 showed [8h Ah] and lost with Pair of Aces
Seat 2: c8f2b844(small blind) showed [Jc Ad] and won ($600) with Pair of Aces and Pair of Jacks
Seat 4: dcf36e8e(big blind) folded on the Flop
Seat 6: Hero folded before Flop (didn't bet)
Seat 7: a878153e folded on the Flop
Seat 5: 6c207430 folded before Flop (didn't bet)



Poker Hand #ring_963529793: NLH No Limit ($2/$4) - 2025/06/30 01:34:31
Table 'MR NLH 2/4' 7-max Seat #7 is the button
Seat 1: b6b7d9b0 ($878.3 in chips)
Seat 2: c8f2b844 ($520.45 in chips)
Seat 4: dcf36e8e ($947.31 in chips)
Seat 6: Hero ($321.02 in chips)
Seat 7: a878153e ($813.39 in chips)
Seat 5: 6c207430 ($788 in chips)
b6b7d9b0: posts small blind $2
c8f2b844: posts big blind $4
*** HOLE CARDS ***
Dealt to b6b7d9b0 
Dealt to c8f2b844 
Dealt to dcf36e8e 
Dealt to Hero [6c Tc]
Dealt to a878153e 
Dealt to 6c207430 
dcf36e8e: folds
6c207430: raises $6 to $10
Hero: folds
a878153e: folds
b6b7d9b0: calls $8
c8f2b844: calls $6
*** FLOP *** [2s 5s Jc]
b6b7d9b0: checks
c8f2b844: checks
6c207430: checks
*** TURN *** [2s 5s Jc] [Qs]
b6b7d9b0: checks
c8f2b844: checks
6c207430: checks
*** RIVER *** [2s 5s Jc Qs] [9d]
b6b7d9b0: bets $15
c8f2b844: calls $15
6c207430: folds
b6b7d9b0: shows [5c 6d]
c8f2b844: shows [Kd Qc]
*** SHOWDOWN ***
c8f2b844 collected $60 from pot
*** SUMMARY ***
Total pot $60
Board [2s 5s Jc Qs 9d]
Seat 1: b6b7d9b0(small blind) showed [5c 6d] and lost with Pair of Fives
Seat 2: c8f2b844(big blind) showed [Kd Qc] and won ($60) with Pair of Queens
Seat 4: dcf36e8e folded before Flop (didn't bet)
Seat 6: Hero folded before Flop (didn't bet)
Seat 7: a878153e folded before Flop (didn't bet)
Seat 5: 6c207430 folded on the River



Poker Hand #ring_963528624: NLH No Limit ($2/$4) - 2025/06/30 01:33:48
Table 'MR NLH 2/4' 7-max Seat #6 is the button
Seat 1: b6b7d9b0 ($888.3 in chips)
Seat 2: c8f2b844 ($501.8 in chips)
Seat 4: dcf36e8e ($947.31 in chips)
Seat 6: Hero ($321.02 in chips)
Seat 7: a878153e ($823.39 in chips)
Seat 5: 6c207430 ($788 in chips)
a878153e: posts small blind $2
b6b7d9b0: posts big blind $4
*** HOLE CARDS ***
Dealt to b6b7d9b0 
Dealt to c8f2b844 
Dealt to dcf36e8e 
Dealt to Hero [Jh 4s]
Dealt to a878153e 
Dealt to 6c207430 
c8f2b844: raises $6 to $10
dcf36e8e: folds
6c207430: folds
Hero: folds
a878153e: calls $8
b6b7d9b0: calls $6
*** FLOP *** [6d Td 2h]
a878153e: checks
b6b7d9b0: checks
c8f2b844: bets $15
a878153e: folds
b6b7d9b0: folds
Uncalled bet ($15) returned to c8f2b844
*** SHOWDOWN ***
c8f2b844 collected $30 from pot
*** SUMMARY ***
Total pot $30
Board [6d Td 2h]
Seat 1: b6b7d9b0(big blind) folded on the Flop
Seat 2: c8f2b844won ($30) with Queen-High
Seat 4: dcf36e8e folded before Flop (didn't bet)
Seat 6: Hero folded before Flop (didn't bet)
Seat 7: a878153e(small blind) folded on the Flop
Seat 5: 6c207430 folded before Flop (didn't bet)



Poker Hand #ring_963526540: NLH No Limit ($2/$4) - 2025/06/30 01:32:29
Table 'MR NLH 2/4' 7-max Seat #5 is the button
Seat 1: b6b7d9b0 ($980.3 in chips)
Seat 2: c8f2b844 ($413.35 in chips)
Seat 4: dcf36e8e ($947.31 in chips)
Seat 6: Hero ($323.02 in chips)
Seat 7: a878153e ($827.39 in chips)
Seat 5: 6c207430 ($788 in chips)
Hero: posts small blind $2
a878153e: posts big blind $4
*** HOLE CARDS ***
Dealt to b6b7d9b0 
Dealt to c8f2b844 
Dealt to dcf36e8e 
Dealt to Hero [2c 4h]
Dealt to a878153e 
Dealt to 6c207430 
b6b7d9b0: calls $4
c8f2b844: raises $12 to $16
dcf36e8e: folds
6c207430: folds
Hero: folds
a878153e: folds
b6b7d9b0: calls $12
*** FLOP *** [8c 3c 6c]
b6b7d9b0: checks
c8f2b844: checks
*** TURN *** [8c 3c 6c] [8d]
b6b7d9b0: bets $19
c8f2b844: calls $19
*** RIVER *** [8c 3c 6c 8d] [5c]
b6b7d9b0: bets $57
c8f2b844: raises $143 to $200
b6b7d9b0: folds
Uncalled bet ($143) returned to c8f2b844
a878153e: shows [Qc]
*** SHOWDOWN ***
c8f2b844 collected $190 from pot
*** SUMMARY ***
Total pot $190
Board [8c 3c 6c 8d 5c]
Seat 1: b6b7d9b0 folded on the River
Seat 2: c8f2b844won ($190) with Ace High Flush
Seat 4: dcf36e8e folded before Flop (didn't bet)
Seat 6: Hero(small blind) folded before Flop
Seat 7: a878153e(big blind) folded before Flop
Seat 5: 6c207430 folded before Flop (didn't bet)



Poker Hand #ring_963525928: NLH No Limit ($2/$4) - 2025/06/30 01:32:06
Table 'MR NLH 2/4' 7-max Seat #4 is the button
Seat 1: b6b7d9b0 ($980.3 in chips)
Seat 2: c8f2b844 ($413.35 in chips)
Seat 4: dcf36e8e ($941.31 in chips)
Seat 6: Hero ($327.02 in chips)
Seat 7: a878153e ($827.39 in chips)
Seat 5: 6c207430 ($790 in chips)
6c207430: posts small blind $2
Hero: posts big blind $4
*** HOLE CARDS ***
Dealt to b6b7d9b0 
Dealt to c8f2b844 
Dealt to dcf36e8e 
Dealt to Hero [7d 2c]
Dealt to a878153e 
Dealt to 6c207430 
a878153e: folds
b6b7d9b0: folds
c8f2b844: folds
dcf36e8e: raises $6 to $10
6c207430: folds
Hero: folds
Uncalled bet ($6) returned to dcf36e8e
*** SHOWDOWN ***
dcf36e8e collected $10 from pot
*** SUMMARY ***
Total pot $10
Seat 1: b6b7d9b0 folded before Flop (didn't bet)
Seat 2: c8f2b844 folded before Flop (didn't bet)
Seat 4: dcf36e8ewon ($10)
Seat 6: Hero(big blind) folded before Flop
Seat 7: a878153e folded before Flop (didn't bet)
Seat 5: 6c207430(small blind) folded before Flop



Poker Hand #ring_963523625: NLH No Limit ($2/$4) - 2025/06/30 01:30:41
Table 'MR NLH 2/4' 7-max Seat #2 is the button
Seat 1: b6b7d9b0 ($885.3 in chips)
Seat 2: c8f2b844 ($508.35 in chips)
Seat 4: dcf36e8e ($943.31 in chips)
Seat 6: Hero ($327.02 in chips)
Seat 7: a878153e ($831.39 in chips)
Seat 5: 6c207430 ($794 in chips)
dcf36e8e: posts small blind $2
6c207430: posts big blind $4
*** HOLE CARDS ***
Dealt to b6b7d9b0 
Dealt to c8f2b844 
Dealt to dcf36e8e 
Dealt to Hero [Kc 2s]
Dealt to a878153e 
Dealt to 6c207430 
Hero: folds
a878153e: calls $4
b6b7d9b0: calls $4
c8f2b844: raises $16 to $20
dcf36e8e: folds
6c207430: folds
a878153e: folds
b6b7d9b0: calls $16
*** FLOP *** [4c Ah 2h]
b6b7d9b0: checks
c8f2b844: bets $25
b6b7d9b0: calls $25
*** TURN *** [4c Ah 2h] [6d]
b6b7d9b0: bets $50
c8f2b844: calls $50
*** RIVER *** [4c Ah 2h 6d] [Qs]
b6b7d9b0: bets $200
c8f2b844: folds
Uncalled bet ($200) returned to b6b7d9b0
*** SHOWDOWN ***
b6b7d9b0 collected $200 from pot
*** SUMMARY ***
Total pot $200
Board [4c Ah 2h 6d Qs]
Seat 1: b6b7d9b0won ($200) with Pair of Queens and Pair of Fours
Seat 2: c8f2b844 folded on the River
Seat 4: dcf36e8e(small blind) folded before Flop
Seat 6: Hero folded before Flop (didn't bet)
Seat 7: a878153e folded before Flop
Seat 5: 6c207430(big blind) folded before Flop



Poker Hand #ring_963521839: NLH No Limit ($2/$4) - 2025/06/30 01:29:35
Table 'MR NLH 2/4' 7-max Seat #1 is the button
Seat 1: b6b7d9b0 ($925.3 in chips)
Seat 2: c8f2b844 ($510.35 in chips)
Seat 4: dcf36e8e ($473.4 in chips)
Seat 6: Hero ($327.02 in chips)
Seat 7: a878153e ($1,304.79 in chips)
Seat 5: 6c207430 ($794 in chips)
c8f2b844: posts small blind $2
dcf36e8e: posts big blind $4
*** HOLE CARDS ***
Dealt to b6b7d9b0 
Dealt to c8f2b844 
Dealt to dcf36e8e 
Dealt to Hero [7s Ad]
Dealt to a878153e 
Dealt to 6c207430 
6c207430: folds
Hero: folds
a878153e: raises $4 to $8
b6b7d9b0: calls $8
c8f2b844: folds
dcf36e8e: raises $32 to $40
a878153e: calls $32
b6b7d9b0: calls $32
*** FIRST FLOP *** [Tc Jc Kc]
dcf36e8e: bets $61
a878153e: raises $244 to $305
b6b7d9b0: folds
dcf36e8e: raises $128.4 to $433.4 and is all-in
a878153e: calls $128.4
dcf36e8e: shows [Kh Qc] (Pair of Kings)
a878153e: shows [Ts Js] (Pair of Jacks and Pair of Tens)
*** FIRST TURN *** [Tc Jc Kc] [Kd]
*** SECOND TURN *** [Tc Jc Kc] [Qh]
*** FIRST RIVER *** [Tc Jc Kc Kd] [4d]
*** SECOND RIVER *** [Tc Jc Kc Qh] [6d]
*** FIRST SHOWDOWN ***
dcf36e8e collected $494.91 from pot
*** SECOND SHOWDOWN ***
dcf36e8e collected $493.89 from pot
*** SUMMARY ***
Total pot $988.8
Hand was run two timesFIRST Board [Tc Jc Kc Kd 4d]
SECOND Board [Qh 6d]
Seat 1: b6b7d9b0 folded on the Flop
Seat 2: c8f2b844(small blind) folded before Flop
Seat 4: dcf36e8e(big blind) showed [Kh Qc] and won ($988.8) with Three Kings / Pair of Kings and Pair of Queens
Seat 6: Hero folded before Flop (didn't bet)
Seat 7: a878153e showed [Ts Js] and lost with Pair of Kings and Pair of Jacks / Pair of Jacks and Pair of Tens
Seat 5: 6c207430 folded before Flop (didn't bet)



Poker Hand #ring_963521247: NLH No Limit ($2/$4) - 2025/06/30 01:29:13
Table 'MR NLH 2/4' 7-max Seat #7 is the button
Seat 1: b6b7d9b0 ($921.3 in chips)
Seat 2: c8f2b844 ($514.35 in chips)
Seat 4: dcf36e8e ($473.4 in chips)
Seat 6: Hero ($327.02 in chips)
Seat 7: a878153e ($1,304.79 in chips)
Seat 5: 6c207430 ($794 in chips)
b6b7d9b0: posts small blind $2
c8f2b844: posts big blind $4
*** HOLE CARDS ***
Dealt to b6b7d9b0 
Dealt to c8f2b844 
Dealt to dcf36e8e 
Dealt to Hero [5s Qs]
Dealt to a878153e 
Dealt to 6c207430 
dcf36e8e: folds
6c207430: folds
Hero: folds
a878153e: folds
b6b7d9b0: raises $8 to $12
c8f2b844: folds
Uncalled bet ($8) returned to b6b7d9b0
*** SHOWDOWN ***
b6b7d9b0 collected $8 from pot
*** SUMMARY ***
Total pot $8
Seat 1: b6b7d9b0(small blind)won ($8)
Seat 2: c8f2b844(big blind) folded before Flop
Seat 4: dcf36e8e folded before Flop (didn't bet)
Seat 6: Hero folded before Flop (didn't bet)
Seat 7: a878153e folded before Flop (didn't bet)
Seat 5: 6c207430 folded before Flop (didn't bet)



Poker Hand #ring_963518553: NLH No Limit ($2/$4) - 2025/06/30 01:27:35
Table 'MR NLH 2/4' 7-max Seat #6 is the button
Seat 1: b6b7d9b0 ($1,042.3 in chips)
Seat 2: c8f2b844 ($554.35 in chips)
Seat 4: dcf36e8e ($285.98 in chips)
Seat 6: Hero ($367.02 in chips)
Seat 7: a878153e ($1,306.79 in chips)
Seat 5: 6c207430 ($794 in chips)
a878153e: posts small blind $2
b6b7d9b0: posts big blind $4
*** HOLE CARDS ***
Dealt to b6b7d9b0 
Dealt to c8f2b844 
Dealt to dcf36e8e 
Dealt to Hero [Qh Ad]
Dealt to a878153e 
Dealt to 6c207430 
c8f2b844: raises $6 to $10
dcf36e8e: calls $10
6c207430: folds
Hero: raises $30 to $40
a878153e: folds
b6b7d9b0: calls $36
c8f2b844: calls $30
dcf36e8e: calls $30
*** FLOP *** [3s 2d Jc]
b6b7d9b0: checks
c8f2b844: checks
dcf36e8e: checks
Hero: checks
*** TURN *** [3s 2d Jc] [Js]
b6b7d9b0: bets $81
c8f2b844: folds
dcf36e8e: raises $164.98 to $245.98 and is all-in
Hero: folds
b6b7d9b0: folds
Uncalled bet ($164.98) returned to dcf36e8e
dcf36e8e: shows [3h Ah]
*** SHOWDOWN ***
dcf36e8e collected $324 from pot
*** SUMMARY ***
Total pot $324
Board [3s 2d Jc Js]
Seat 1: b6b7d9b0(big blind) folded on the Turn
Seat 2: c8f2b844 folded on the Turn
Seat 4: dcf36e8e showed [3h Ah] and won ($324) with Pair of Jacks and Pair of Treys
Seat 6: Hero folded on the Turn
Seat 7: a878153e(small blind) folded before Flop
Seat 5: 6c207430 folded before Flop (didn't bet)



Poker Hand #ring_963517050: NLH No Limit ($2/$4) - 2025/06/30 01:26:39
Table 'MR NLH 2/4' 7-max Seat #5 is the button
Seat 1: b6b7d9b0 ($1,042.3 in chips)
Seat 2: c8f2b844 ($554.35 in chips)
Seat 4: dcf36e8e ($467.58 in chips)
Seat 6: Hero ($369.02 in chips)
Seat 7: a878153e ($1,140.62 in chips)
Seat 5: 6c207430 ($794 in chips)
Hero: posts small blind $2
a878153e: posts big blind $4
*** HOLE CARDS ***
Dealt to b6b7d9b0 
Dealt to c8f2b844 
Dealt to dcf36e8e 
Dealt to Hero [Ks Th]
Dealt to a878153e 
Dealt to 6c207430 
b6b7d9b0: folds
c8f2b844: folds
dcf36e8e: raises $6 to $10
6c207430: folds
Hero: folds
a878153e: calls $6
*** FLOP *** [7h As Qc]
a878153e: checks
dcf36e8e: bets $7.26
a878153e: raises $18.26 to $25.52
dcf36e8e: calls $18.26
*** TURN *** [7h As Qc] [8s]
a878153e: bets $54.78
dcf36e8e: calls $54.78
*** RIVER *** [7h As Qc 8s] [5c]
a878153e: bets $91.3
dcf36e8e: calls $91.3
dcf36e8e: shows [Ah 4h]
a878153e: shows [7c Qh]
*** SHOWDOWN ***
a878153e collected $365.2 from pot
*** SUMMARY ***
Total pot $365.2
Board [7h As Qc 8s 5c]
Seat 1: b6b7d9b0 folded before Flop (didn't bet)
Seat 2: c8f2b844 folded before Flop (didn't bet)
Seat 4: dcf36e8e showed [Ah 4h] and lost with Pair of Aces
Seat 6: Hero(small blind) folded before Flop
Seat 7: a878153e(big blind) showed [7c Qh] and won ($365.2) with Pair of Queens and Pair of Sevens
Seat 5: 6c207430 folded before Flop (didn't bet)



Poker Hand #ring_963516464: NLH No Limit ($2/$4) - 2025/06/30 01:26:17
Table 'MR NLH 2/4' 7-max Seat #4 is the button
Seat 1: b6b7d9b0 ($1,036.3 in chips)
Seat 2: c8f2b844 ($554.35 in chips)
Seat 4: dcf36e8e ($467.58 in chips)
Seat 6: Hero ($373.02 in chips)
Seat 7: a878153e ($1,140.62 in chips)
Seat 5: 6c207430 ($796 in chips)
6c207430: posts small blind $2
Hero: posts big blind $4
*** HOLE CARDS ***
Dealt to b6b7d9b0 
Dealt to c8f2b844 
Dealt to dcf36e8e 
Dealt to Hero [2s Kc]
Dealt to a878153e 
Dealt to 6c207430 
a878153e: folds
b6b7d9b0: raises $12 to $16
c8f2b844: folds
dcf36e8e: folds
6c207430: folds
Hero: folds
Uncalled bet ($12) returned to b6b7d9b0
*** SHOWDOWN ***
b6b7d9b0 collected $10 from pot
*** SUMMARY ***
Total pot $10
Seat 1: b6b7d9b0won ($10)
Seat 2: c8f2b844 folded before Flop (didn't bet)
Seat 4: dcf36e8e folded before Flop (didn't bet)
Seat 6: Hero(big blind) folded before Flop
Seat 7: a878153e folded before Flop (didn't bet)
Seat 5: 6c207430(small blind) folded before Flop



Poker Hand #ring_963515705: NLH No Limit ($2/$4) - 2025/06/30 01:25:48
Table 'MR NLH 2/4' 7-max Seat #2 is the button
Seat 1: b6b7d9b0 ($1,036.3 in chips)
Seat 2: c8f2b844 ($554.35 in chips)
Seat 4: dcf36e8e ($469.58 in chips)
Seat 6: Hero ($373.02 in chips)
Seat 7: a878153e ($1,134.62 in chips)
Seat 5: 6c207430 ($800 in chips)
dcf36e8e: posts small blind $2
6c207430: posts big blind $4
*** HOLE CARDS ***
Dealt to b6b7d9b0 
Dealt to c8f2b844 
Dealt to dcf36e8e 
Dealt to Hero [9d Ah]
Dealt to a878153e 
Dealt to 6c207430 
Hero: folds
a878153e: raises $4 to $8
b6b7d9b0: folds
c8f2b844: folds
dcf36e8e: folds
6c207430: folds
Uncalled bet ($4) returned to a878153e
*** SHOWDOWN ***
a878153e collected $10 from pot
*** SUMMARY ***
Total pot $10
Seat 1: b6b7d9b0 folded before Flop (didn't bet)
Seat 2: c8f2b844 folded before Flop (didn't bet)
Seat 4: dcf36e8e(small blind) folded before Flop
Seat 6: Hero folded before Flop (didn't bet)
Seat 7: a878153ewon ($10)
Seat 5: 6c207430(big blind) folded before Flop



Poker Hand #ring_963512881: NLH No Limit ($2/$4) - 2025/06/30 01:24:02
Table 'MR NLH 2/4' 7-max Seat #1 is the button
Seat 1: b6b7d9b0 ($640.05 in chips)
Seat 2: c8f2b844 ($556.35 in chips)
Seat 4: dcf36e8e ($479.58 in chips)
Seat 6: Hero ($373.02 in chips)
Seat 7: a878153e ($1,134.62 in chips)
Seat 5: 6c207430 ($800 in chips)
c8f2b844: posts small blind $2
dcf36e8e: posts big blind $4
*** HOLE CARDS ***
Dealt to b6b7d9b0 
Dealt to c8f2b844 
Dealt to dcf36e8e 
Dealt to Hero [Qs 9h]
Dealt to a878153e 
Dealt to 6c207430 
6c207430: raises $6 to $10
Hero: folds
a878153e: folds
b6b7d9b0: calls $10
c8f2b844: folds
dcf36e8e: calls $6
*** FLOP *** [2c 9c 5d]
dcf36e8e: checks
6c207430: bets $14
b6b7d9b0: raises $45 to $59
dcf36e8e: folds
6c207430: calls $45
*** TURN *** [2c 9c 5d] [3h]
6c207430: bets $84
b6b7d9b0: calls $84
*** RIVER *** [2c 9c 5d 3h] [Ah]
6c207430: bets $100
b6b7d9b0: raises $170.94 to $270.94
6c207430: calls $170.94
b6b7d9b0: shows [Ad 9d]
6c207430: shows [Ts Th]
*** SHOWDOWN ***
b6b7d9b0 collected $859.88 from pot
*** SUMMARY ***
Total pot $859.88
Board [2c 9c 5d 3h Ah]
Seat 1: b6b7d9b0 showed [Ad 9d] and won ($859.88) with Pair of Aces and Pair of Nines
Seat 2: c8f2b844(small blind) folded before Flop
Seat 4: dcf36e8e(big blind) folded on the Flop
Seat 6: Hero folded before Flop (didn't bet)
Seat 7: a878153e folded before Flop (didn't bet)
Seat 5: 6c207430 showed [Ts Th] and lost with Pair of Tens



Poker Hand #ring_963510968: NLH No Limit ($2/$4) - 2025/06/30 01:22:51
Table 'MR NLH 2/4' 7-max Seat #7 is the button
Seat 1: b6b7d9b0 ($498.01 in chips)
Seat 2: c8f2b844 ($568.35 in chips)
Seat 4: dcf36e8e ($491.58 in chips)
Seat 6: Hero ($505.02 in chips)
Seat 7: a878153e ($1,134.62 in chips)
Seat 5: 6c207430 ($800 in chips)
b6b7d9b0: posts small blind $2
c8f2b844: posts big blind $4
*** HOLE CARDS ***
Dealt to b6b7d9b0 
Dealt to c8f2b844 
Dealt to dcf36e8e 
Dealt to Hero [Kc Qd]
Dealt to a878153e 
Dealt to 6c207430 
dcf36e8e: raises $8 to $12
6c207430: folds
Hero: calls $12
a878153e: folds
b6b7d9b0: calls $10
c8f2b844: calls $8
*** FLOP *** [Th 9c 3h]
b6b7d9b0: checks
c8f2b844: checks
dcf36e8e: checks
Hero: checks
*** TURN *** [Th 9c 3h] [Kh]
b6b7d9b0: bets $48
c8f2b844: folds
dcf36e8e: folds
Hero: calls $48
*** RIVER *** [Th 9c 3h Kh] [6c]
b6b7d9b0: bets $72
Hero: calls $72
b6b7d9b0: shows [4h 6h]
Hero: shows [Kc Qd]
*** SHOWDOWN ***
b6b7d9b0 collected $288 from pot
*** SUMMARY ***
Total pot $288
Board [Th 9c 3h Kh 6c]
Seat 1: b6b7d9b0(small blind) showed [4h 6h] and won ($288) with King High Flush
Seat 2: c8f2b844(big blind) folded on the Turn
Seat 4: dcf36e8e folded on the Turn
Seat 6: Hero showed [Kc Qd] and lost with Pair of Kings
Seat 7: a878153e folded before Flop (didn't bet)
Seat 5: 6c207430 folded before Flop (didn't bet)



Poker Hand #ring_963510239: NLH No Limit ($2/$4) - 2025/06/30 01:22:24
Table 'MR NLH 2/4' 7-max Seat #6 is the button
Seat 1: b6b7d9b0 ($484.01 in chips)
Seat 2: c8f2b844 ($568.35 in chips)
Seat 4: dcf36e8e ($491.58 in chips)
Seat 6: Hero ($517.02 in chips)
Seat 7: a878153e ($1,136.62 in chips)
Seat 5: 6c207430 ($800 in chips)
a878153e: posts small blind $2
b6b7d9b0: posts big blind $4
*** HOLE CARDS ***
Dealt to b6b7d9b0 
Dealt to c8f2b844 
Dealt to dcf36e8e 
Dealt to Hero [9s Th]
Dealt to a878153e 
Dealt to 6c207430 
c8f2b844: folds
dcf36e8e: folds
6c207430: folds
Hero: raises $8 to $12
a878153e: folds
b6b7d9b0: raises $19.5 to $31.5
Hero: folds
Uncalled bet ($19.5) returned to b6b7d9b0
*** SHOWDOWN ***
b6b7d9b0 collected $26 from pot
*** SUMMARY ***
Total pot $26
Seat 1: b6b7d9b0(big blind)won ($26)
Seat 2: c8f2b844 folded before Flop (didn't bet)
Seat 4: dcf36e8e folded before Flop (didn't bet)
Seat 6: Hero folded before Flop
Seat 7: a878153e(small blind) folded before Flop
Seat 5: 6c207430 folded before Flop (didn't bet)



Poker Hand #ring_963508804: NLH No Limit ($2/$4) - 2025/06/30 01:21:29
Table 'MR NLH 2/4' 7-max Seat #5 is the button
Seat 1: b6b7d9b0 ($500.01 in chips)
Seat 2: c8f2b844 ($568.35 in chips)
Seat 4: dcf36e8e ($533.58 in chips)
Seat 6: Hero ($460.7 in chips)
Seat 7: a878153e ($1,140.62 in chips)
Seat 5: 6c207430 ($746 in chips)
Hero: posts small blind $2
a878153e: posts big blind $4
*** HOLE CARDS ***
Dealt to b6b7d9b0 
Dealt to c8f2b844 
Dealt to dcf36e8e 
Dealt to Hero [8d 8s]
Dealt to a878153e 
Dealt to 6c207430 
b6b7d9b0: calls $4
c8f2b844: folds
dcf36e8e: raises $12 to $16
6c207430: folds
Hero: calls $14
a878153e: folds
b6b7d9b0: calls $12
*** FLOP *** [4c Ts 3d]
Hero: checks
b6b7d9b0: checks
dcf36e8e: bets $26
Hero: calls $26
b6b7d9b0: folds
*** TURN *** [4c Ts 3d] [5h]
Hero: bets $52
dcf36e8e: folds
Uncalled bet ($52) returned to Hero
a878153e: shows [7h 6s]
*** SHOWDOWN ***
Hero collected $104 from pot
*** SUMMARY ***
Total pot $104
Board [4c Ts 3d 5h]
Seat 1: b6b7d9b0 folded on the Flop
Seat 2: c8f2b844 folded before Flop (didn't bet)
Seat 4: dcf36e8e folded on the Turn
Seat 6: Hero(small blind)won ($104) with Pair of Eights
Seat 7: a878153e(big blind) folded before Flop
Seat 5: 6c207430 folded before Flop (didn't bet)



Poker Hand #ring_963506918: NLH No Limit ($2/$4) - 2025/06/30 01:20:19
Table 'MR NLH 2/4' 7-max Seat #4 is the button
Seat 1: b6b7d9b0 ($548.01 in chips)
Seat 2: c8f2b844 ($502.75 in chips)
Seat 4: dcf36e8e ($533.58 in chips)
Seat 6: Hero ($464.7 in chips)
Seat 7: a878153e ($1,158.62 in chips)
Seat 5: 6c207430 ($748 in chips)
6c207430: posts small blind $2
Hero: posts big blind $4
*** HOLE CARDS ***
Dealt to b6b7d9b0 
Dealt to c8f2b844 
Dealt to dcf36e8e 
Dealt to Hero [Kc 5h]
Dealt to a878153e 
Dealt to 6c207430 
a878153e: calls $4
b6b7d9b0: raises $14 to $18
c8f2b844: calls $18
dcf36e8e: folds
6c207430: folds
Hero: folds
a878153e: calls $14
*** FLOP *** [8c 6d As]
a878153e: checks
b6b7d9b0: checks
c8f2b844: checks
*** TURN *** [8c 6d As] [Jh]
a878153e: checks
b6b7d9b0: bets $30
c8f2b844: calls $30
a878153e: folds
*** RIVER *** [8c 6d As Jh] [9s]
b6b7d9b0: checks
c8f2b844: checks
b6b7d9b0: shows [4s 4h]
c8f2b844: shows [Jc Ts]
*** SHOWDOWN ***
c8f2b844 collected $120 from pot
*** SUMMARY ***
Total pot $120
Board [8c 6d As Jh 9s]
Seat 1: b6b7d9b0 showed [4s 4h] and lost with Pair of Fours
Seat 2: c8f2b844 showed [Jc Ts] and won ($120) with Pair of Jacks
Seat 4: dcf36e8e folded before Flop (didn't bet)
Seat 6: Hero(big blind) folded before Flop
Seat 7: a878153e folded on the Turn
Seat 5: 6c207430(small blind) folded before Flop



Poker Hand #ring_963504952: NLH No Limit ($2/$4) - 2025/06/30 01:19:08
Table 'MR NLH 2/4' 7-max Seat #2 is the button
Seat 1: b6b7d9b0 ($560.01 in chips)
Seat 2: c8f2b844 ($502.75 in chips)
Seat 4: dcf36e8e ($545.58 in chips)
Seat 6: Hero ($410.02 in chips)
Seat 7: a878153e ($1,158.62 in chips)
Seat 5: 6c207430 ($784 in chips)
dcf36e8e: posts small blind $2
6c207430: posts big blind $4
*** HOLE CARDS ***
Dealt to b6b7d9b0 
Dealt to c8f2b844 
Dealt to dcf36e8e 
Dealt to Hero [9c 9s]
Dealt to a878153e 
Dealt to 6c207430 
Hero: raises $8 to $12
a878153e: folds
b6b7d9b0: calls $12
c8f2b844: folds
dcf36e8e: calls $10
6c207430: calls $8
*** FLOP *** [3h As Jd]
dcf36e8e: checks
6c207430: checks
Hero: bets $24
b6b7d9b0: folds
dcf36e8e: folds
6c207430: calls $24
*** TURN *** [3h As Jd] [Kc]
6c207430: checks
Hero: bets $80
6c207430: folds
Uncalled bet ($80) returned to Hero
*** SHOWDOWN ***
Hero collected $96 from pot
*** SUMMARY ***
Total pot $96
Board [3h As Jd Kc]
Seat 1: b6b7d9b0 folded on the Flop
Seat 2: c8f2b844 folded before Flop (didn't bet)
Seat 4: dcf36e8e(small blind) folded on the Flop
Seat 6: Herowon ($96) with Pair of Nines
Seat 7: a878153e folded before Flop (didn't bet)
Seat 5: 6c207430(big blind) folded on the Turn



Poker Hand #ring_963503762: NLH No Limit ($2/$4) - 2025/06/30 01:18:23
Table 'MR NLH 2/4' 7-max Seat #1 is the button
Seat 1: b6b7d9b0 ($560.01 in chips)
Seat 2: c8f2b844 ($504.75 in chips)
Seat 4: dcf36e8e ($549.58 in chips)
Seat 6: Hero ($394.02 in chips)
Seat 7: a878153e ($1,158.62 in chips)
Seat 5: 6c207430 ($794 in chips)
c8f2b844: posts small blind $2
dcf36e8e: posts big blind $4
*** HOLE CARDS ***
Dealt to b6b7d9b0 
Dealt to c8f2b844 
Dealt to dcf36e8e 
Dealt to Hero [Qd Qc]
Dealt to a878153e 
Dealt to 6c207430 
6c207430: raises $6 to $10
Hero: raises $26.8 to $36.8
a878153e: folds
b6b7d9b0: folds
c8f2b844: folds
dcf36e8e: folds
6c207430: folds
Uncalled bet ($26.8) returned to Hero
*** SHOWDOWN ***
Hero collected $26 from pot
*** SUMMARY ***
Total pot $26
Seat 1: b6b7d9b0 folded before Flop (didn't bet)
Seat 2: c8f2b844(small blind) folded before Flop
Seat 4: dcf36e8e(big blind) folded before Flop
Seat 6: Herowon ($26)
Seat 7: a878153e folded before Flop (didn't bet)
Seat 5: 6c207430 folded before Flop



Poker Hand #ring_963502525: NLH No Limit ($2/$4) - 2025/06/30 01:17:37
Table 'MR NLH 2/4' 7-max Seat #7 is the button
Seat 1: b6b7d9b0 ($528.25 in chips)
Seat 2: c8f2b844 ($540.75 in chips)
Seat 4: dcf36e8e ($549.58 in chips)
Seat 6: Hero ($394.02 in chips)
Seat 7: a878153e ($1,158.62 in chips)
Seat 5: 6c207430 ($794 in chips)
b6b7d9b0: posts small blind $2
c8f2b844: posts big blind $4
*** HOLE CARDS ***
Dealt to b6b7d9b0 
Dealt to c8f2b844 
Dealt to dcf36e8e 
Dealt to Hero [9c Td]
Dealt to a878153e 
Dealt to 6c207430 
dcf36e8e: folds
6c207430: folds
Hero: folds
a878153e: folds
b6b7d9b0: raises $8 to $12
c8f2b844: calls $8
*** FLOP *** [2c 8s 5c]
b6b7d9b0: checks
c8f2b844: checks
*** TURN *** [2c 8s 5c] [3c]
b6b7d9b0: bets $24
c8f2b844: calls $24
*** RIVER *** [2c 8s 5c 3c] [3s]
b6b7d9b0: bets $72
c8f2b844: folds
Uncalled bet ($72) returned to b6b7d9b0
*** SHOWDOWN ***
b6b7d9b0 collected $72 from pot
*** SUMMARY ***
Total pot $72
Board [2c 8s 5c 3c 3s]
Seat 1: b6b7d9b0(small blind)won ($72) with Fives-High Straight
Seat 2: c8f2b844(big blind) folded on the River
Seat 4: dcf36e8e folded before Flop (didn't bet)
Seat 6: Hero folded before Flop (didn't bet)
Seat 7: a878153e folded before Flop (didn't bet)
Seat 5: 6c207430 folded before Flop (didn't bet)



Poker Hand #ring_963500771: NLH No Limit ($2/$4) - 2025/06/30 01:16:31
Table 'MR NLH 2/4' 7-max Seat #6 is the button
Seat 1: b6b7d9b0 ($474.11 in chips)
Seat 2: c8f2b844 ($588.75 in chips)
Seat 4: dcf36e8e ($549.58 in chips)
Seat 6: Hero ($394.02 in chips)
Seat 7: a878153e ($1,170.62 in chips)
Seat 5: 6c207430 ($794 in chips)
a878153e: posts small blind $2
b6b7d9b0: posts big blind $4
*** HOLE CARDS ***
Dealt to b6b7d9b0 
Dealt to c8f2b844 
Dealt to dcf36e8e 
Dealt to Hero [Kh 2h]
Dealt to a878153e 
Dealt to 6c207430 
c8f2b844: raises $8 to $12
dcf36e8e: folds
6c207430: folds
Hero: folds
a878153e: calls $10
b6b7d9b0: raises $36 to $48
c8f2b844: calls $36
a878153e: folds
*** FLOP *** [4h Jc Kd]
b6b7d9b0: checks
c8f2b844: checks
*** TURN *** [4h Jc Kd] [4s]
b6b7d9b0: checks
c8f2b844: checks
*** RIVER *** [4h Jc Kd 4s] [Qs]
b6b7d9b0: bets $108
c8f2b844: folds
Uncalled bet ($108) returned to b6b7d9b0
*** SHOWDOWN ***
b6b7d9b0 collected $108 from pot
*** SUMMARY ***
Total pot $108
Board [4h Jc Kd 4s Qs]
Seat 1: b6b7d9b0(big blind)won ($108) with Aces-High Straight
Seat 2: c8f2b844 folded on the River
Seat 4: dcf36e8e folded before Flop (didn't bet)
Seat 6: Hero folded before Flop (didn't bet)
Seat 7: a878153e(small blind) folded before Flop
Seat 5: 6c207430 folded before Flop (didn't bet)



Poker Hand #ring_963499918: NLH No Limit ($2/$4) - 2025/06/30 01:15:59
Table 'MR NLH 2/4' 7-max Seat #5 is the button
Seat 1: b6b7d9b0 ($474.11 in chips)
Seat 2: c8f2b844 ($582.75 in chips)
Seat 4: dcf36e8e ($549.58 in chips)
Seat 6: Hero ($396.02 in chips)
Seat 7: a878153e ($1,174.62 in chips)
Seat 5: 6c207430 ($794 in chips)
Hero: posts small blind $2
a878153e: posts big blind $4
*** HOLE CARDS ***
Dealt to b6b7d9b0 
Dealt to c8f2b844 
Dealt to dcf36e8e 
Dealt to Hero [2c 9c]
Dealt to a878153e 
Dealt to 6c207430 
b6b7d9b0: folds
c8f2b844: raises $6 to $10
dcf36e8e: folds
6c207430: folds
Hero: folds
a878153e: folds
Uncalled bet ($6) returned to c8f2b844
*** SHOWDOWN ***
c8f2b844 collected $10 from pot
*** SUMMARY ***
Total pot $10
Seat 1: b6b7d9b0 folded before Flop (didn't bet)
Seat 2: c8f2b844won ($10)
Seat 4: dcf36e8e folded before Flop (didn't bet)
Seat 6: Hero(small blind) folded before Flop
Seat 7: a878153e(big blind) folded before Flop
Seat 5: 6c207430 folded before Flop (didn't bet)



Poker Hand #ring_963499090: NLH No Limit ($2/$4) - 2025/06/30 01:15:28
Table 'MR NLH 2/4' 7-max Seat #4 is the button
Seat 1: b6b7d9b0 ($474.11 in chips)
Seat 2: c8f2b844 ($576.75 in chips)
Seat 4: dcf36e8e ($549.58 in chips)
Seat 6: Hero ($400.02 in chips)
Seat 7: a878153e ($1,174.62 in chips)
Seat 5: 6c207430 ($796 in chips)
6c207430: posts small blind $2
Hero: posts big blind $4
*** HOLE CARDS ***
Dealt to b6b7d9b0 
Dealt to c8f2b844 
Dealt to dcf36e8e 
Dealt to Hero [3d 6c]
Dealt to a878153e 
Dealt to 6c207430 
a878153e: folds
b6b7d9b0: folds
c8f2b844: raises $8 to $12
dcf36e8e: folds
6c207430: folds
Hero: folds
Uncalled bet ($8) returned to c8f2b844
*** SHOWDOWN ***
c8f2b844 collected $10 from pot
*** SUMMARY ***
Total pot $10
Seat 1: b6b7d9b0 folded before Flop (didn't bet)
Seat 2: c8f2b844won ($10)
Seat 4: dcf36e8e folded before Flop (didn't bet)
Seat 6: Hero(big blind) folded before Flop
Seat 7: a878153e folded before Flop (didn't bet)
Seat 5: 6c207430(small blind) folded before Flop



Poker Hand #ring_963498185: NLH No Limit ($2/$4) - 2025/06/30 01:14:54
Table 'MR NLH 2/4' 7-max Seat #2 is the button
Seat 1: b6b7d9b0 ($486.11 in chips)
Seat 2: c8f2b844 ($576.75 in chips)
Seat 4: dcf36e8e ($534.84 in chips)
Seat 6: Hero ($400.02 in chips)
Seat 7: a878153e ($1,174.62 in chips)
Seat 5: 6c207430 ($800 in chips)
dcf36e8e: posts small blind $2
6c207430: posts big blind $4
*** HOLE CARDS ***
Dealt to b6b7d9b0 
Dealt to c8f2b844 
Dealt to dcf36e8e 
Dealt to Hero [Ac 8s]
Dealt to a878153e 
Dealt to 6c207430 
Hero: folds
a878153e: folds
b6b7d9b0: raises $8 to $12
c8f2b844: folds
dcf36e8e: calls $10
6c207430: folds
*** FLOP *** [As 2c Tc]
dcf36e8e: checks
b6b7d9b0: checks
*** TURN *** [As 2c Tc] [7h]
dcf36e8e: bets $21
b6b7d9b0: folds
Uncalled bet ($21) returned to dcf36e8e
*** SHOWDOWN ***
dcf36e8e collected $28 from pot
*** SUMMARY ***
Total pot $28
Board [As 2c Tc 7h]
Seat 1: b6b7d9b0 folded on the Turn
Seat 2: c8f2b844 folded before Flop (didn't bet)
Seat 4: dcf36e8e(small blind)won ($28) with Ace-High
Seat 6: Hero folded before Flop (didn't bet)
Seat 7: a878153e folded before Flop (didn't bet)
Seat 5: 6c207430(big blind) folded before Flop



Poker Hand #ring_963497166: NLH No Limit ($2/$4) - 2025/06/30 01:14:16
Table 'MR NLH 2/4' 7-max Seat #1 is the button
Seat 1: b6b7d9b0 ($444.07 in chips)
Seat 2: c8f2b844 ($578.75 in chips)
Seat 4: dcf36e8e ($538.84 in chips)
Seat 6: Hero ($400.02 in chips)
Seat 7: a878153e ($1,215.62 in chips)
Seat 5: 6c207430 ($747.33 in chips)
c8f2b844: posts small blind $2
dcf36e8e: posts big blind $4
*** HOLE CARDS ***
Dealt to b6b7d9b0 
Dealt to c8f2b844 
Dealt to dcf36e8e 
Dealt to Hero [Ks 2d]
Dealt to a878153e 
Dealt to 6c207430 
6c207430: folds
Hero: folds
a878153e: raises $4 to $8
b6b7d9b0: raises $11 to $19
c8f2b844: folds
dcf36e8e: folds
a878153e: calls $11
*** FLOP *** [6h Ad Jd]
a878153e: checks
b6b7d9b0: checks
*** TURN *** [6h Ad Jd] [Kc]
a878153e: bets $22
b6b7d9b0: raises $44 to $66
a878153e: folds
Uncalled bet ($44) returned to b6b7d9b0
*** SHOWDOWN ***
b6b7d9b0 collected $88 from pot
*** SUMMARY ***
Total pot $88
Board [6h Ad Jd Kc]
Seat 1: b6b7d9b0won ($88) with Aces-High Straight
Seat 2: c8f2b844(small blind) folded before Flop
Seat 4: dcf36e8e(big blind) folded before Flop
Seat 6: Hero folded before Flop (didn't bet)
Seat 7: a878153e folded on the Turn
Seat 5: 6c207430 folded before Flop (didn't bet)



Poker Hand #ring_963496026: NLH No Limit ($2/$4) - 2025/06/30 01:13:33
Table 'MR NLH 2/4' 7-max Seat #7 is the button
Seat 1: b6b7d9b0 ($429.51 in chips)
Seat 2: c8f2b844 ($594.75 in chips)
Seat 4: dcf36e8e ($538.84 in chips)
Seat 6: Hero ($400.02 in chips)
Seat 7: a878153e ($1,215.62 in chips)
Seat 5: 6c207430 ($747.33 in chips)
b6b7d9b0: posts small blind $2
c8f2b844: posts big blind $4
*** HOLE CARDS ***
Dealt to b6b7d9b0 
Dealt to c8f2b844 
Dealt to dcf36e8e 
Dealt to Hero [7c 8s]
Dealt to a878153e 
Dealt to 6c207430 
dcf36e8e: folds
6c207430: folds
Hero: folds
a878153e: folds
b6b7d9b0: calls $2
c8f2b844: checks
*** FLOP *** [7s 6d 3d]
b6b7d9b0: checks
c8f2b844: bets $4
b6b7d9b0: calls $4
*** TURN *** [7s 6d 3d] [5d]
b6b7d9b0: bets $8
c8f2b844: calls $8
*** RIVER *** [7s 6d 3d 5d] [2c]
b6b7d9b0: bets $24
c8f2b844: folds
Uncalled bet ($24) returned to b6b7d9b0
*** SHOWDOWN ***
b6b7d9b0 collected $32 from pot
*** SUMMARY ***
Total pot $32
Board [7s 6d 3d 5d 2c]
Seat 1: b6b7d9b0(small blind)won ($32) with Pair of Treys and Pair of Twos
Seat 2: c8f2b844(big blind) folded on the River
Seat 4: dcf36e8e folded before Flop (didn't bet)
Seat 6: Hero folded before Flop (didn't bet)
Seat 7: a878153e folded before Flop (didn't bet)
Seat 5: 6c207430 folded before Flop (didn't bet)



Poker Hand #ring_963494510: NLH No Limit ($2/$4) - 2025/06/30 01:12:36
Table 'MR NLH 2/4' 7-max Seat #6 is the button
Seat 1: b6b7d9b0 ($450.51 in chips)
Seat 2: c8f2b844 ($594.75 in chips)
Seat 4: dcf36e8e ($538.84 in chips)
Seat 6: Hero ($380 in chips)
Seat 7: a878153e ($1,217.62 in chips)
Seat 5: 6c207430 ($747.33 in chips)
a878153e: posts small blind $2
b6b7d9b0: posts big blind $4
*** HOLE CARDS ***
Dealt to b6b7d9b0 
Dealt to c8f2b844 
Dealt to dcf36e8e 
Dealt to Hero [Ad 4s]
Dealt to a878153e 
Dealt to 6c207430 
c8f2b844: folds
dcf36e8e: folds
6c207430: folds
Hero: raises $6 to $10
a878153e: folds
b6b7d9b0: raises $11 to $21
Hero: calls $11
*** FLOP *** [9h 3c 8h]
b6b7d9b0: checks
Hero: checks
*** TURN *** [9h 3c 8h] [6c]
b6b7d9b0: checks
Hero: checks
*** RIVER *** [9h 3c 8h 6c] [Kd]
b6b7d9b0: checks
Hero: checks
b6b7d9b0: shows [Jd Qh]
Hero: shows [Ad 4s]
*** SHOWDOWN ***
Hero collected $44 from pot
*** SUMMARY ***
Total pot $44
Board [9h 3c 8h 6c Kd]
Seat 1: b6b7d9b0(big blind) showed [Jd Qh] and lost with King-High
Seat 2: c8f2b844 folded before Flop (didn't bet)
Seat 4: dcf36e8e folded before Flop (didn't bet)
Seat 6: Hero showed [Ad 4s] and won ($44) with Ace-High
Seat 7: a878153e(small blind) folded before Flop
Seat 5: 6c207430 folded before Flop (didn't bet)



Poker Hand #ring_963493836: NLH No Limit ($2/$4) - 2025/06/30 01:12:11
Table 'MR NLH 2/4' 7-max Seat #5 is the button
Seat 1: b6b7d9b0 ($432.13 in chips)
Seat 2: c8f2b844 ($594.75 in chips)
Seat 4: dcf36e8e ($538.84 in chips)
Seat 6: Hero ($396 in chips)
Seat 7: a878153e ($1,221.62 in chips)
Seat 5: 6c207430 ($747.33 in chips)
Hero: posts small blind $2
a878153e: posts big blind $4
*** HOLE CARDS ***
Dealt to b6b7d9b0 
Dealt to c8f2b844 
Dealt to dcf36e8e 
Dealt to Hero [8s 9s]
Dealt to a878153e 
Dealt to 6c207430 
b6b7d9b0: raises $12 to $16
c8f2b844: folds
dcf36e8e: folds
6c207430: folds
Hero: calls $14
a878153e: folds
*** FLOP *** [Ah 5c 2d]
Hero: checks
b6b7d9b0: bets $11.88
Hero: folds
Uncalled bet ($11.88) returned to b6b7d9b0
*** SHOWDOWN ***
b6b7d9b0 collected $36 from pot
*** SUMMARY ***
Total pot $36
Board [Ah 5c 2d]
Seat 1: b6b7d9b0won ($36) with Pair of Aces
Seat 2: c8f2b844 folded before Flop (didn't bet)
Seat 4: dcf36e8e folded before Flop (didn't bet)
Seat 6: Hero(small blind) folded on the Flop
Seat 7: a878153e(big blind) folded before Flop
Seat 5: 6c207430 folded before Flop (didn't bet)



Poker Hand #ring_963492347: NLH No Limit ($2/$4) - 2025/06/30 01:11:15
Table 'MR NLH 2/4' 7-max Seat #4 is the button
Seat 1: b6b7d9b0 ($432.13 in chips)
Seat 2: c8f2b844 ($685.25 in chips)
Seat 4: dcf36e8e ($418.33 in chips)
Seat 6: Hero ($400 in chips)
Seat 7: a878153e ($1,256.62 in chips)
Seat 5: 6c207430 ($749.33 in chips)
6c207430: posts small blind $2
Hero: posts big blind $4
*** HOLE CARDS ***
Dealt to b6b7d9b0 
Dealt to c8f2b844 
Dealt to dcf36e8e 
Dealt to Hero [Js 2s]
Dealt to a878153e 
Dealt to 6c207430 
a878153e: raises $8 to $12
b6b7d9b0: folds
c8f2b844: raises $23 to $35
dcf36e8e: calls $35
6c207430: folds
Hero: folds
a878153e: calls $23
*** FLOP *** [9d Qd 8d]
a878153e: checks
c8f2b844: bets $55.5
dcf36e8e: raises $111 to $166.5
a878153e: folds
c8f2b844: folds
Uncalled bet ($111) returned to dcf36e8e
*** SHOWDOWN ***
dcf36e8e collected $222 from pot
*** SUMMARY ***
Total pot $222
Board [9d Qd 8d]
Seat 1: b6b7d9b0 folded before Flop (didn't bet)
Seat 2: c8f2b844 folded on the Flop
Seat 4: dcf36e8ewon ($222) with Three Nines
Seat 6: Hero(big blind) folded before Flop
Seat 7: a878153e folded on the Flop
Seat 5: 6c207430(small blind) folded before Flop



