Poker Hand #ring_979580722: NLH No Limit ($2/$4) - 2025/07/08 17:39:42
Table 'MR NLH 2/4' 7-max Seat #3 is the button
Seat 2: Hero ($459.28 in chips)
Seat 3: 157e7981 ($800 in chips)
157e7981: posts small blind $2
Hero: posts big blind $4
*** HOLE CARDS ***
Dealt to Hero [8c 4h]
Dealt to 157e7981 
157e7981: folds
*** SHOWDOWN ***
Hero collected $6 from pot
*** SUMMARY ***
Total pot $6
Seat 2: Hero(big blind)won ($6)
Seat 3: 157e7981(small blind) folded before Flop



Poker Hand #ring_979579823: NLH No Limit ($2/$4) - 2025/07/08 17:39:05
Table 'MR NLH 2/4' 7-max Seat #2 is the button
Seat 2: Hero ($449.73 in chips)
Seat 3: 157e7981 ($798 in chips)
Hero: posts small blind $2
157e7981: posts big blind $4
*** HOLE CARDS ***
Dealt to Hero [7s Js]
Dealt to 157e7981 
Hero: raises $6 to $10
157e7981: calls $6
*** FLOP *** [5d 7d Kd]
157e7981: checks
Hero: checks
*** TURN *** [5d 7d Kd] [Tc]
157e7981: checks
Hero: checks
*** RIVER *** [5d 7d Kd Tc] [6c]
157e7981: checks
Hero: checks
Hero: shows [7s Js]
157e7981: shows [Jd Qc]
*** SHOWDOWN ***
Hero collected $20 from pot
*** SUMMARY ***
Total pot $20
Board [5d 7d Kd Tc 6c]
Seat 2: Hero(small blind) showed [7s Js] and won ($20) with Pair of Sevens
Seat 3: 157e7981(big blind) showed [Jd Qc] and lost with King-High



Poker Hand #ring_979579452: NLH No Limit ($2/$4) - 2025/07/08 17:38:49
Table 'MR NLH 2/4' 7-max Seat #3 is the button
Seat 2: Hero ($447.73 in chips)
Seat 3: 157e7981 ($800 in chips)
157e7981: posts small blind $2
Hero: posts big blind $4
*** HOLE CARDS ***
Dealt to Hero [3h 4c]
Dealt to 157e7981 
157e7981: folds
*** SHOWDOWN ***
Hero collected $6 from pot
*** SUMMARY ***
Total pot $6
Seat 2: Hero(big blind)won ($6)
Seat 3: 157e7981(small blind) folded before Flop



Poker Hand #ring_979579102: NLH No Limit ($2/$4) - 2025/07/08 17:38:35
Table 'MR NLH 2/4' 7-max Seat #2 is the button
Seat 2: Hero ($443.73 in chips)
Seat 3: 157e7981 ($797.82 in chips)
Hero: posts small blind $2
157e7981: posts big blind $4
*** HOLE CARDS ***
Dealt to Hero [3c 3h]
Dealt to 157e7981 
Hero: raises $6 to $10
157e7981: folds
Uncalled bet ($6) returned to Hero
*** SHOWDOWN ***
Hero collected $8 from pot
*** SUMMARY ***
Total pot $8
Seat 2: Hero(small blind)won ($8)
Seat 3: 157e7981(big blind) folded before Flop



Poker Hand #ring_979578904: NLH No Limit ($2/$4) - 2025/07/08 17:38:25
Table 'MR NLH 2/4' 7-max Seat #3 is the button
Seat 2: Hero ($441.73 in chips)
Seat 3: 157e7981 ($799.82 in chips)
157e7981: posts small blind $2
Hero: posts big blind $4
*** HOLE CARDS ***
Dealt to Hero [5c Qc]
Dealt to 157e7981 
157e7981: folds
*** SHOWDOWN ***
Hero collected $6 from pot
*** SUMMARY ***
Total pot $6
Seat 2: Hero(big blind)won ($6)
Seat 3: 157e7981(small blind) folded before Flop



Poker Hand #ring_979578604: NLH No Limit ($2/$4) - 2025/07/08 17:38:12
Table 'MR NLH 2/4' 7-max Seat #2 is the button
Seat 2: Hero ($437.73 in chips)
Seat 3: 157e7981 ($803.82 in chips)
Hero: posts small blind $2
157e7981: posts big blind $4
*** HOLE CARDS ***
Dealt to Hero [Qc Ks]
Dealt to 157e7981 
Hero: raises $6 to $10
157e7981: folds
Uncalled bet ($6) returned to Hero
*** SHOWDOWN ***
Hero collected $8 from pot
*** SUMMARY ***
Total pot $8
Seat 2: Hero(small blind)won ($8)
Seat 3: 157e7981(big blind) folded before Flop



Poker Hand #ring_979577626: NLH No Limit ($2/$4) - 2025/07/08 17:37:30
Table 'MR NLH 2/4' 7-max Seat #3 is the button
Seat 2: Hero ($441.73 in chips)
Seat 3: 157e7981 ($800 in chips)
157e7981: posts small blind $2
Hero: posts big blind $4
*** HOLE CARDS ***
Dealt to Hero [Qc 3s]
Dealt to 157e7981 
157e7981: calls $2
Hero: checks
*** FLOP *** [Tc Kd 7s]
Hero: checks
157e7981: bets $4
Hero: folds
Uncalled bet ($4) returned to 157e7981
*** SHOWDOWN ***
157e7981 collected $8 from pot
*** SUMMARY ***
Total pot $8
Board [Tc Kd 7s]
Seat 2: Hero(big blind) folded on the Flop
Seat 3: 157e7981(small blind)won ($8) with King-High



Poker Hand #ring_979577322: NLH No Limit ($2/$4) - 2025/07/08 17:37:17
Table 'MR NLH 2/4' 7-max Seat #2 is the button
Seat 2: Hero ($437.73 in chips)
Seat 3: 157e7981 ($804 in chips)
Hero: posts small blind $2
157e7981: posts big blind $4
*** HOLE CARDS ***
Dealt to Hero [Ks 6d]
Dealt to 157e7981 
Hero: raises $6 to $10
157e7981: folds
Uncalled bet ($6) returned to Hero
*** SHOWDOWN ***
Hero collected $8 from pot
*** SUMMARY ***
Total pot $8
Seat 2: Hero(small blind)won ($8)
Seat 3: 157e7981(big blind) folded before Flop



Poker Hand #ring_979577014: NLH No Limit ($2/$4) - 2025/07/08 17:37:04
Table 'MR NLH 2/4' 7-max Seat #3 is the button
Seat 2: Hero ($441.73 in chips)
Seat 3: 157e7981 ($800 in chips)
157e7981: posts small blind $2
Hero: posts big blind $4
*** HOLE CARDS ***
Dealt to Hero [2d 5h]
Dealt to 157e7981 
157e7981: raises $6 to $10
Hero: folds
Uncalled bet ($6) returned to 157e7981
*** SHOWDOWN ***
157e7981 collected $8 from pot
*** SUMMARY ***
Total pot $8
Seat 2: Hero(big blind) folded before Flop
Seat 3: 157e7981(small blind)won ($8)



Poker Hand #ring_979576737: NLH No Limit ($2/$4) - 2025/07/08 17:36:52
Table 'MR NLH 2/4' 7-max Seat #2 is the button
Seat 2: Hero ($437.73 in chips)
Seat 3: 157e7981 ($800 in chips)
Hero: posts small blind $2
157e7981: posts big blind $4
*** HOLE CARDS ***
Dealt to Hero [As 4d]
Dealt to 157e7981 
Hero: raises $6 to $10
157e7981: folds
Uncalled bet ($6) returned to Hero
*** SHOWDOWN ***
Hero collected $8 from pot
*** SUMMARY ***
Total pot $8
Seat 2: Hero(small blind)won ($8)
Seat 3: 157e7981(big blind) folded before Flop



Poker Hand #ring_979575593: NLH No Limit ($2/$4) - 2025/07/08 17:36:01
Table 'MR NLH 2/4' 7-max Seat #3 is the button
Seat 2: Hero ($413.28 in chips)
Seat 3: 157e7981 ($800 in chips)
157e7981: posts small blind $2
Hero: posts big blind $4
*** HOLE CARDS ***
Dealt to Hero [8d Js]
Dealt to 157e7981 
157e7981: raises $6 to $10
Hero: raises $6 to $16
157e7981: calls $6
*** FLOP *** [9s 5d Qs]
Hero: bets $9.6
157e7981: calls $9.6
*** TURN *** [9s 5d Qs] [6d]
Hero: bets $40.96
157e7981: folds
Uncalled bet ($40.96) returned to Hero
Hero: shows [8d Js]
*** SHOWDOWN ***
Hero collected $51.2 from pot
*** SUMMARY ***
Total pot $51.2
Board [9s 5d Qs 6d]
Seat 2: Hero(big blind) showed [8d Js] and won ($51.2) with Queen-High
Seat 3: 157e7981(small blind) folded on the Turn



Poker Hand #ring_979574694: NLH No Limit ($2/$4) - 2025/07/08 17:35:22
Table 'MR NLH 2/4' 7-max Seat #2 is the button
Seat 2: Hero ($394.18 in chips)
Seat 3: 157e7981 ($798 in chips)
Hero: posts small blind $2
157e7981: posts big blind $4
*** HOLE CARDS ***
Dealt to Hero [7s 9c]
Dealt to 157e7981 
Hero: raises $6 to $10
157e7981: calls $6
*** FLOP *** [9d 2d 5c]
157e7981: checks
Hero: checks
*** TURN *** [9d 2d 5c] [8h]
157e7981: checks
Hero: bets $10
157e7981: calls $10
*** RIVER *** [9d 2d 5c 8h] [4h]
157e7981: checks
Hero: bets $20
157e7981: folds
Uncalled bet ($20) returned to Hero
*** SHOWDOWN ***
Hero collected $40 from pot
*** SUMMARY ***
Total pot $40
Board [9d 2d 5c 8h 4h]
Seat 2: Hero(small blind)won ($40) with Pair of Nines
Seat 3: 157e7981(big blind) folded on the River



Poker Hand #ring_979574454: NLH No Limit ($2/$4) - 2025/07/08 17:35:12
Table 'MR NLH 2/4' 7-max Seat #3 is the button
Seat 2: Hero ($392.18 in chips)
Seat 3: 157e7981 ($800 in chips)
157e7981: posts small blind $2
Hero: posts big blind $4
*** HOLE CARDS ***
Dealt to Hero [8d 8h]
Dealt to 157e7981 
157e7981: folds
Hero: shows [8d 8h]
*** SHOWDOWN ***
Hero collected $6 from pot
*** SUMMARY ***
Total pot $6
Seat 2: Hero(big blind) showed [8d 8h] and won ($6)
Seat 3: 157e7981(small blind) folded before Flop



Poker Hand #ring_979574108: NLH No Limit ($2/$4) - 2025/07/08 17:34:57
Table 'MR NLH 2/4' 7-max Seat #2 is the button
Seat 2: Hero ($388.18 in chips)
Seat 3: 157e7981 ($797.55 in chips)
Hero: posts small blind $2
157e7981: posts big blind $4
*** HOLE CARDS ***
Dealt to Hero [6s 7s]
Dealt to 157e7981 
Hero: raises $6 to $10
157e7981: folds
Uncalled bet ($6) returned to Hero
Hero: shows [6s 7s]
157e7981: shows [9h 2s]
*** SHOWDOWN ***
Hero collected $8 from pot
*** SUMMARY ***
Total pot $8
Seat 2: Hero(small blind) showed [6s 7s] and won ($8)
Seat 3: 157e7981(big blind) folded before Flop



Poker Hand #ring_979573886: NLH No Limit ($2/$4) - 2025/07/08 17:34:47
Table 'MR NLH 2/4' 7-max Seat #3 is the button
Seat 2: Hero ($386.18 in chips)
Seat 3: 157e7981 ($799.55 in chips)
157e7981: posts small blind $2
Hero: posts big blind $4
*** HOLE CARDS ***
Dealt to Hero [6c 3s]
Dealt to 157e7981 
157e7981: folds
*** SHOWDOWN ***
Hero collected $6 from pot
*** SUMMARY ***
Total pot $6
Seat 2: Hero(big blind)won ($6)
Seat 3: 157e7981(small blind) folded before Flop



Poker Hand #ring_979573206: NLH No Limit ($2/$4) - 2025/07/08 17:34:17
Table 'MR NLH 2/4' 7-max Seat #2 is the button
Seat 2: Hero ($376.63 in chips)
Seat 3: 157e7981 ($809.55 in chips)
Hero: posts small blind $2
157e7981: posts big blind $4
*** HOLE CARDS ***
Dealt to Hero [2s Ah]
Dealt to 157e7981 
Hero: raises $6 to $10
157e7981: calls $6
*** FLOP *** [9c 2h 4c]
157e7981: checks
Hero: checks
*** TURN *** [9c 2h 4c] [9s]
157e7981: checks
Hero: checks
*** RIVER *** [9c 2h 4c 9s] [Qc]
157e7981: checks
Hero: checks
Hero: shows [2s Ah]
157e7981: shows [Th Kc]
*** SHOWDOWN ***
Hero collected $20 from pot
*** SUMMARY ***
Total pot $20
Board [9c 2h 4c 9s Qc]
Seat 2: Hero(small blind) showed [2s Ah] and won ($20) with Pair of Nines and Pair of Twos
Seat 3: 157e7981(big blind) showed [Th Kc] and lost with Pair of Nines



Poker Hand #ring_979572788: NLH No Limit ($2/$4) - 2025/07/08 17:33:59
Table 'MR NLH 2/4' 7-max Seat #3 is the button
Seat 2: Hero ($386.63 in chips)
Seat 3: 157e7981 ($800 in chips)
157e7981: posts small blind $2
Hero: posts big blind $4
*** HOLE CARDS ***
Dealt to Hero [7h 5d]
Dealt to 157e7981 
157e7981: raises $6 to $10
Hero: calls $6
*** FLOP *** [Qh Ac Qd]
Hero: checks
157e7981: bets $6.6
Hero: folds
Uncalled bet ($6.6) returned to 157e7981
*** SHOWDOWN ***
157e7981 collected $20 from pot
*** SUMMARY ***
Total pot $20
Board [Qh Ac Qd]
Seat 2: Hero(big blind) folded on the Flop
Seat 3: 157e7981(small blind)won ($20) with Pair of Queens and Pair of Eights



Poker Hand #ring_979571494: NLH No Limit ($2/$4) - 2025/07/08 17:33:03
Table 'MR NLH 2/4' 7-max Seat #2 is the button
Seat 2: Hero ($323.21 in chips)
Seat 3: 157e7981 ($818.29 in chips)
Hero: posts small blind $2
157e7981: posts big blind $4
*** HOLE CARDS ***
Dealt to Hero [As Kd]
Dealt to 157e7981 
Hero: raises $6 to $10
157e7981: raises $30 to $40
Hero: calls $30
*** FLOP *** [4s 7h 3c]
157e7981: bets $26.4
Hero: calls $26.4
*** TURN *** [4s 7h 3c] [Ts]
157e7981: checks
Hero: checks
*** RIVER *** [4s 7h 3c Ts] [Js]
157e7981: checks
Hero: checks
Hero: shows [As Kd]
157e7981: shows [Ah Qs]
*** SHOWDOWN ***
Hero collected $132.8 from pot
*** SUMMARY ***
Total pot $132.8
Board [4s 7h 3c Ts Js]
Seat 2: Hero(small blind) showed [As Kd] and won ($132.8) with Ace-High
Seat 3: 157e7981(big blind) showed [Ah Qs] and lost with Ace-High



Poker Hand #ring_979571248: NLH No Limit ($2/$4) - 2025/07/08 17:32:52
Table 'MR NLH 2/4' 7-max Seat #3 is the button
Seat 2: Hero ($321.21 in chips)
Seat 3: 157e7981 ($820.29 in chips)
157e7981: posts small blind $2
Hero: posts big blind $4
*** HOLE CARDS ***
Dealt to Hero [Jc Td]
Dealt to 157e7981 
157e7981: folds
Hero: shows [Jc Td]
157e7981: shows [4c 8h]
*** SHOWDOWN ***
Hero collected $6 from pot
*** SUMMARY ***
Total pot $6
Seat 2: Hero(big blind) showed [Jc Td] and won ($6)
Seat 3: 157e7981(small blind) folded before Flop



Poker Hand #ring_979570434: NLH No Limit ($2/$4) - 2025/07/08 17:32:18
Table 'MR NLH 2/4' 7-max Seat #2 is the button
Seat 2: Hero ($331.21 in chips)
Seat 3: 157e7981 ($810.74 in chips)
Hero: posts small blind $2
157e7981: posts big blind $4
*** HOLE CARDS ***
Dealt to Hero [Kd 2h]
Dealt to 157e7981 
Hero: raises $6 to $10
157e7981: calls $6
*** FLOP *** [Jd 5c 5d]
157e7981: checks
Hero: checks
*** TURN *** [Jd 5c 5d] [3c]
157e7981: checks
Hero: checks
*** RIVER *** [Jd 5c 5d 3c] [Tc]
157e7981: checks
Hero: checks
Hero: shows [Kd 2h]
157e7981: shows [Ad 3s]
*** SHOWDOWN ***
157e7981 collected $20 from pot
*** SUMMARY ***
Total pot $20
Board [Jd 5c 5d 3c Tc]
Seat 2: Hero(small blind) showed [Kd 2h] and lost with Pair of Fives
Seat 3: 157e7981(big blind) showed [Ad 3s] and won ($20) with Pair of Fives and Pair of Treys



Poker Hand #ring_979570222: NLH No Limit ($2/$4) - 2025/07/08 17:32:08
Table 'MR NLH 2/4' 7-max Seat #3 is the button
Seat 2: Hero ($329.21 in chips)
Seat 3: 157e7981 ($812.74 in chips)
157e7981: posts small blind $2
Hero: posts big blind $4
*** HOLE CARDS ***
Dealt to Hero [5h 6c]
Dealt to 157e7981 
157e7981: folds
Hero: shows [5h 6c]
157e7981: shows [6d 2h]
*** SHOWDOWN ***
Hero collected $6 from pot
*** SUMMARY ***
Total pot $6
Seat 2: Hero(big blind) showed [5h 6c] and won ($6)
Seat 3: 157e7981(small blind) folded before Flop



Poker Hand #ring_979570019: NLH No Limit ($2/$4) - 2025/07/08 17:31:58
Table 'MR NLH 2/4' 7-max Seat #2 is the button
Seat 2: Hero ($331.21 in chips)
Seat 3: 157e7981 ($810.74 in chips)
Hero: posts small blind $2
157e7981: posts big blind $4
*** HOLE CARDS ***
Dealt to Hero [5h 9d]
Dealt to 157e7981 
Hero: folds
157e7981: shows [3c 2h]
*** SHOWDOWN ***
157e7981 collected $6 from pot
*** SUMMARY ***
Total pot $6
Seat 2: Hero(small blind) folded before Flop
Seat 3: 157e7981(big blind) showed [3c 2h] and won ($6)



Poker Hand #ring_979569627: NLH No Limit ($2/$4) - 2025/07/08 17:31:42
Table 'MR NLH 2/4' 7-max Seat #3 is the button
Seat 2: Hero ($321.21 in chips)
Seat 3: 157e7981 ($820.74 in chips)
157e7981: posts small blind $2
Hero: posts big blind $4
*** HOLE CARDS ***
Dealt to Hero [Qh Kh]
Dealt to 157e7981 
157e7981: raises $6 to $10
Hero: raises $23 to $33
157e7981: folds
Uncalled bet ($23) returned to Hero
*** SHOWDOWN ***
Hero collected $20 from pot
*** SUMMARY ***
Total pot $20
Seat 2: Hero(big blind)won ($20)
Seat 3: 157e7981(small blind) folded before Flop



Poker Hand #ring_979569109: NLH No Limit ($2/$4) - 2025/07/08 17:31:20
Table 'MR NLH 2/4' 7-max Seat #2 is the button
Seat 2: Hero ($311.66 in chips)
Seat 3: 157e7981 ($830.74 in chips)
Hero: posts small blind $2
157e7981: posts big blind $4
*** HOLE CARDS ***
Dealt to Hero [8d Kc]
Dealt to 157e7981 
Hero: raises $6 to $10
157e7981: calls $6
*** FLOP *** [4d 2s 9d]
157e7981: checks
Hero: checks
*** TURN *** [4d 2s 9d] [Ah]
157e7981: checks
Hero: bets $10
157e7981: folds
Uncalled bet ($10) returned to Hero
*** SHOWDOWN ***
Hero collected $20 from pot
*** SUMMARY ***
Total pot $20
Board [4d 2s 9d Ah]
Seat 2: Hero(small blind)won ($20) with Ace-High
Seat 3: 157e7981(big blind) folded on the Turn



Poker Hand #ring_979567923: NLH No Limit ($2/$4) - 2025/07/08 17:30:28
Table 'MR NLH 2/4' 7-max Seat #3 is the button
Seat 2: Hero ($323.66 in chips)
Seat 3: 157e7981 ($819.28 in chips)
157e7981: posts small blind $2
Hero: posts big blind $4
*** HOLE CARDS ***
Dealt to Hero [3d 3c]
Dealt to 157e7981 
157e7981: calls $2
Hero: raises $8 to $12
157e7981: calls $8
*** FLOP *** [9c Ks 4c]
Hero: checks
157e7981: checks
*** TURN *** [9c Ks 4c] [Qh]
Hero: checks
157e7981: checks
*** RIVER *** [9c Ks 4c Qh] [Jc]
Hero: checks
157e7981: checks
Hero: shows [3d 3c]
157e7981: shows [5d 5h]
*** SHOWDOWN ***
157e7981 collected $24 from pot
*** SUMMARY ***
Total pot $24
Board [9c Ks 4c Qh Jc]
Seat 2: Hero(big blind) showed [3d 3c] and lost with Pair of Treys
Seat 3: 157e7981(small blind) showed [5d 5h] and won ($24) with Pair of Fives



Poker Hand #ring_979567142: NLH No Limit ($2/$4) - 2025/07/08 17:29:53
Table 'MR NLH 2/4' 7-max Seat #2 is the button
Seat 2: Hero ($339.66 in chips)
Seat 3: 157e7981 ($804 in chips)
Hero: posts small blind $2
157e7981: posts big blind $4
*** HOLE CARDS ***
Dealt to Hero [8c 8s]
Dealt to 157e7981 
Hero: raises $6 to $10
157e7981: calls $6
*** FLOP *** [6h 4c Qh]
157e7981: checks
Hero: bets $6
157e7981: calls $6
*** TURN *** [6h 4c Qh] [Jd]
157e7981: checks
Hero: checks
*** RIVER *** [6h 4c Qh Jd] [Ts]
157e7981: checks
Hero: checks
Hero: shows [8c 8s]
157e7981: shows [Td Qc]
*** SHOWDOWN ***
157e7981 collected $32 from pot
*** SUMMARY ***
Total pot $32
Board [6h 4c Qh Jd Ts]
Seat 2: Hero(small blind) showed [8c 8s] and lost with Pair of Eights
Seat 3: 157e7981(big blind) showed [Td Qc] and won ($32) with Pair of Queens and Pair of Tens



Poker Hand #ring_979566403: NLH No Limit ($2/$4) - 2025/07/08 17:29:21
Table 'MR NLH 2/4' 7-max Seat #3 is the button
Seat 2: Hero ($343.66 in chips)
Seat 3: 157e7981 ($800 in chips)
157e7981: posts small blind $2
Hero: posts big blind $4
*** HOLE CARDS ***
Dealt to Hero [Qs 6c]
Dealt to 157e7981 
157e7981: raises $6 to $10
Hero: folds
Uncalled bet ($6) returned to 157e7981
*** SHOWDOWN ***
157e7981 collected $8 from pot
*** SUMMARY ***
Total pot $8
Seat 2: Hero(big blind) folded before Flop
Seat 3: 157e7981(small blind)won ($8)



Poker Hand #ring_979565061: NLH No Limit ($2/$4) - 2025/07/08 17:28:23
Table 'MR NLH 2/4' 7-max Seat #2 is the button
Seat 2: Hero ($294 in chips)
Seat 3: 157e7981 ($798 in chips)
Hero: posts small blind $2
157e7981: posts big blind $4
*** HOLE CARDS ***
Dealt to Hero [Kc Ac]
Dealt to 157e7981 
Hero: raises $6 to $10
157e7981: calls $6
*** FLOP *** [8s 6h 2c]
157e7981: checks
Hero: checks
*** TURN *** [8s 6h 2c] [As]
157e7981: checks
Hero: bets $10
157e7981: calls $10
*** RIVER *** [8s 6h 2c As] [2h]
157e7981: checks
Hero: bets $32
157e7981: calls $32
Hero: shows [Kc Ac]
157e7981: shows [Jd 8d]
*** SHOWDOWN ***
Hero collected $104 from pot
*** SUMMARY ***
Total pot $104
Board [8s 6h 2c As 2h]
Seat 2: Hero(small blind) showed [Kc Ac] and won ($104) with Pair of Aces and Pair of Twos
Seat 3: 157e7981(big blind) showed [Jd 8d] and lost with Pair of Eights and Pair of Twos



Poker Hand #ring_979451851: NLH No Limit ($2/$4) - 2025/07/08 17:28:09
Table 'MR NLH 2/4' 7-max Seat #3 is the button
Seat 2: Hero ($292 in chips)
Seat 3: 157e7981 ($800 in chips)
157e7981: posts small blind $2
Hero: posts big blind $4
*** HOLE CARDS ***
Dealt to Hero [8h 2h]
Dealt to 157e7981 
157e7981: folds
*** SHOWDOWN ***
Hero collected $6 from pot
*** SUMMARY ***
Total pot $6
Seat 2: Hero(big blind)won ($6)
Seat 3: 157e7981(small blind) folded before Flop



