Poker Hand #ring_947182911: NLH No Limit ($1/$2) - 2025/06/20 21:44:41
Table 'MR NLH 1/2' 7-max Seat #2 is the button
Seat 6: 9e87aa19 ($590.39 in chips)
Seat 2: Hero ($190.03 in chips)
Hero: posts small blind $1
9e87aa19: posts big blind $2
*** HOLE CARDS ***
Dealt to 9e87aa19 
Dealt to Hero [Kc Ac]
Hero: raises $4 to $6
9e87aa19: folds
Uncalled bet ($4) returned to Hero
*** SHOWDOWN ***
Hero collected $4 from pot
*** SUMMARY ***
Total pot $4
Seat 6: 9e87aa19(big blind) folded before Flop
Seat 2: Hero(small blind)won ($4)



Poker Hand #ring_947182670: NLH No Limit ($1/$2) - 2025/06/20 21:44:31
Table 'MR NLH 1/2' 7-max Seat #6 is the button
Seat 6: 9e87aa19 ($591.39 in chips)
Seat 2: Hero ($189.03 in chips)
9e87aa19: posts small blind $1
Hero: posts big blind $2
*** HOLE CARDS ***
Dealt to 9e87aa19 
Dealt to Hero [6d Qh]
9e87aa19: folds
*** SHOWDOWN ***
Hero collected $3 from pot
*** SUMMARY ***
Total pot $3
Seat 6: 9e87aa19(small blind) folded before Flop
Seat 2: Hero(big blind)won ($3)



Poker Hand #ring_947182222: NLH No Limit ($1/$2) - 2025/06/20 21:44:15
Table 'MR NLH 1/2' 7-max Seat #2 is the button
Seat 6: 9e87aa19 ($585.39 in chips)
Seat 2: Hero ($195.03 in chips)
Hero: posts small blind $1
9e87aa19: posts big blind $2
*** HOLE CARDS ***
Dealt to 9e87aa19 
Dealt to Hero [9h Td]
Hero: raises $4 to $6
9e87aa19: raises $14 to $20
Hero: folds
Uncalled bet ($14) returned to 9e87aa19
*** SHOWDOWN ***
9e87aa19 collected $12 from pot
*** SUMMARY ***
Total pot $12
Seat 6: 9e87aa19(big blind)won ($12)
Seat 2: Hero(small blind) folded before Flop



Poker Hand #ring_947180871: NLH No Limit ($1/$2) - 2025/06/20 21:43:25
Table 'MR NLH 1/2' 7-max Seat #6 is the button
Seat 6: 9e87aa19 ($597.39 in chips)
Seat 2: Hero ($183.57 in chips)
9e87aa19: posts small blind $1
Hero: posts big blind $2
*** HOLE CARDS ***
Dealt to 9e87aa19 
Dealt to Hero [8c Td]
9e87aa19: raises $4 to $6
Hero: calls $4
*** FLOP *** [Qh 5s 2c]
Hero: checks
9e87aa19: bets $6
Hero: calls $6
*** TURN *** [Qh 5s 2c] [7c]
Hero: checks
9e87aa19: checks
*** RIVER *** [Qh 5s 2c 7c] [Ac]
Hero: bets $19.2
9e87aa19: folds
Uncalled bet ($19.2) returned to Hero
*** SHOWDOWN ***
Hero collected $24 from pot
*** SUMMARY ***
Total pot $24
Board [Qh 5s 2c 7c Ac]
Seat 6: 9e87aa19(small blind) folded on the River
Seat 2: Hero(big blind)won ($24) with Ace-High



Poker Hand #ring_947180352: NLH No Limit ($1/$2) - 2025/06/20 21:43:05
Table 'MR NLH 1/2' 7-max Seat #2 is the button
Seat 6: 9e87aa19 ($603.39 in chips)
Seat 2: Hero ($177.84 in chips)
Hero: posts small blind $1
9e87aa19: posts big blind $2
*** HOLE CARDS ***
Dealt to 9e87aa19 
Dealt to Hero [Js 7s]
Hero: raises $4 to $6
9e87aa19: calls $4
*** FLOP *** [9s 7c Kd]
9e87aa19: checks
Hero: bets $6
9e87aa19: folds
Uncalled bet ($6) returned to Hero
*** SHOWDOWN ***
Hero collected $12 from pot
*** SUMMARY ***
Total pot $12
Board [9s 7c Kd]
Seat 6: 9e87aa19(big blind) folded on the Flop
Seat 2: Hero(small blind)won ($12) with Pair of Sevens



Poker Hand #ring_947179119: NLH No Limit ($1/$2) - 2025/06/20 21:42:19
Table 'MR NLH 1/2' 7-max Seat #6 is the button
Seat 6: 9e87aa19 ($615.39 in chips)
Seat 2: Hero ($166.38 in chips)
9e87aa19: posts small blind $1
Hero: posts big blind $2
*** HOLE CARDS ***
Dealt to 9e87aa19 
Dealt to Hero [6h Ks]
9e87aa19: raises $4 to $6
Hero: calls $4
*** FLOP *** [Js 6d 8h]
Hero: checks
9e87aa19: bets $6
Hero: calls $6
*** TURN *** [Js 6d 8h] [Jh]
Hero: checks
9e87aa19: checks
*** RIVER *** [Js 6d 8h Jh] [3c]
Hero: checks
9e87aa19: checks
Hero: shows [6h Ks]
9e87aa19: shows [2s 9s]
*** SHOWDOWN ***
Hero collected $24 from pot
*** SUMMARY ***
Total pot $24
Board [Js 6d 8h Jh 3c]
Seat 6: 9e87aa19(small blind) showed [2s 9s] and lost with Pair of Jacks
Seat 2: Hero(big blind) showed [6h Ks] and won ($24) with Pair of Jacks and Pair of Sixes



Poker Hand #ring_947178843: NLH No Limit ($1/$2) - 2025/06/20 21:42:09
Table 'MR NLH 1/2' 7-max Seat #2 is the button
Seat 6: 9e87aa19 ($614.39 in chips)
Seat 2: Hero ($167.38 in chips)
Hero: posts small blind $1
9e87aa19: posts big blind $2
*** HOLE CARDS ***
Dealt to 9e87aa19 
Dealt to Hero [7d 4c]
Hero: folds
*** SHOWDOWN ***
9e87aa19 collected $3 from pot
*** SUMMARY ***
Total pot $3
Seat 6: 9e87aa19(big blind)won ($3)
Seat 2: Hero(small blind) folded before Flop



Poker Hand #ring_947178530: NLH No Limit ($1/$2) - 2025/06/20 21:41:57
Table 'MR NLH 1/2' 7-max Seat #6 is the button
Seat 6: 9e87aa19 ($615.39 in chips)
Seat 2: Hero ($166.38 in chips)
9e87aa19: posts small blind $1
Hero: posts big blind $2
*** HOLE CARDS ***
Dealt to 9e87aa19 
Dealt to Hero [3s 6d]
9e87aa19: folds
*** SHOWDOWN ***
Hero collected $3 from pot
*** SUMMARY ***
Total pot $3
Seat 6: 9e87aa19(small blind) folded before Flop
Seat 2: Hero(big blind)won ($3)



Poker Hand #ring_947177901: NLH No Limit ($1/$2) - 2025/06/20 21:41:32
Table 'MR NLH 1/2' 7-max Seat #2 is the button
Seat 6: 9e87aa19 ($617.39 in chips)
Seat 2: Hero ($164.47 in chips)
Hero: posts small blind $1
9e87aa19: posts big blind $2
*** HOLE CARDS ***
Dealt to 9e87aa19 
Dealt to Hero [4c 2c]
Hero: calls $1
9e87aa19: checks
*** FLOP *** [Qh 4d Ac]
9e87aa19: checks
Hero: bets $2
9e87aa19: folds
Uncalled bet ($2) returned to Hero
*** SHOWDOWN ***
Hero collected $4 from pot
*** SUMMARY ***
Total pot $4
Board [Qh 4d Ac]
Seat 6: 9e87aa19(big blind) folded on the Flop
Seat 2: Hero(small blind)won ($4) with Pair of Fours



Poker Hand #ring_947175998: NLH No Limit ($1/$2) - 2025/06/20 21:40:20
Table 'MR NLH 1/2' 7-max Seat #6 is the button
Seat 6: 9e87aa19 ($621.18 in chips)
Seat 2: Hero ($168.25 in chips)
9e87aa19: posts small blind $1
Hero: posts big blind $2
*** HOLE CARDS ***
Dealt to 9e87aa19 
Dealt to Hero [6d As]
9e87aa19: raises $4 to $6
Hero: calls $4
*** FLOP *** [5c 7s 4s]
Hero: bets $6
9e87aa19: raises $18 to $24
Hero: calls $18
*** TURN *** [5c 7s 4s] [8h]
Hero: bets $48
9e87aa19: raises $543.18 to $591.18 and is all-in
Hero: calls $90.25 and is all-in
Uncalled bet ($452.93) returned to 9e87aa19
Hero: shows [6d As]
9e87aa19: shows [Ac 6c]
*** RIVER *** [5c 7s 4s 8h] [Tc]
*** SHOWDOWN ***
Hero collected $168.25 from pot
9e87aa19 collected $168.25 from pot
*** SUMMARY ***
Total pot $336.5
Board [5c 7s 4s 8h Tc]
Seat 6: 9e87aa19(small blind) showed [Ac 6c] and won ($168.25) with Eights-High Straight
Seat 2: Hero(big blind) showed [6d As] and won ($168.25) with Eights-High Straight



Poker Hand #ring_947173988: NLH No Limit ($1/$2) - 2025/06/20 21:39:04
Table 'MR NLH 1/2' 7-max Seat #2 is the button
Seat 6: 9e87aa19 ($652.38 in chips)
Seat 2: Hero ($138.45 in chips)
Hero: posts small blind $1
9e87aa19: posts big blind $2
*** HOLE CARDS ***
Dealt to 9e87aa19 
Dealt to Hero [6d 8d]
Hero: raises $4 to $6
9e87aa19: calls $4
*** FLOP *** [4s Qh 2d]
9e87aa19: checks
Hero: bets $6
9e87aa19: calls $6
*** TURN *** [4s Qh 2d] [Ah]
9e87aa19: checks
Hero: bets $19.2
9e87aa19: calls $19.2
*** RIVER *** [4s Qh 2d Ah] [4h]
9e87aa19: checks
Hero: bets $31.2
9e87aa19: folds
Uncalled bet ($31.2) returned to Hero
*** SHOWDOWN ***
Hero collected $62.4 from pot
*** SUMMARY ***
Total pot $62.4
Board [4s Qh 2d Ah 4h]
Seat 6: 9e87aa19(big blind) folded on the River
Seat 2: Hero(small blind)won ($62.4) with Pair of Fours



Poker Hand #ring_947173038: NLH No Limit ($1/$2) - 2025/06/20 21:38:28
Table 'MR NLH 1/2' 7-max Seat #6 is the button
Seat 6: 9e87aa19 ($664.38 in chips)
Seat 2: Hero ($126.99 in chips)
9e87aa19: posts small blind $1
Hero: posts big blind $2
*** HOLE CARDS ***
Dealt to 9e87aa19 
Dealt to Hero [9h Qc]
9e87aa19: raises $4 to $6
Hero: calls $4
*** FLOP *** [Jc 7s Kc]
Hero: checks
9e87aa19: bets $6
Hero: calls $6
*** TURN *** [Jc 7s Kc] [9d]
Hero: checks
9e87aa19: checks
*** RIVER *** [Jc 7s Kc 9d] [4d]
Hero: checks
9e87aa19: checks
Hero: shows [9h Qc]
9e87aa19: shows [8c 7h]
*** SHOWDOWN ***
Hero collected $24 from pot
*** SUMMARY ***
Total pot $24
Board [Jc 7s Kc 9d 4d]
Seat 6: 9e87aa19(small blind) showed [8c 7h] and lost with Pair of Sevens
Seat 2: Hero(big blind) showed [9h Qc] and won ($24) with Pair of Nines



Poker Hand #ring_947172752: NLH No Limit ($1/$2) - 2025/06/20 21:38:17
Table 'MR NLH 1/2' 7-max Seat #2 is the button
Seat 6: 9e87aa19 ($663.38 in chips)
Seat 2: Hero ($127.99 in chips)
Hero: posts small blind $1
9e87aa19: posts big blind $2
*** HOLE CARDS ***
Dealt to 9e87aa19 
Dealt to Hero [Jd 2d]
Hero: folds
*** SHOWDOWN ***
9e87aa19 collected $3 from pot
*** SUMMARY ***
Total pot $3
Seat 6: 9e87aa19(big blind)won ($3)
Seat 2: Hero(small blind) folded before Flop



Poker Hand #ring_947170949: NLH No Limit ($1/$2) - 2025/06/20 21:37:08
Table 'MR NLH 1/2' 7-max Seat #6 is the button
Seat 6: 9e87aa19 ($596.33 in chips)
Seat 2: Hero ($198.19 in chips)
9e87aa19: posts small blind $1
Hero: posts big blind $2
*** HOLE CARDS ***
Dealt to 9e87aa19 
Dealt to Hero [5d Kd]
9e87aa19: raises $4 to $6
Hero: calls $4
*** FLOP *** [6d Jh Ad]
Hero: checks
9e87aa19: bets $6
Hero: raises $19.2 to $25.2
9e87aa19: calls $19.2
*** TURN *** [6d Jh Ad] [2h]
Hero: bets $39
9e87aa19: calls $39
*** RIVER *** [6d Jh Ad 2h] [6c]
Hero: checks
9e87aa19: checks
Hero: shows [5d Kd]
9e87aa19: shows [Th Ah]
*** SHOWDOWN ***
9e87aa19 collected $140.4 from pot
*** SUMMARY ***
Total pot $140.4
Board [6d Jh Ad 2h 6c]
Seat 6: 9e87aa19(small blind) showed [Th Ah] and won ($140.4) with Pair of Aces and Pair of Sixes
Seat 2: Hero(big blind) showed [5d Kd] and lost with Pair of Sixes



Poker Hand #ring_947170528: NLH No Limit ($1/$2) - 2025/06/20 21:36:52
Table 'MR NLH 1/2' 7-max Seat #2 is the button
Seat 6: 9e87aa19 ($598.33 in chips)
Seat 2: Hero ($196.19 in chips)
Hero: posts small blind $1
9e87aa19: posts big blind $2
*** HOLE CARDS ***
Dealt to 9e87aa19 
Dealt to Hero [7d 5s]
Hero: raises $4 to $6
9e87aa19: folds
Uncalled bet ($4) returned to Hero
*** SHOWDOWN ***
Hero collected $4 from pot
*** SUMMARY ***
Total pot $4
Seat 6: 9e87aa19(big blind) folded before Flop
Seat 2: Hero(small blind)won ($4)



Poker Hand #ring_947169404: NLH No Limit ($1/$2) - 2025/06/20 21:36:08
Table 'MR NLH 1/2' 7-max Seat #6 is the button
Seat 6: 9e87aa19 ($584 in chips)
Seat 2: Hero ($211.19 in chips)
9e87aa19: posts small blind $1
Hero: posts big blind $2
*** HOLE CARDS ***
Dealt to 9e87aa19 
Dealt to Hero [Ks Th]
9e87aa19: raises $4 to $6
Hero: calls $4
*** FLOP *** [3c 2h 2c]
Hero: checks
9e87aa19: bets $9
Hero: calls $9
*** TURN *** [3c 2h 2c] [7s]
Hero: checks
9e87aa19: bets $30
Hero: folds
Uncalled bet ($30) returned to 9e87aa19
*** SHOWDOWN ***
9e87aa19 collected $30 from pot
*** SUMMARY ***
Total pot $30
Board [3c 2h 2c 7s]
Seat 6: 9e87aa19(small blind)won ($30) with Pair of Twos
Seat 2: Hero(big blind) folded on the Turn



Poker Hand #ring_947168420: NLH No Limit ($1/$2) - 2025/06/20 21:35:30
Table 'MR NLH 1/2' 7-max Seat #2 is the button
Seat 6: 9e87aa19 ($596 in chips)
Seat 2: Hero ($199.73 in chips)
Hero: posts small blind $1
9e87aa19: posts big blind $2
*** HOLE CARDS ***
Dealt to 9e87aa19 
Dealt to Hero [7c 8h]
Hero: raises $4 to $6
9e87aa19: calls $4
*** FLOP *** [2s 3s 8c]
9e87aa19: checks
Hero: bets $6
9e87aa19: calls $6
*** TURN *** [2s 3s 8c] [6h]
9e87aa19: checks
Hero: bets $19.2
9e87aa19: folds
Uncalled bet ($19.2) returned to Hero
*** SHOWDOWN ***
Hero collected $24 from pot
*** SUMMARY ***
Total pot $24
Board [2s 3s 8c 6h]
Seat 6: 9e87aa19(big blind) folded on the Turn
Seat 2: Hero(small blind)won ($24) with Pair of Eights



Poker Hand #ring_947167378: NLH No Limit ($1/$2) - 2025/06/20 21:34:51
Table 'MR NLH 1/2' 7-max Seat #6 is the button
Seat 6: 9e87aa19 ($602 in chips)
Seat 2: Hero ($194 in chips)
9e87aa19: posts small blind $1
Hero: posts big blind $2
*** HOLE CARDS ***
Dealt to 9e87aa19 
Dealt to Hero [Kc 4s]
9e87aa19: raises $4 to $6
Hero: calls $4
*** FLOP *** [Qs 8s Th]
Hero: bets $6
9e87aa19: folds
Uncalled bet ($6) returned to Hero
*** SHOWDOWN ***
Hero collected $12 from pot
*** SUMMARY ***
Total pot $12
Board [Qs 8s Th]
Seat 6: 9e87aa19(small blind) folded on the Flop
Seat 2: Hero(big blind)won ($12) with King-High



Poker Hand #ring_947167115: NLH No Limit ($1/$2) - 2025/06/20 21:34:40
Table 'MR NLH 1/2' 7-max Seat #2 is the button
Seat 6: 9e87aa19 ($601 in chips)
Seat 2: Hero ($195 in chips)
Hero: posts small blind $1
9e87aa19: posts big blind $2
*** HOLE CARDS ***
Dealt to 9e87aa19 
Dealt to Hero [4h 9h]
Hero: folds
*** SHOWDOWN ***
9e87aa19 collected $3 from pot
*** SUMMARY ***
Total pot $3
Seat 6: 9e87aa19(big blind)won ($3)
Seat 2: Hero(small blind) folded before Flop



Poker Hand #ring_947166614: NLH No Limit ($1/$2) - 2025/06/20 21:34:21
Table 'MR NLH 1/2' 7-max Seat #6 is the button
Seat 6: 9e87aa19 ($595.27 in chips)
Seat 2: Hero ($201 in chips)
9e87aa19: posts small blind $1
Hero: posts big blind $2
*** HOLE CARDS ***
Dealt to 9e87aa19 
Dealt to Hero [6h Kh]
9e87aa19: raises $4 to $6
Hero: calls $4
*** FLOP *** [4d As Js]
Hero: checks
9e87aa19: bets $6
Hero: folds
Uncalled bet ($6) returned to 9e87aa19
*** SHOWDOWN ***
9e87aa19 collected $12 from pot
*** SUMMARY ***
Total pot $12
Board [4d As Js]
Seat 6: 9e87aa19(small blind)won ($12) with Pair of Aces and Pair of Jacks
Seat 2: Hero(big blind) folded on the Flop



Poker Hand #ring_947166268: NLH No Limit ($1/$2) - 2025/06/20 21:34:08
Table 'MR NLH 1/2' 7-max Seat #2 is the button
Seat 6: 9e87aa19 ($597.27 in chips)
Seat 2: Hero ($199 in chips)
Hero: posts small blind $1
9e87aa19: posts big blind $2
*** HOLE CARDS ***
Dealt to 9e87aa19 
Dealt to Hero [Kd Ac]
Hero: raises $4 to $6
9e87aa19: folds
Uncalled bet ($4) returned to Hero
*** SHOWDOWN ***
Hero collected $4 from pot
*** SUMMARY ***
Total pot $4
Seat 6: 9e87aa19(big blind) folded before Flop
Seat 2: Hero(small blind)won ($4)



Poker Hand #ring_947165960: NLH No Limit ($1/$2) - 2025/06/20 21:33:57
Table 'MR NLH 1/2' 7-max Seat #6 is the button
Seat 6: 9e87aa19 ($598.27 in chips)
Seat 2: Hero ($198 in chips)
9e87aa19: posts small blind $1
Hero: posts big blind $2
*** HOLE CARDS ***
Dealt to 9e87aa19 
Dealt to Hero [4h 4s]
9e87aa19: folds
*** SHOWDOWN ***
Hero collected $3 from pot
*** SUMMARY ***
Total pot $3
Seat 6: 9e87aa19(small blind) folded before Flop
Seat 2: Hero(big blind)won ($3)



Poker Hand #ring_947165653: NLH No Limit ($1/$2) - 2025/06/20 21:33:45
Table 'MR NLH 1/2' 7-max Seat #2 is the button
Seat 6: 9e87aa19 ($597.27 in chips)
Seat 2: Hero ($199 in chips)
Hero: posts small blind $1
9e87aa19: posts big blind $2
*** HOLE CARDS ***
Dealt to 9e87aa19 
Dealt to Hero [6s 3h]
Hero: folds
*** SHOWDOWN ***
9e87aa19 collected $3 from pot
*** SUMMARY ***
Total pot $3
Seat 6: 9e87aa19(big blind)won ($3)
Seat 2: Hero(small blind) folded before Flop



Poker Hand #ring_947165337: NLH No Limit ($1/$2) - 2025/06/20 21:33:32
Table 'MR NLH 1/2' 7-max Seat #6 is the button
Seat 6: 9e87aa19 ($595.27 in chips)
Seat 2: Hero ($201 in chips)
9e87aa19: posts small blind $1
Hero: posts big blind $2
*** HOLE CARDS ***
Dealt to 9e87aa19 
Dealt to Hero [6d Th]
9e87aa19: raises $4 to $6
Hero: folds
Uncalled bet ($4) returned to 9e87aa19
*** SHOWDOWN ***
9e87aa19 collected $4 from pot
*** SUMMARY ***
Total pot $4
Seat 6: 9e87aa19(small blind)won ($4)
Seat 2: Hero(big blind) folded before Flop



Poker Hand #ring_947164994: NLH No Limit ($1/$2) - 2025/06/20 21:33:19
Table 'MR NLH 1/2' 7-max Seat #2 is the button
Seat 6: 9e87aa19 ($597.27 in chips)
Seat 2: Hero ($99 in chips)
Hero: posts small blind $1
9e87aa19: posts big blind $2
*** HOLE CARDS ***
Dealt to 9e87aa19 
Dealt to Hero [7h Kd]
Hero: raises $4 to $6
9e87aa19: folds
Uncalled bet ($4) returned to Hero
*** SHOWDOWN ***
Hero collected $4 from pot
*** SUMMARY ***
Total pot $4
Seat 6: 9e87aa19(big blind) folded before Flop
Seat 2: Hero(small blind)won ($4)



Poker Hand #ring_947164609: NLH No Limit ($1/$2) - 2025/06/20 21:33:04
Table 'MR NLH 1/2' 7-max Seat #6 is the button
Seat 6: 9e87aa19 ($595.27 in chips)
Seat 2: Hero ($101 in chips)
9e87aa19: posts small blind $1
Hero: posts big blind $2
*** HOLE CARDS ***
Dealt to 9e87aa19 
Dealt to Hero [Qs 4d]
9e87aa19: raises $4 to $6
Hero: folds
Uncalled bet ($4) returned to 9e87aa19
*** SHOWDOWN ***
9e87aa19 collected $4 from pot
*** SUMMARY ***
Total pot $4
Seat 6: 9e87aa19(small blind)won ($4)
Seat 2: Hero(big blind) folded before Flop



Poker Hand #ring_947164272: NLH No Limit ($1/$2) - 2025/06/20 21:32:52
Table 'MR NLH 1/2' 7-max Seat #2 is the button
Seat 6: 9e87aa19 ($597.27 in chips)
Seat 2: Hero ($99 in chips)
Hero: posts small blind $1
9e87aa19: posts big blind $2
*** HOLE CARDS ***
Dealt to 9e87aa19 
Dealt to Hero [9c 7c]
Hero: raises $5 to $7
9e87aa19: folds
Uncalled bet ($5) returned to Hero
*** SHOWDOWN ***
Hero collected $4 from pot
*** SUMMARY ***
Total pot $4
Seat 6: 9e87aa19(big blind) folded before Flop
Seat 2: Hero(small blind)won ($4)



Poker Hand #ring_947163911: NLH No Limit ($1/$2) - 2025/06/20 21:32:38
Table 'MR NLH 1/2' 7-max Seat #6 is the button
Seat 6: 9e87aa19 ($595.27 in chips)
Seat 2: Hero ($101 in chips)
9e87aa19: posts small blind $1
Hero: posts big blind $2
*** HOLE CARDS ***
Dealt to 9e87aa19 
Dealt to Hero [7d Jh]
9e87aa19: raises $4 to $6
Hero: folds
Uncalled bet ($4) returned to 9e87aa19
*** SHOWDOWN ***
9e87aa19 collected $4 from pot
*** SUMMARY ***
Total pot $4
Seat 6: 9e87aa19(small blind)won ($4)
Seat 2: Hero(big blind) folded before Flop



