Poker Hand #ring_930399453: NLH No Limit ($2/$4) - 2025/06/11 23:09:13
Table 'MR NLH 2/4' 7-max Seat #5 is the button
Seat 4: ea020e8 ($963.24 in chips)
Seat 3: bb1dc789 ($216.48 in chips)
Seat 6: c5a98c7e ($1,228.29 in chips)
Seat 2: a6a16c12 ($855.1 in chips)
Seat 7: 939c5f0 ($627.01 in chips)
Seat 1: Hero ($447.09 in chips)
Seat 5: c7a8d536 ($325.86 in chips)
c5a98c7e: posts small blind $2
939c5f0: posts big blind $4
*** HOLE CARDS ***
Dealt to ea020e8 
Dealt to bb1dc789 
Dealt to c5a98c7e 
Dealt to a6a16c12 
Dealt to 939c5f0 
Dealt to Hero [2h Ad]
Dealt to c7a8d536 
Hero: folds
a6a16c12: folds
bb1dc789: folds
ea020e8: raises $8 to $12
c7a8d536: folds
c5a98c7e: folds
939c5f0: folds
Uncalled bet ($8) returned to ea020e8
*** SHOWDOWN ***
ea020e8 collected $10 from pot
*** SUMMARY ***
Total pot $10
Seat 4: ea020e8won ($10)
Seat 3: bb1dc789 folded before Flop (didn't bet)
Seat 6: c5a98c7e(small blind) folded before Flop
Seat 2: a6a16c12 folded before Flop (didn't bet)
Seat 7: 939c5f0(big blind) folded before Flop
Seat 1: Hero folded before Flop (didn't bet)
Seat 5: c7a8d536 folded before Flop (didn't bet)



Poker Hand #ring_930397971: NLH No Limit ($2/$4) - 2025/06/11 23:08:25
Table 'MR NLH 2/4' 7-max Seat #4 is the button
Seat 4: ea020e8 ($963.24 in chips)
Seat 3: bb1dc789 ($216.48 in chips)
Seat 6: c5a98c7e ($1,248.21 in chips)
Seat 2: a6a16c12 ($855.1 in chips)
Seat 7: 939c5f0 ($627.01 in chips)
Seat 1: Hero ($447.09 in chips)
Seat 5: c7a8d536 ($307.73 in chips)
c7a8d536: posts small blind $2
c5a98c7e: posts big blind $4
*** HOLE CARDS ***
Dealt to ea020e8 
Dealt to bb1dc789 
Dealt to c5a98c7e 
Dealt to a6a16c12 
Dealt to 939c5f0 
Dealt to Hero [3c 2h]
Dealt to c7a8d536 
939c5f0: folds
Hero: folds
a6a16c12: folds
bb1dc789: folds
ea020e8: folds
c7a8d536: raises $8 to $12
c5a98c7e: calls $8
*** FLOP *** [Ac 2s Td]
c7a8d536: checks
c5a98c7e: bets $7.92
c7a8d536: calls $7.92
*** TURN *** [Ac 2s Td] [Ks]
c7a8d536: checks
c5a98c7e: checks
*** RIVER *** [Ac 2s Td Ks] [3d]
c7a8d536: checks
c5a98c7e: checks
c7a8d536: shows [Qc Qh]
c5a98c7e: shows [9s 8d]
*** SHOWDOWN ***
c7a8d536 collected $39.84 from pot
*** SUMMARY ***
Total pot $39.84
Board [Ac 2s Td Ks 3d]
Seat 4: ea020e8 folded before Flop (didn't bet)
Seat 3: bb1dc789 folded before Flop (didn't bet)
Seat 6: c5a98c7e(big blind) showed [9s 8d] and lost with Ace-High
Seat 2: a6a16c12 folded before Flop (didn't bet)
Seat 7: 939c5f0 folded before Flop (didn't bet)
Seat 1: Hero folded before Flop (didn't bet)
Seat 5: c7a8d536(small blind) showed [Qc Qh] and won ($39.84) with Pair of Queens



Poker Hand #ring_930397042: NLH No Limit ($2/$4) - 2025/06/11 23:07:55
Table 'MR NLH 2/4' 7-max Seat #3 is the button
Seat 4: ea020e8 ($965.24 in chips)
Seat 3: bb1dc789 ($216.48 in chips)
Seat 6: c5a98c7e ($1,248.21 in chips)
Seat 2: a6a16c12 ($855.1 in chips)
Seat 7: 939c5f0 ($627.01 in chips)
Seat 1: Hero ($447.09 in chips)
Seat 5: c7a8d536 ($305.73 in chips)
ea020e8: posts small blind $2
c7a8d536: posts big blind $4
*** HOLE CARDS ***
Dealt to ea020e8 
Dealt to bb1dc789 
Dealt to c5a98c7e 
Dealt to a6a16c12 
Dealt to 939c5f0 
Dealt to Hero [7d 8h]
Dealt to c7a8d536 
c5a98c7e: folds
939c5f0: folds
Hero: folds
a6a16c12: folds
bb1dc789: folds
ea020e8: folds
*** SHOWDOWN ***
c7a8d536 collected $6 from pot
*** SUMMARY ***
Total pot $6
Seat 4: ea020e8(small blind) folded before Flop
Seat 3: bb1dc789 folded before Flop (didn't bet)
Seat 6: c5a98c7e folded before Flop (didn't bet)
Seat 2: a6a16c12 folded before Flop (didn't bet)
Seat 7: 939c5f0 folded before Flop (didn't bet)
Seat 1: Hero folded before Flop (didn't bet)
Seat 5: c7a8d536(big blind)won ($6)



Poker Hand #ring_930395085: NLH No Limit ($2/$4) - 2025/06/11 23:06:53
Table 'MR NLH 2/4' 7-max Seat #2 is the button
Seat 4: ea020e8 ($977.24 in chips)
Seat 3: bb1dc789 ($218.48 in chips)
Seat 6: c5a98c7e ($1,260.21 in chips)
Seat 2: a6a16c12 ($855.1 in chips)
Seat 7: 939c5f0 ($627.01 in chips)
Seat 1: Hero ($422.8 in chips)
Seat 5: c7a8d536 ($305.73 in chips)
bb1dc789: posts small blind $2
ea020e8: posts big blind $4
*** HOLE CARDS ***
Dealt to ea020e8 
Dealt to bb1dc789 
Dealt to c5a98c7e 
Dealt to a6a16c12 
Dealt to 939c5f0 
Dealt to Hero [Kc Tc]
Dealt to c7a8d536 
c7a8d536: folds
c5a98c7e: raises $8 to $12
939c5f0: folds
Hero: calls $12
a6a16c12: folds
bb1dc789: folds
ea020e8: calls $8
*** FLOP *** [Th 4c 2s]
ea020e8: checks
c5a98c7e: checks
Hero: bets $22
ea020e8: folds
c5a98c7e: folds
Uncalled bet ($22) returned to Hero
*** SHOWDOWN ***
Hero collected $38 from pot
*** SUMMARY ***
Total pot $38
Board [Th 4c 2s]
Seat 4: ea020e8(big blind) folded on the Flop
Seat 3: bb1dc789(small blind) folded before Flop
Seat 6: c5a98c7e folded on the Flop
Seat 2: a6a16c12 folded before Flop (didn't bet)
Seat 7: 939c5f0 folded before Flop (didn't bet)
Seat 1: Herowon ($38) with Pair of Tens
Seat 5: c7a8d536 folded before Flop (didn't bet)



Poker Hand #ring_930393783: NLH No Limit ($2/$4) - 2025/06/11 23:06:12
Table 'MR NLH 2/4' 7-max Seat #1 is the button
Seat 4: ea020e8 ($952.58 in chips)
Seat 3: bb1dc789 ($222.48 in chips)
Seat 6: c5a98c7e ($1,282.11 in chips)
Seat 2: a6a16c12 ($857.1 in chips)
Seat 7: 939c5f0 ($627.01 in chips)
Seat 1: Hero ($422.8 in chips)
Seat 5: c7a8d536 ($305.73 in chips)
a6a16c12: posts small blind $2
bb1dc789: posts big blind $4
*** HOLE CARDS ***
Dealt to ea020e8 
Dealt to bb1dc789 
Dealt to c5a98c7e 
Dealt to a6a16c12 
Dealt to 939c5f0 
Dealt to Hero [5c Js]
Dealt to c7a8d536 
ea020e8: raises $8 to $12
c7a8d536: folds
c5a98c7e: calls $12
939c5f0: folds
Hero: folds
a6a16c12: folds
bb1dc789: folds
*** FLOP *** [4s 2c Jd]
ea020e8: bets $9.9
c5a98c7e: calls $9.9
*** TURN *** [4s 2c Jd] [Jh]
ea020e8: bets $16.43
c5a98c7e: folds
Uncalled bet ($16.43) returned to ea020e8
*** SHOWDOWN ***
ea020e8 collected $49.8 from pot
*** SUMMARY ***
Total pot $49.8
Board [4s 2c Jd Jh]
Seat 4: ea020e8won ($49.8) with Three Jacks
Seat 3: bb1dc789(big blind) folded before Flop
Seat 6: c5a98c7e folded on the Turn
Seat 2: a6a16c12(small blind) folded before Flop
Seat 7: 939c5f0 folded before Flop (didn't bet)
Seat 1: Hero folded before Flop (didn't bet)
Seat 5: c7a8d536 folded before Flop (didn't bet)



Poker Hand #ring_930392124: NLH No Limit ($2/$4) - 2025/06/11 23:05:19
Table 'MR NLH 2/4' 7-max Seat #7 is the button
Seat 4: ea020e8 ($952.58 in chips)
Seat 3: bb1dc789 ($222.48 in chips)
Seat 6: c5a98c7e ($1,282.11 in chips)
Seat 2: a6a16c12 ($883.9 in chips)
Seat 7: 939c5f0 ($627.01 in chips)
Seat 1: Hero ($396 in chips)
Seat 5: c7a8d536 ($305.73 in chips)
Hero: posts small blind $2
a6a16c12: posts big blind $4
*** HOLE CARDS ***
Dealt to ea020e8 
Dealt to bb1dc789 
Dealt to c5a98c7e 
Dealt to a6a16c12 
Dealt to 939c5f0 
Dealt to Hero [Jh Jc]
Dealt to c7a8d536 
bb1dc789: folds
ea020e8: folds
c7a8d536: folds
c5a98c7e: folds
939c5f0: folds
Hero: raises $6 to $10
a6a16c12: raises $16.8 to $26.8
Hero: raises $42.88 to $69.68
a6a16c12: folds
Uncalled bet ($42.88) returned to Hero
*** SHOWDOWN ***
Hero collected $53.6 from pot
*** SUMMARY ***
Total pot $53.6
Seat 4: ea020e8 folded before Flop (didn't bet)
Seat 3: bb1dc789 folded before Flop (didn't bet)
Seat 6: c5a98c7e folded before Flop (didn't bet)
Seat 2: a6a16c12(big blind) folded before Flop
Seat 7: 939c5f0 folded before Flop (didn't bet)
Seat 1: Hero(small blind)won ($53.6)
Seat 5: c7a8d536 folded before Flop (didn't bet)



Poker Hand #ring_930391232: NLH No Limit ($2/$4) - 2025/06/11 23:04:50
Table 'MR NLH 2/4' 7-max Seat #6 is the button
Seat 4: ea020e8 ($952.58 in chips)
Seat 3: bb1dc789 ($222.48 in chips)
Seat 6: c5a98c7e ($1,282.11 in chips)
Seat 2: a6a16c12 ($883.9 in chips)
Seat 7: 939c5f0 ($623.01 in chips)
Seat 1: Hero ($400 in chips)
Seat 5: c7a8d536 ($305.73 in chips)
939c5f0: posts small blind $2
Hero: posts big blind $4
*** HOLE CARDS ***
Dealt to ea020e8 
Dealt to bb1dc789 
Dealt to c5a98c7e 
Dealt to a6a16c12 
Dealt to 939c5f0 
Dealt to Hero [Ts 6d]
Dealt to c7a8d536 
a6a16c12: folds
bb1dc789: folds
ea020e8: folds
c7a8d536: folds
c5a98c7e: folds
939c5f0: raises $8 to $12
Hero: folds
Uncalled bet ($8) returned to 939c5f0
*** SHOWDOWN ***
939c5f0 collected $8 from pot
*** SUMMARY ***
Total pot $8
Seat 4: ea020e8 folded before Flop (didn't bet)
Seat 3: bb1dc789 folded before Flop (didn't bet)
Seat 6: c5a98c7e folded before Flop (didn't bet)
Seat 2: a6a16c12 folded before Flop (didn't bet)
Seat 7: 939c5f0(small blind)won ($8)
Seat 1: Hero(big blind) folded before Flop
Seat 5: c7a8d536 folded before Flop (didn't bet)



