Poker Hand #ring_937669599: NLH No Limit ($1/$2) - 2025/06/15 19:51:19
Table 'MR NLH 1/2' 7-max Seat #1 is the button
Seat 6: f21accb1 ($375.7 in chips)
Seat 1: Hero ($311.5 in chips)
Seat 3: e6d63e02 ($495.79 in chips)
e6d63e02: posts small blind $1
f21accb1: posts big blind $2
*** HOLE CARDS ***
Dealt to f21accb1 
Dealt to Hero [8h 4d]
Dealt to e6d63e02 
Hero: folds
e6d63e02: folds
*** SHOWDOWN ***
f21accb1 collected $3 from pot
*** SUMMARY ***
Total pot $3
Seat 6: f21accb1(big blind)won ($3)
Seat 1: Hero folded before Flop (didn't bet)
Seat 3: e6d63e02(small blind) folded before Flop



Poker Hand #ring_937669298: NLH No Limit ($1/$2) - 2025/06/15 19:51:07
Table 'MR NLH 1/2' 7-max Seat #6 is the button
Seat 6: f21accb1 ($375.7 in chips)
Seat 1: Hero ($312.5 in chips)
Seat 3: e6d63e02 ($494.79 in chips)
Hero: posts small blind $1
e6d63e02: posts big blind $2
*** HOLE CARDS ***
Dealt to f21accb1 
Dealt to Hero [4h 7s]
Dealt to e6d63e02 
f21accb1: folds
Hero: folds
*** SHOWDOWN ***
e6d63e02 collected $3 from pot
*** SUMMARY ***
Total pot $3
Seat 6: f21accb1 folded before Flop (didn't bet)
Seat 1: Hero(small blind) folded before Flop
Seat 3: e6d63e02(big blind)won ($3)



Poker Hand #ring_937668939: NLH No Limit ($1/$2) - 2025/06/15 19:50:54
Table 'MR NLH 1/2' 7-max Seat #3 is the button
Seat 6: f21accb1 ($376.7 in chips)
Seat 1: Hero ($311.5 in chips)
Seat 3: e6d63e02 ($494.79 in chips)
f21accb1: posts small blind $1
Hero: posts big blind $2
*** HOLE CARDS ***
Dealt to f21accb1 
Dealt to Hero [7d 6c]
Dealt to e6d63e02 
e6d63e02: folds
f21accb1: folds
*** SHOWDOWN ***
Hero collected $3 from pot
*** SUMMARY ***
Total pot $3
Seat 6: f21accb1(small blind) folded before Flop
Seat 1: Hero(big blind)won ($3)
Seat 3: e6d63e02 folded before Flop (didn't bet)



Poker Hand #ring_937667659: NLH No Limit ($1/$2) - 2025/06/15 19:50:03
Table 'MR NLH 1/2' 7-max Seat #1 is the button
Seat 6: f21accb1 ($366.12 in chips)
Seat 1: Hero ($311.5 in chips)
Seat 3: e6d63e02 ($506.41 in chips)
e6d63e02: posts small blind $1
f21accb1: posts big blind $2
*** HOLE CARDS ***
Dealt to f21accb1 
Dealt to Hero [2d Ah]
Dealt to e6d63e02 
Hero: folds
e6d63e02: raises $5 to $7
f21accb1: calls $5
*** FLOP *** [4d 5s 2s]
e6d63e02: bets $4.62
f21accb1: raises $11.62 to $16.24
e6d63e02: folds
Uncalled bet ($11.62) returned to f21accb1
*** SHOWDOWN ***
f21accb1 collected $23.24 from pot
*** SUMMARY ***
Total pot $23.24
Board [4d 5s 2s]
Seat 6: f21accb1(big blind)won ($23.24) with Pair of Treys
Seat 1: Hero folded before Flop (didn't bet)
Seat 3: e6d63e02(small blind) folded on the Flop



Poker Hand #ring_937667085: NLH No Limit ($1/$2) - 2025/06/15 19:49:40
Table 'MR NLH 1/2' 7-max Seat #6 is the button
Seat 6: f21accb1 ($363.12 in chips)
Seat 1: Hero ($312.5 in chips)
Seat 3: e6d63e02 ($508.41 in chips)
Hero: posts small blind $1
e6d63e02: posts big blind $2
*** HOLE CARDS ***
Dealt to f21accb1 
Dealt to Hero [Ks 4d]
Dealt to e6d63e02 
f21accb1: raises $4 to $6
Hero: folds
e6d63e02: folds
Uncalled bet ($4) returned to f21accb1
*** SHOWDOWN ***
f21accb1 collected $5 from pot
*** SUMMARY ***
Total pot $5
Seat 6: f21accb1won ($5)
Seat 1: Hero(small blind) folded before Flop
Seat 3: e6d63e02(big blind) folded before Flop



Poker Hand #ring_937666782: NLH No Limit ($1/$2) - 2025/06/15 19:49:29
Table 'MR NLH 1/2' 7-max Seat #3 is the button
Seat 6: f21accb1 ($364.12 in chips)
Seat 1: Hero ($311.5 in chips)
Seat 3: e6d63e02 ($508.41 in chips)
f21accb1: posts small blind $1
Hero: posts big blind $2
*** HOLE CARDS ***
Dealt to f21accb1 
Dealt to Hero [2d 9d]
Dealt to e6d63e02 
e6d63e02: folds
f21accb1: folds
*** SHOWDOWN ***
Hero collected $3 from pot
*** SUMMARY ***
Total pot $3
Seat 6: f21accb1(small blind) folded before Flop
Seat 1: Hero(big blind)won ($3)
Seat 3: e6d63e02 folded before Flop (didn't bet)



Poker Hand #ring_937666441: NLH No Limit ($1/$2) - 2025/06/15 19:49:16
Table 'MR NLH 1/2' 7-max Seat #1 is the button
Seat 6: f21accb1 ($363.12 in chips)
Seat 1: Hero ($311.5 in chips)
Seat 3: e6d63e02 ($509.41 in chips)
e6d63e02: posts small blind $1
f21accb1: posts big blind $2
*** HOLE CARDS ***
Dealt to f21accb1 
Dealt to Hero [9h 5c]
Dealt to e6d63e02 
Hero: folds
e6d63e02: folds
*** SHOWDOWN ***
f21accb1 collected $3 from pot
*** SUMMARY ***
Total pot $3
Seat 6: f21accb1(big blind)won ($3)
Seat 1: Hero folded before Flop (didn't bet)
Seat 3: e6d63e02(small blind) folded before Flop



Poker Hand #ring_937665042: NLH No Limit ($1/$2) - 2025/06/15 19:48:19
Table 'MR NLH 1/2' 7-max Seat #6 is the button
Seat 6: f21accb1 ($382.62 in chips)
Seat 1: Hero ($317.5 in chips)
Seat 3: e6d63e02 ($485.93 in chips)
Hero: posts small blind $1
e6d63e02: posts big blind $2
*** HOLE CARDS ***
Dealt to f21accb1 
Dealt to Hero [8h Th]
Dealt to e6d63e02 
f21accb1: raises $4 to $6
Hero: calls $5
e6d63e02: calls $4
*** FLOP *** [5c 5d 4h]
Hero: checks
e6d63e02: checks
f21accb1: bets $13.5
Hero: folds
e6d63e02: calls $13.5
*** TURN *** [5c 5d 4h] [2h]
e6d63e02: checks
f21accb1: checks
*** RIVER *** [5c 5d 4h 2h] [6d]
e6d63e02: checks
f21accb1: checks
e6d63e02: shows [2c Ac]
f21accb1: shows [Ks Ah]
*** SHOWDOWN ***
e6d63e02 collected $45 from pot
*** SUMMARY ***
Total pot $45
Board [5c 5d 4h 2h 6d]
Seat 6: f21accb1 showed [Ks Ah] and lost with Pair of Fives
Seat 1: Hero(small blind) folded on the Flop
Seat 3: e6d63e02(big blind) showed [2c Ac] and won ($45) with Pair of Fives and Pair of Twos



Poker Hand #ring_937663826: NLH No Limit ($1/$2) - 2025/06/15 19:47:31
Table 'MR NLH 1/2' 7-max Seat #3 is the button
Seat 6: f21accb1 ($412.62 in chips)
Seat 1: Hero ($290.2 in chips)
Seat 3: e6d63e02 ($485.93 in chips)
f21accb1: posts small blind $1
Hero: posts big blind $2
*** HOLE CARDS ***
Dealt to f21accb1 
Dealt to Hero [3s 4d]
Dealt to e6d63e02 
e6d63e02: folds
f21accb1: raises $4 to $6
Hero: calls $4
*** FLOP *** [5c 6h 5d]
f21accb1: bets $9
Hero: calls $9
*** TURN *** [5c 6h 5d] [Js]
f21accb1: bets $15
Hero: raises $30 to $45
f21accb1: folds
Uncalled bet ($30) returned to Hero
*** SHOWDOWN ***
Hero collected $60 from pot
*** SUMMARY ***
Total pot $60
Board [5c 6h 5d Js]
Seat 6: f21accb1(small blind) folded on the Turn
Seat 1: Hero(big blind)won ($60) with Pair of Fives
Seat 3: e6d63e02 folded before Flop (didn't bet)



Poker Hand #ring_937663416: NLH No Limit ($1/$2) - 2025/06/15 19:47:15
Table 'MR NLH 1/2' 7-max Seat #1 is the button
Seat 6: f21accb1 ($414.62 in chips)
Seat 1: Hero ($287.2 in chips)
Seat 3: e6d63e02 ($486.93 in chips)
e6d63e02: posts small blind $1
f21accb1: posts big blind $2
*** HOLE CARDS ***
Dealt to f21accb1 
Dealt to Hero [5h 5s]
Dealt to e6d63e02 
Hero: raises $6 to $8
e6d63e02: folds
f21accb1: folds
Uncalled bet ($6) returned to Hero
*** SHOWDOWN ***
Hero collected $5 from pot
*** SUMMARY ***
Total pot $5
Seat 6: f21accb1(big blind) folded before Flop
Seat 1: Herowon ($5)
Seat 3: e6d63e02(small blind) folded before Flop



Poker Hand #ring_937662803: NLH No Limit ($1/$2) - 2025/06/15 19:46:51
Table 'MR NLH 1/2' 7-max Seat #6 is the button
Seat 6: f21accb1 ($414.62 in chips)
Seat 1: Hero ($285.38 in chips)
Seat 3: e6d63e02 ($488.93 in chips)
Hero: posts small blind $1
e6d63e02: posts big blind $2
*** HOLE CARDS ***
Dealt to f21accb1 
Dealt to Hero [8h Kh]
Dealt to e6d63e02 
f21accb1: folds
Hero: calls $1
e6d63e02: checks
*** FLOP *** [7d Kc 5d]
Hero: bets $2
e6d63e02: folds
Uncalled bet ($2) returned to Hero
*** SHOWDOWN ***
Hero collected $4 from pot
*** SUMMARY ***
Total pot $4
Board [7d Kc 5d]
Seat 6: f21accb1 folded before Flop (didn't bet)
Seat 1: Hero(small blind)won ($4) with Pair of Kings
Seat 3: e6d63e02(big blind) folded on the Flop



Poker Hand #ring_937661994: NLH No Limit ($1/$2) - 2025/06/15 19:46:19
Table 'MR NLH 1/2' 7-max Seat #3 is the button
Seat 6: f21accb1 ($415.62 in chips)
Seat 1: Hero ($287.38 in chips)
Seat 3: e6d63e02 ($485.93 in chips)
f21accb1: posts small blind $1
Hero: posts big blind $2
*** HOLE CARDS ***
Dealt to f21accb1 
Dealt to Hero [Qd 4c]
Dealt to e6d63e02 
e6d63e02: raises $4 to $6
f21accb1: folds
Hero: folds
Uncalled bet ($4) returned to e6d63e02
*** SHOWDOWN ***
e6d63e02 collected $5 from pot
*** SUMMARY ***
Total pot $5
Seat 6: f21accb1(small blind) folded before Flop
Seat 1: Hero(big blind) folded before Flop
Seat 3: e6d63e02won ($5)



Poker Hand #ring_937660224: NLH No Limit ($1/$2) - 2025/06/15 19:45:11
Table 'MR NLH 1/2' 7-max Seat #1 is the button
Seat 6: f21accb1 ($408.29 in chips)
Seat 1: Hero ($294.38 in chips)
Seat 3: e6d63e02 ($486.93 in chips)
e6d63e02: posts small blind $1
f21accb1: posts big blind $2
*** HOLE CARDS ***
Dealt to f21accb1 
Dealt to Hero [Kh 3h]
Dealt to e6d63e02 
Hero: calls $2
e6d63e02: folds
f21accb1: raises $5 to $7
Hero: calls $5
*** FLOP *** [Qd 6d Js]
f21accb1: bets $7.5
Hero: folds
Uncalled bet ($7.5) returned to f21accb1
*** SHOWDOWN ***
f21accb1 collected $15 from pot
*** SUMMARY ***
Total pot $15
Board [Qd 6d Js]
Seat 6: f21accb1(big blind)won ($15) with Pair of Eights
Seat 1: Hero folded on the Flop
Seat 3: e6d63e02(small blind) folded before Flop



Poker Hand #ring_937658965: NLH No Limit ($1/$2) - 2025/06/15 19:44:23
Table 'MR NLH 1/2' 7-max Seat #6 is the button
Seat 6: f21accb1 ($420.79 in chips)
Seat 1: Hero ($295.38 in chips)
Seat 3: e6d63e02 ($474.6 in chips)
Hero: posts small blind $1
e6d63e02: posts big blind $2
*** HOLE CARDS ***
Dealt to f21accb1 
Dealt to Hero [4c 3s]
Dealt to e6d63e02 
f21accb1: raises $4 to $6
Hero: folds
e6d63e02: calls $4
*** FLOP *** [4s 8h 6c]
e6d63e02: checks
f21accb1: bets $6.5
e6d63e02: calls $6.5
*** TURN *** [4s 8h 6c] [7s]
e6d63e02: checks
f21accb1: checks
*** RIVER *** [4s 8h 6c 7s] [Kd]
e6d63e02: checks
f21accb1: checks
e6d63e02: shows [Tc Kc]
f21accb1: shows [2d 4d]
*** SHOWDOWN ***
e6d63e02 collected $26 from pot
*** SUMMARY ***
Total pot $26
Board [4s 8h 6c 7s Kd]
Seat 6: f21accb1 showed [2d 4d] and lost with Pair of Fours
Seat 1: Hero(small blind) folded before Flop
Seat 3: e6d63e02(big blind) showed [Tc Kc] and won ($26) with Pair of Kings



Poker Hand #ring_937658620: NLH No Limit ($1/$2) - 2025/06/15 19:44:09
Table 'MR NLH 1/2' 7-max Seat #3 is the button
Seat 6: f21accb1 ($421.79 in chips)
Seat 1: Hero ($294.38 in chips)
Seat 3: e6d63e02 ($474.6 in chips)
f21accb1: posts small blind $1
Hero: posts big blind $2
*** HOLE CARDS ***
Dealt to f21accb1 
Dealt to Hero [Kd 7d]
Dealt to e6d63e02 
e6d63e02: folds
f21accb1: folds
*** SHOWDOWN ***
Hero collected $3 from pot
*** SUMMARY ***
Total pot $3
Seat 6: f21accb1(small blind) folded before Flop
Seat 1: Hero(big blind)won ($3)
Seat 3: e6d63e02 folded before Flop (didn't bet)



Poker Hand #ring_937657641: NLH No Limit ($1/$2) - 2025/06/15 19:43:30
Table 'MR NLH 1/2' 7-max Seat #1 is the button
Seat 6: f21accb1 ($406.5 in chips)
Seat 1: Hero ($310.13 in chips)
Seat 3: e6d63e02 ($475.6 in chips)
e6d63e02: posts small blind $1
f21accb1: posts big blind $2
*** HOLE CARDS ***
Dealt to f21accb1 
Dealt to Hero [Qd Kd]
Dealt to e6d63e02 
Hero: raises $4 to $6
e6d63e02: folds
f21accb1: calls $4
*** FLOP *** [8s Jc 8c]
f21accb1: checks
Hero: checks
*** TURN *** [8s Jc 8c] [Ac]
f21accb1: bets $9.75
Hero: calls $9.75
*** RIVER *** [8s Jc 8c Ac] [2h]
f21accb1: bets $24.37
Hero: folds
Uncalled bet ($24.37) returned to f21accb1
*** SHOWDOWN ***
f21accb1 collected $32.5 from pot
*** SUMMARY ***
Total pot $32.5
Board [8s Jc 8c Ac 2h]
Seat 6: f21accb1(big blind)won ($32.5) with Ace High Flush
Seat 1: Hero folded on the River
Seat 3: e6d63e02(small blind) folded before Flop



Poker Hand #ring_937657243: NLH No Limit ($1/$2) - 2025/06/15 19:43:13
Table 'MR NLH 1/2' 7-max Seat #6 is the button
Seat 6: f21accb1 ($403.5 in chips)
Seat 1: Hero ($311.13 in chips)
Seat 3: e6d63e02 ($477.6 in chips)
Hero: posts small blind $1
e6d63e02: posts big blind $2
*** HOLE CARDS ***
Dealt to f21accb1 
Dealt to Hero [9s 2d]
Dealt to e6d63e02 
f21accb1: raises $4 to $6
Hero: folds
e6d63e02: folds
Uncalled bet ($4) returned to f21accb1
*** SHOWDOWN ***
f21accb1 collected $5 from pot
*** SUMMARY ***
Total pot $5
Seat 6: f21accb1won ($5)
Seat 1: Hero(small blind) folded before Flop
Seat 3: e6d63e02(big blind) folded before Flop



Poker Hand #ring_937656913: NLH No Limit ($1/$2) - 2025/06/15 19:42:59
Table 'MR NLH 1/2' 7-max Seat #3 is the button
Seat 6: f21accb1 ($404.5 in chips)
Seat 1: Hero ($310.13 in chips)
Seat 3: e6d63e02 ($477.6 in chips)
f21accb1: posts small blind $1
Hero: posts big blind $2
*** HOLE CARDS ***
Dealt to f21accb1 
Dealt to Hero [Ks Ts]
Dealt to e6d63e02 
e6d63e02: folds
f21accb1: folds
*** SHOWDOWN ***
Hero collected $3 from pot
*** SUMMARY ***
Total pot $3
Seat 6: f21accb1(small blind) folded before Flop
Seat 1: Hero(big blind)won ($3)
Seat 3: e6d63e02 folded before Flop (didn't bet)



Poker Hand #ring_937656503: NLH No Limit ($1/$2) - 2025/06/15 19:42:43
Table 'MR NLH 1/2' 7-max Seat #1 is the button
Seat 6: f21accb1 ($403.5 in chips)
Seat 1: Hero ($310.13 in chips)
Seat 3: e6d63e02 ($478.6 in chips)
e6d63e02: posts small blind $1
f21accb1: posts big blind $2
*** HOLE CARDS ***
Dealt to f21accb1 
Dealt to Hero [Kh 5c]
Dealt to e6d63e02 
Hero: folds
e6d63e02: folds
*** SHOWDOWN ***
f21accb1 collected $3 from pot
*** SUMMARY ***
Total pot $3
Seat 6: f21accb1(big blind)won ($3)
Seat 1: Hero folded before Flop (didn't bet)
Seat 3: e6d63e02(small blind) folded before Flop



Poker Hand #ring_937655525: NLH No Limit ($1/$2) - 2025/06/15 19:42:02
Table 'MR NLH 1/2' 7-max Seat #6 is the button
Seat 6: f21accb1 ($430.5 in chips)
Seat 1: Hero ($283.65 in chips)
Seat 3: e6d63e02 ($480.6 in chips)
Hero: posts small blind $1
e6d63e02: posts big blind $2
*** HOLE CARDS ***
Dealt to f21accb1 
Dealt to Hero [Qc Js]
Dealt to e6d63e02 
f21accb1: raises $4 to $6
Hero: calls $5
e6d63e02: folds
*** FLOP *** [5d 8h 8d]
Hero: checks
f21accb1: bets $7
Hero: raises $14 to $21
f21accb1: calls $14
*** TURN *** [5d 8h 8d] [7d]
Hero: bets $44.8
f21accb1: folds
Uncalled bet ($44.8) returned to Hero
*** SHOWDOWN ***
Hero collected $56 from pot
*** SUMMARY ***
Total pot $56
Board [5d 8h 8d 7d]
Seat 6: f21accb1 folded on the Turn
Seat 1: Hero(small blind)won ($56) with Pair of Eights
Seat 3: e6d63e02(big blind) folded before Flop



Poker Hand #ring_937654938: NLH No Limit ($1/$2) - 2025/06/15 19:41:39
Table 'MR NLH 1/2' 7-max Seat #3 is the button
Seat 6: f21accb1 ($432.5 in chips)
Seat 1: Hero ($281.83 in chips)
Seat 3: e6d63e02 ($480.6 in chips)
f21accb1: posts small blind $1
Hero: posts big blind $2
*** HOLE CARDS ***
Dealt to f21accb1 
Dealt to Hero [Jh 4c]
Dealt to e6d63e02 
e6d63e02: folds
f21accb1: calls $1
Hero: checks
*** FLOP *** [6c Td Js]
f21accb1: checks
Hero: bets $2
f21accb1: folds
Uncalled bet ($2) returned to Hero
*** SHOWDOWN ***
Hero collected $4 from pot
*** SUMMARY ***
Total pot $4
Board [6c Td Js]
Seat 6: f21accb1(small blind) folded on the Flop
Seat 1: Hero(big blind)won ($4) with Pair of Jacks
Seat 3: e6d63e02 folded before Flop (didn't bet)



Poker Hand #ring_937654476: NLH No Limit ($1/$2) - 2025/06/15 19:41:21
Table 'MR NLH 1/2' 7-max Seat #1 is the button
Seat 6: f21accb1 ($434.5 in chips)
Seat 1: Hero ($278.83 in chips)
Seat 3: e6d63e02 ($481.6 in chips)
e6d63e02: posts small blind $1
f21accb1: posts big blind $2
*** HOLE CARDS ***
Dealt to f21accb1 
Dealt to Hero [Ah Js]
Dealt to e6d63e02 
Hero: raises $4 to $6
e6d63e02: folds
f21accb1: folds
Uncalled bet ($4) returned to Hero
*** SHOWDOWN ***
Hero collected $5 from pot
*** SUMMARY ***
Total pot $5
Seat 6: f21accb1(big blind) folded before Flop
Seat 1: Herowon ($5)
Seat 3: e6d63e02(small blind) folded before Flop



Poker Hand #ring_937654189: NLH No Limit ($1/$2) - 2025/06/15 19:41:09
Table 'MR NLH 1/2' 7-max Seat #6 is the button
Seat 6: f21accb1 ($434.5 in chips)
Seat 1: Hero ($279.83 in chips)
Seat 3: e6d63e02 ($480.6 in chips)
Hero: posts small blind $1
e6d63e02: posts big blind $2
*** HOLE CARDS ***
Dealt to f21accb1 
Dealt to Hero [7c 5h]
Dealt to e6d63e02 
f21accb1: folds
Hero: folds
*** SHOWDOWN ***
e6d63e02 collected $3 from pot
*** SUMMARY ***
Total pot $3
Seat 6: f21accb1 folded before Flop (didn't bet)
Seat 1: Hero(small blind) folded before Flop
Seat 3: e6d63e02(big blind)won ($3)



Poker Hand #ring_937653273: NLH No Limit ($1/$2) - 2025/06/15 19:40:32
Table 'MR NLH 1/2' 7-max Seat #3 is the button
Seat 6: f21accb1 ($446.5 in chips)
Seat 1: Hero ($268.91 in chips)
Seat 3: e6d63e02 ($480.6 in chips)
f21accb1: posts small blind $1
Hero: posts big blind $2
*** HOLE CARDS ***
Dealt to f21accb1 
Dealt to Hero [Th 9s]
Dealt to e6d63e02 
e6d63e02: folds
f21accb1: raises $4 to $6
Hero: calls $4
*** FLOP *** [Kd 3c 9h]
f21accb1: checks
Hero: checks
*** TURN *** [Kd 3c 9h] [4c]
f21accb1: bets $6
Hero: calls $6
*** RIVER *** [Kd 3c 9h 4c] [6h]
f21accb1: checks
Hero: checks
Hero: shows [Th 9s]
f21accb1: shows [Qc 8c]
*** SHOWDOWN ***
Hero collected $24 from pot
*** SUMMARY ***
Total pot $24
Board [Kd 3c 9h 4c 6h]
Seat 6: f21accb1(small blind) showed [Qc 8c] and lost with King-High
Seat 1: Hero(big blind) showed [Th 9s] and won ($24) with Pair of Nines
Seat 3: e6d63e02 folded before Flop (didn't bet)



Poker Hand #ring_937652076: NLH No Limit ($1/$2) - 2025/06/15 19:39:43
Table 'MR NLH 1/2' 7-max Seat #1 is the button
Seat 6: f21accb1 ($440.13 in chips)
Seat 1: Hero ($268.91 in chips)
Seat 3: e6d63e02 ($487.6 in chips)
e6d63e02: posts small blind $1
f21accb1: posts big blind $2
*** HOLE CARDS ***
Dealt to f21accb1 
Dealt to Hero [7s 3d]
Dealt to e6d63e02 
Hero: folds
e6d63e02: raises $5 to $7
f21accb1: calls $5
*** FLOP *** [5s 3h Th]
e6d63e02: checks
f21accb1: checks
*** TURN *** [5s 3h Th] [7h]
e6d63e02: checks
f21accb1: checks
*** RIVER *** [5s 3h Th 7h] [Jc]
e6d63e02: checks
f21accb1: bets $7
e6d63e02: folds
Uncalled bet ($7) returned to f21accb1
*** SHOWDOWN ***
f21accb1 collected $14 from pot
*** SUMMARY ***
Total pot $14
Board [5s 3h Th 7h Jc]
Seat 6: f21accb1(big blind)won ($14) with Pair of Jacks
Seat 1: Hero folded before Flop (didn't bet)
Seat 3: e6d63e02(small blind) folded on the River



Poker Hand #ring_937651103: NLH No Limit ($1/$2) - 2025/06/15 19:39:05
Table 'MR NLH 1/2' 7-max Seat #6 is the button
Seat 6: f21accb1 ($440.13 in chips)
Seat 1: Hero ($265.27 in chips)
Seat 3: e6d63e02 ($491.6 in chips)
Hero: posts small blind $1
e6d63e02: posts big blind $2
*** HOLE CARDS ***
Dealt to f21accb1 
Dealt to Hero [5h 3h]
Dealt to e6d63e02 
f21accb1: folds
Hero: calls $1
e6d63e02: checks
*** FLOP *** [Ad 6s 7d]
Hero: bets $2
e6d63e02: calls $2
*** TURN *** [Ad 6s 7d] [Jh]
Hero: bets $2
e6d63e02: folds
Uncalled bet ($2) returned to Hero
*** SHOWDOWN ***
Hero collected $8 from pot
*** SUMMARY ***
Total pot $8
Board [Ad 6s 7d Jh]
Seat 6: f21accb1 folded before Flop (didn't bet)
Seat 1: Hero(small blind)won ($8) with Ace-High
Seat 3: e6d63e02(big blind) folded on the Turn



Poker Hand #ring_937650770: NLH No Limit ($1/$2) - 2025/06/15 19:38:51
Table 'MR NLH 1/2' 7-max Seat #3 is the button
Seat 6: f21accb1 ($441.13 in chips)
Seat 1: Hero ($264.27 in chips)
Seat 3: e6d63e02 ($491.6 in chips)
f21accb1: posts small blind $1
Hero: posts big blind $2
*** HOLE CARDS ***
Dealt to f21accb1 
Dealt to Hero [2c 8d]
Dealt to e6d63e02 
e6d63e02: folds
f21accb1: folds
*** SHOWDOWN ***
Hero collected $3 from pot
*** SUMMARY ***
Total pot $3
Seat 6: f21accb1(small blind) folded before Flop
Seat 1: Hero(big blind)won ($3)
Seat 3: e6d63e02 folded before Flop (didn't bet)



Poker Hand #ring_937650180: NLH No Limit ($1/$2) - 2025/06/15 19:38:27
Table 'MR NLH 1/2' 7-max Seat #1 is the button
Seat 6: f21accb1 ($443.13 in chips)
Seat 1: Hero ($261.27 in chips)
Seat 3: e6d63e02 ($492.6 in chips)
e6d63e02: posts small blind $1
f21accb1: posts big blind $2
*** HOLE CARDS ***
Dealt to f21accb1 
Dealt to Hero [9d 9s]
Dealt to e6d63e02 
Hero: raises $4 to $6
e6d63e02: folds
f21accb1: folds
Uncalled bet ($4) returned to Hero
*** SHOWDOWN ***
Hero collected $5 from pot
*** SUMMARY ***
Total pot $5
Seat 6: f21accb1(big blind) folded before Flop
Seat 1: Herowon ($5)
Seat 3: e6d63e02(small blind) folded before Flop



Poker Hand #ring_937648973: NLH No Limit ($1/$2) - 2025/06/15 19:37:39
Table 'MR NLH 1/2' 7-max Seat #6 is the button
Seat 6: f21accb1 ($458.88 in chips)
Seat 1: Hero ($262.27 in chips)
Seat 3: e6d63e02 ($477.31 in chips)
Hero: posts small blind $1
e6d63e02: posts big blind $2
*** HOLE CARDS ***
Dealt to f21accb1 
Dealt to Hero [6d 4c]
Dealt to e6d63e02 
f21accb1: raises $4 to $6
Hero: folds
e6d63e02: calls $4
*** FLOP *** [3d As Td]
e6d63e02: checks
f21accb1: checks
*** TURN *** [3d As Td] [5h]
e6d63e02: checks
f21accb1: bets $9.75
e6d63e02: calls $9.75
*** RIVER *** [3d As Td 5h] [Js]
e6d63e02: checks
f21accb1: checks
e6d63e02: shows [5s 8s]
f21accb1: shows [7h 9h]
*** SHOWDOWN ***
e6d63e02 collected $32.5 from pot
*** SUMMARY ***
Total pot $32.5
Board [3d As Td 5h Js]
Seat 6: f21accb1 showed [7h 9h] and lost with Ace-High
Seat 1: Hero(small blind) folded before Flop
Seat 3: e6d63e02(big blind) showed [5s 8s] and won ($32.5) with Pair of Fives



Poker Hand #ring_937648638: NLH No Limit ($1/$2) - 2025/06/15 19:37:25
Table 'MR NLH 1/2' 7-max Seat #3 is the button
Seat 6: f21accb1 ($459.88 in chips)
Seat 1: Hero ($261.27 in chips)
Seat 3: e6d63e02 ($477.31 in chips)
f21accb1: posts small blind $1
Hero: posts big blind $2
*** HOLE CARDS ***
Dealt to f21accb1 
Dealt to Hero [Qh Ah]
Dealt to e6d63e02 
e6d63e02: folds
f21accb1: folds
*** SHOWDOWN ***
Hero collected $3 from pot
*** SUMMARY ***
Total pot $3
Seat 6: f21accb1(small blind) folded before Flop
Seat 1: Hero(big blind)won ($3)
Seat 3: e6d63e02 folded before Flop (didn't bet)



Poker Hand #ring_937648282: NLH No Limit ($1/$2) - 2025/06/15 19:37:11
Table 'MR NLH 1/2' 7-max Seat #1 is the button
Seat 6: f21accb1 ($458.88 in chips)
Seat 1: Hero ($261.27 in chips)
Seat 3: e6d63e02 ($478.31 in chips)
e6d63e02: posts small blind $1
f21accb1: posts big blind $2
*** HOLE CARDS ***
Dealt to f21accb1 
Dealt to Hero [2c Ah]
Dealt to e6d63e02 
Hero: folds
e6d63e02: folds
*** SHOWDOWN ***
f21accb1 collected $3 from pot
*** SUMMARY ***
Total pot $3
Seat 6: f21accb1(big blind)won ($3)
Seat 1: Hero folded before Flop (didn't bet)
Seat 3: e6d63e02(small blind) folded before Flop



Poker Hand #ring_937647765: NLH No Limit ($1/$2) - 2025/06/15 19:36:50
Table 'MR NLH 1/2' 7-max Seat #6 is the button
Seat 6: f21accb1 ($458.88 in chips)
Seat 1: Hero ($262.27 in chips)
Seat 3: e6d63e02 ($477.31 in chips)
Hero: posts small blind $1
e6d63e02: posts big blind $2
*** HOLE CARDS ***
Dealt to f21accb1 
Dealt to Hero [2d 3h]
Dealt to e6d63e02 
f21accb1: folds
Hero: folds
*** SHOWDOWN ***
e6d63e02 collected $3 from pot
*** SUMMARY ***
Total pot $3
Seat 6: f21accb1 folded before Flop (didn't bet)
Seat 1: Hero(small blind) folded before Flop
Seat 3: e6d63e02(big blind)won ($3)



Poker Hand #ring_937646948: NLH No Limit ($1/$2) - 2025/06/15 19:36:16
Table 'MR NLH 1/2' 7-max Seat #3 is the button
Seat 6: f21accb1 ($450.88 in chips)
Seat 1: Hero ($264.27 in chips)
Seat 3: e6d63e02 ($483.31 in chips)
f21accb1: posts small blind $1
Hero: posts big blind $2
*** HOLE CARDS ***
Dealt to f21accb1 
Dealt to Hero [4d 2h]
Dealt to e6d63e02 
e6d63e02: raises $4 to $6
f21accb1: raises $10.5 to $16.5
Hero: folds
e6d63e02: folds
Uncalled bet ($10.5) returned to f21accb1
*** SHOWDOWN ***
f21accb1 collected $14 from pot
*** SUMMARY ***
Total pot $14
Seat 6: f21accb1(small blind)won ($14)
Seat 1: Hero(big blind) folded before Flop
Seat 3: e6d63e02 folded before Flop



Poker Hand #ring_937646571: NLH No Limit ($1/$2) - 2025/06/15 19:36:02
Table 'MR NLH 1/2' 7-max Seat #1 is the button
Seat 6: f21accb1 ($449.88 in chips)
Seat 1: Hero ($264.27 in chips)
Seat 3: e6d63e02 ($484.31 in chips)
e6d63e02: posts small blind $1
f21accb1: posts big blind $2
*** HOLE CARDS ***
Dealt to f21accb1 
Dealt to Hero [6h Qs]
Dealt to e6d63e02 
Hero: folds
e6d63e02: folds
*** SHOWDOWN ***
f21accb1 collected $3 from pot
*** SUMMARY ***
Total pot $3
Seat 6: f21accb1(big blind)won ($3)
Seat 1: Hero folded before Flop (didn't bet)
Seat 3: e6d63e02(small blind) folded before Flop



Poker Hand #ring_937644495: NLH No Limit ($1/$2) - 2025/06/15 19:34:38
Table 'MR NLH 1/2' 7-max Seat #6 is the button
Seat 5: a6f4fa0d ($89.24 in chips)
Seat 6: f21accb1 ($465.38 in chips)
Seat 1: Hero ($265.27 in chips)
Seat 3: e6d63e02 ($387.84 in chips)
Hero: posts small blind $1
e6d63e02: posts big blind $2
*** HOLE CARDS ***
Dealt to a6f4fa0d 
Dealt to f21accb1 
Dealt to Hero [Jc 4d]
Dealt to e6d63e02 
a6f4fa0d: raises $4 to $6
f21accb1: calls $6
Hero: folds
e6d63e02: calls $4
*** FLOP *** [9s 4s Kh]
e6d63e02: checks
a6f4fa0d: checks
f21accb1: checks
*** TURN *** [9s 4s Kh] [Kd]
e6d63e02: checks
a6f4fa0d: bets $9.5
f21accb1: calls $9.5
e6d63e02: raises $42.5 to $52
a6f4fa0d: calls $42.5
f21accb1: folds
*** RIVER *** [9s 4s Kh Kd] [Ts]
e6d63e02: bets $160
a6f4fa0d: calls $31.24 and is all-in
Uncalled bet ($128.76) returned to e6d63e02
e6d63e02: shows [Td Kc]
a6f4fa0d: shows [Qh Qs]
*** SHOWDOWN ***
e6d63e02 collected $194.98 from pot
*** SUMMARY ***
Total pot $194.98
Board [9s 4s Kh Kd Ts]
Seat 5: a6f4fa0d showed [Qh Qs] and lost with Pair of Kings and Pair of Queens
Seat 6: f21accb1 folded on the Turn
Seat 1: Hero(small blind) folded before Flop
Seat 3: e6d63e02(big blind) showed [Td Kc] and won ($194.98) with Kings Full over Tens



Poker Hand #ring_937644111: NLH No Limit ($1/$2) - 2025/06/15 19:34:21
Table 'MR NLH 1/2' 7-max Seat #5 is the button
Seat 5: a6f4fa0d ($86.24 in chips)
Seat 6: f21accb1 ($466.38 in chips)
Seat 1: Hero ($267.27 in chips)
Seat 3: e6d63e02 ($387.84 in chips)
f21accb1: posts small blind $1
Hero: posts big blind $2
*** HOLE CARDS ***
Dealt to a6f4fa0d 
Dealt to f21accb1 
Dealt to Hero [Qd Js]
Dealt to e6d63e02 
e6d63e02: folds
a6f4fa0d: raises $4 to $6
f21accb1: folds
Hero: folds
Uncalled bet ($4) returned to a6f4fa0d
*** SHOWDOWN ***
a6f4fa0d collected $5 from pot
*** SUMMARY ***
Total pot $5
Seat 5: a6f4fa0dwon ($5)
Seat 6: f21accb1(small blind) folded before Flop
Seat 1: Hero(big blind) folded before Flop
Seat 3: e6d63e02 folded before Flop (didn't bet)



Poker Hand #ring_937643308: NLH No Limit ($1/$2) - 2025/06/15 19:33:50
Table 'MR NLH 1/2' 7-max Seat #3 is the button
Seat 5: a6f4fa0d ($84.24 in chips)
Seat 6: f21accb1 ($468.38 in chips)
Seat 1: Hero ($267.27 in chips)
Seat 3: e6d63e02 ($387.84 in chips)
a6f4fa0d: posts small blind $1
f21accb1: posts big blind $2
*** HOLE CARDS ***
Dealt to a6f4fa0d 
Dealt to f21accb1 
Dealt to Hero [5h Js]
Dealt to e6d63e02 
Hero: folds
e6d63e02: folds
a6f4fa0d: raises $6 to $8
f21accb1: folds
Uncalled bet ($6) returned to a6f4fa0d
*** SHOWDOWN ***
a6f4fa0d collected $4 from pot
*** SUMMARY ***
Total pot $4
Seat 5: a6f4fa0d(small blind)won ($4)
Seat 6: f21accb1(big blind) folded before Flop
Seat 1: Hero folded before Flop (didn't bet)
Seat 3: e6d63e02 folded before Flop (didn't bet)



Poker Hand #ring_937642612: NLH No Limit ($1/$2) - 2025/06/15 19:33:21
Table 'MR NLH 1/2' 7-max Seat #1 is the button
Seat 5: a6f4fa0d ($86.24 in chips)
Seat 6: f21accb1 ($468.38 in chips)
Seat 1: Hero ($264.27 in chips)
Seat 3: e6d63e02 ($388.84 in chips)
e6d63e02: posts small blind $1
a6f4fa0d: posts big blind $2
*** HOLE CARDS ***
Dealt to a6f4fa0d 
Dealt to f21accb1 
Dealt to Hero [7c 6s]
Dealt to e6d63e02 
f21accb1: folds
Hero: raises $4 to $6
e6d63e02: folds
a6f4fa0d: folds
Uncalled bet ($4) returned to Hero
*** SHOWDOWN ***
Hero collected $5 from pot
*** SUMMARY ***
Total pot $5
Seat 5: a6f4fa0d(big blind) folded before Flop
Seat 6: f21accb1 folded before Flop (didn't bet)
Seat 1: Herowon ($5)
Seat 3: e6d63e02(small blind) folded before Flop



Poker Hand #ring_937642229: NLH No Limit ($1/$2) - 2025/06/15 19:33:05
Table 'MR NLH 1/2' 7-max Seat #6 is the button
Seat 5: a6f4fa0d ($86.24 in chips)
Seat 6: f21accb1 ($468.38 in chips)
Seat 1: Hero ($265.27 in chips)
Seat 3: e6d63e02 ($387.84 in chips)
Hero: posts small blind $1
e6d63e02: posts big blind $2
*** HOLE CARDS ***
Dealt to a6f4fa0d 
Dealt to f21accb1 
Dealt to Hero [Tc 7d]
Dealt to e6d63e02 
a6f4fa0d: folds
f21accb1: folds
Hero: folds
*** SHOWDOWN ***
e6d63e02 collected $3 from pot
*** SUMMARY ***
Total pot $3
Seat 5: a6f4fa0d folded before Flop (didn't bet)
Seat 6: f21accb1 folded before Flop (didn't bet)
Seat 1: Hero(small blind) folded before Flop
Seat 3: e6d63e02(big blind)won ($3)



Poker Hand #ring_937640897: NLH No Limit ($1/$2) - 2025/06/15 19:32:13
Table 'MR NLH 1/2' 7-max Seat #5 is the button
Seat 5: a6f4fa0d ($86.24 in chips)
Seat 6: f21accb1 ($447.04 in chips)
Seat 1: Hero ($289.27 in chips)
Seat 3: e6d63e02 ($387.84 in chips)
f21accb1: posts small blind $1
Hero: posts big blind $2
*** HOLE CARDS ***
Dealt to a6f4fa0d 
Dealt to f21accb1 
Dealt to Hero [Td Jc]
Dealt to e6d63e02 
e6d63e02: folds
a6f4fa0d: folds
f21accb1: raises $4 to $6
Hero: calls $4
*** FLOP *** [5c 9c Js]
f21accb1: bets $6
Hero: calls $6
*** TURN *** [5c 9c Js] [Ac]
f21accb1: bets $12
Hero: calls $12
*** RIVER *** [5c 9c Js Ac] [Kd]
f21accb1: bets $24
Hero: folds
Uncalled bet ($24) returned to f21accb1
*** SHOWDOWN ***
f21accb1 collected $48 from pot
*** SUMMARY ***
Total pot $48
Board [5c 9c Js Ac Kd]
Seat 5: a6f4fa0d folded before Flop (didn't bet)
Seat 6: f21accb1(small blind)won ($48) with Three Aces
Seat 1: Hero(big blind) folded on the River
Seat 3: e6d63e02 folded before Flop (didn't bet)



Poker Hand #ring_937639983: NLH No Limit ($1/$2) - 2025/06/15 19:31:37
Table 'MR NLH 1/2' 7-max Seat #3 is the button
Seat 5: a6f4fa0d ($87.24 in chips)
Seat 7: b1684f2d ($596.04 in chips)
Seat 6: f21accb1 ($429.29 in chips)
Seat 1: Hero ($289.27 in chips)
Seat 3: e6d63e02 ($406.84 in chips)
a6f4fa0d: posts small blind $1
f21accb1: posts big blind $2
*** HOLE CARDS ***
Dealt to a6f4fa0d 
Dealt to b1684f2d 
Dealt to f21accb1 
Dealt to Hero [2d 4s]
Dealt to e6d63e02 
b1684f2d: folds
Hero: folds
e6d63e02: raises $4 to $6
a6f4fa0d: folds
f21accb1: raises $13 to $19
e6d63e02: calls $13
*** FLOP *** [7s 4d 2c]
f21accb1: bets $12.87
e6d63e02: folds
Uncalled bet ($12.87) returned to f21accb1
*** SHOWDOWN ***
f21accb1 collected $39 from pot
*** SUMMARY ***
Total pot $39
Board [7s 4d 2c]
Seat 5: a6f4fa0d(small blind) folded before Flop
Seat 7: b1684f2d folded before Flop (didn't bet)
Seat 6: f21accb1(big blind)won ($39) with Ace-High
Seat 1: Hero folded before Flop (didn't bet)
Seat 3: e6d63e02 folded on the Flop



Poker Hand #ring_937638826: NLH No Limit ($1/$2) - 2025/06/15 19:30:49
Table 'MR NLH 1/2' 7-max Seat #1 is the button
Seat 5: a6f4fa0d ($99.51 in chips)
Seat 7: b1684f2d ($596.04 in chips)
Seat 6: f21accb1 ($405.95 in chips)
Seat 1: Hero ($301.54 in chips)
Seat 3: e6d63e02 ($407.84 in chips)
e6d63e02: posts small blind $1
a6f4fa0d: posts big blind $2
*** HOLE CARDS ***
Dealt to a6f4fa0d 
Dealt to b1684f2d 
Dealt to f21accb1 
Dealt to Hero [4d 3d]
Dealt to e6d63e02 
f21accb1: raises $4 to $6
b1684f2d: folds
Hero: calls $6
e6d63e02: folds
a6f4fa0d: calls $4
*** FLOP *** [6d 4c Kh]
a6f4fa0d: checks
f21accb1: bets $6.27
Hero: calls $6.27
a6f4fa0d: calls $6.27
*** TURN *** [6d 4c Kh] [Td]
a6f4fa0d: checks
f21accb1: checks
Hero: checks
*** RIVER *** [6d 4c Kh Td] [Js]
a6f4fa0d: checks
f21accb1: bets $28.35
Hero: folds
a6f4fa0d: folds
Uncalled bet ($28.35) returned to f21accb1
*** SHOWDOWN ***
f21accb1 collected $37.81 from pot
*** SUMMARY ***
Total pot $37.81
Board [6d 4c Kh Td Js]
Seat 5: a6f4fa0d(big blind) folded on the River
Seat 7: b1684f2d folded before Flop (didn't bet)
Seat 6: f21accb1won ($37.81) with Three Jacks
Seat 1: Hero folded on the River
Seat 3: e6d63e02(small blind) folded before Flop



Poker Hand #ring_937636846: NLH No Limit ($1/$2) - 2025/06/15 19:29:29
Table 'MR NLH 1/2' 7-max Seat #7 is the button
Seat 5: a6f4fa0d ($99.51 in chips)
Seat 7: b1684f2d ($596.04 in chips)
Seat 6: f21accb1 ($411.95 in chips)
Seat 4: 269e3089 ($112.57 in chips)
Seat 1: Hero ($214.22 in chips)
Seat 3: e6d63e02 ($409.84 in chips)
Hero: posts small blind $1
e6d63e02: posts big blind $2
*** HOLE CARDS ***
Dealt to a6f4fa0d 
Dealt to b1684f2d 
Dealt to f21accb1 
Dealt to 269e3089 
Dealt to Hero [2c 2s]
Dealt to e6d63e02 
269e3089: calls $2
a6f4fa0d: folds
f21accb1: raises $4 to $6
b1684f2d: folds
Hero: calls $5
e6d63e02: folds
269e3089: calls $4
*** FLOP *** [9s 2d 8h]
Hero: checks
269e3089: bets $8
f21accb1: folds
Hero: raises $18 to $26
269e3089: raises $72 to $98
Hero: raises $110 to $208
269e3089: calls $8.57 and is all-in
Uncalled bet ($101.43) returned to Hero
Hero: shows [2c 2s] (Three Twos)
269e3089: shows [8s 9c] (Pair of Nines and Pair of Eights)
*** TURN *** [9s 2d 8h] [4h]
Hero: Chooses to EV Cashout
Pays Cashout Risk: $20.23
*** RIVER *** [9s 2d 8h 4h] [5c]
Hero: EV Cashout ($199.89)
*** SHOWDOWN ***
Hero collected $233.14 from pot
*** SUMMARY ***
Total pot $233.14
Board [9s 2d 8h 4h 5c]
Seat 5: a6f4fa0d folded before Flop (didn't bet)
Seat 7: b1684f2d folded before Flop (didn't bet)
Seat 6: f21accb1 folded on the Flop
Seat 4: 269e3089 showed [8s 9c] and lost with Pair of Nines and Pair of Eights
Seat 1: Hero(small blind) showed [2c 2s] and won ($233.14) with Three Twos
Seat 3: e6d63e02(big blind) folded before Flop



Poker Hand #ring_937634525: NLH No Limit ($1/$2) - 2025/06/15 19:27:55
Table 'MR NLH 1/2' 7-max Seat #6 is the button
Seat 5: a6f4fa0d ($99.51 in chips)
Seat 7: b1684f2d ($602.04 in chips)
Seat 6: f21accb1 ($411.95 in chips)
Seat 4: 269e3089 ($112.57 in chips)
Seat 1: Hero ($233.72 in chips)
Seat 3: e6d63e02 ($386.86 in chips)
b1684f2d: posts small blind $1
Hero: posts big blind $2
*** HOLE CARDS ***
Dealt to a6f4fa0d 
Dealt to b1684f2d 
Dealt to f21accb1 
Dealt to 269e3089 
Dealt to Hero [5h 6s]
Dealt to e6d63e02 
e6d63e02: raises $4 to $6
269e3089: folds
a6f4fa0d: folds
f21accb1: folds
b1684f2d: calls $5
Hero: calls $4
*** FLOP *** [9h 7c Ah]
b1684f2d: checks
Hero: checks
e6d63e02: bets $13.5
b1684f2d: folds
Hero: calls $13.5
*** TURN *** [9h 7c Ah] [6c]
Hero: checks
e6d63e02: bets $60
Hero: folds
Uncalled bet ($60) returned to e6d63e02
*** SHOWDOWN ***
e6d63e02 collected $45 from pot
*** SUMMARY ***
Total pot $45
Board [9h 7c Ah 6c]
Seat 5: a6f4fa0d folded before Flop (didn't bet)
Seat 7: b1684f2d(small blind) folded on the Flop
Seat 6: f21accb1 folded before Flop (didn't bet)
Seat 4: 269e3089 folded before Flop (didn't bet)
Seat 1: Hero(big blind) folded on the Turn
Seat 3: e6d63e02won ($45) with Pair of Twos



Poker Hand #ring_937633996: NLH No Limit ($1/$2) - 2025/06/15 19:27:33
Table 'MR NLH 1/2' 7-max Seat #5 is the button
Seat 5: a6f4fa0d ($99.51 in chips)
Seat 7: b1684f2d ($604.04 in chips)
Seat 6: f21accb1 ($412.95 in chips)
Seat 4: 269e3089 ($109.57 in chips)
Seat 1: Hero ($233.72 in chips)
Seat 3: e6d63e02 ($386.86 in chips)
f21accb1: posts small blind $1
b1684f2d: posts big blind $2
*** HOLE CARDS ***
Dealt to a6f4fa0d 
Dealt to b1684f2d 
Dealt to f21accb1 
Dealt to 269e3089 
Dealt to Hero [Js Qc]
Dealt to e6d63e02 
Hero: folds
e6d63e02: folds
269e3089: raises $4 to $6
a6f4fa0d: folds
f21accb1: folds
b1684f2d: folds
Uncalled bet ($4) returned to 269e3089
*** SHOWDOWN ***
269e3089 collected $5 from pot
*** SUMMARY ***
Total pot $5
Seat 5: a6f4fa0d folded before Flop (didn't bet)
Seat 7: b1684f2d(big blind) folded before Flop
Seat 6: f21accb1(small blind) folded before Flop
Seat 4: 269e3089won ($5)
Seat 1: Hero folded before Flop (didn't bet)
Seat 3: e6d63e02 folded before Flop (didn't bet)



Poker Hand #ring_937633116: NLH No Limit ($1/$2) - 2025/06/15 19:26:57
Table 'MR NLH 1/2' 7-max Seat #4 is the button
Seat 5: a6f4fa0d ($100.51 in chips)
Seat 7: b1684f2d ($604.04 in chips)
Seat 6: f21accb1 ($439.45 in chips)
Seat 4: 269e3089 ($85 in chips)
Seat 1: Hero ($233.72 in chips)
Seat 3: e6d63e02 ($386.86 in chips)
a6f4fa0d: posts small blind $1
f21accb1: posts big blind $2
*** HOLE CARDS ***
Dealt to a6f4fa0d 
Dealt to b1684f2d 
Dealt to f21accb1 
Dealt to 269e3089 
Dealt to Hero [6h 7d]
Dealt to e6d63e02 
b1684f2d: folds
Hero: folds
e6d63e02: folds
269e3089: raises $2 to $4
a6f4fa0d: folds
f21accb1: calls $2
*** FLOP *** [Qd 7c Ad]
f21accb1: checks
269e3089: checks
*** TURN *** [Qd 7c Ad] [Jd]
f21accb1: bets $4.5
269e3089: raises $18 to $22.5
f21accb1: calls $18
*** RIVER *** [Qd 7c Ad Jd] [7h]
f21accb1: checks
269e3089: bets $27
f21accb1: folds
Uncalled bet ($27) returned to 269e3089
*** SHOWDOWN ***
269e3089 collected $54 from pot
*** SUMMARY ***
Total pot $54
Board [Qd 7c Ad Jd 7h]
Seat 5: a6f4fa0d(small blind) folded before Flop
Seat 7: b1684f2d folded before Flop (didn't bet)
Seat 6: f21accb1(big blind) folded on the River
Seat 4: 269e3089won ($54) with Aces-High Straight
Seat 1: Hero folded before Flop (didn't bet)
Seat 3: e6d63e02 folded before Flop (didn't bet)



Poker Hand #ring_937632454: NLH No Limit ($1/$2) - 2025/06/15 19:26:31
Table 'MR NLH 1/2' 7-max Seat #3 is the button
Seat 5: a6f4fa0d ($93.51 in chips)
Seat 7: b1684f2d ($604.04 in chips)
Seat 6: f21accb1 ($445.45 in chips)
Seat 4: 269e3089 ($86 in chips)
Seat 1: Hero ($233.72 in chips)
Seat 3: e6d63e02 ($386.86 in chips)
269e3089: posts small blind $1
a6f4fa0d: posts big blind $2
*** HOLE CARDS ***
Dealt to a6f4fa0d 
Dealt to b1684f2d 
Dealt to f21accb1 
Dealt to 269e3089 
Dealt to Hero [4s Ks]
Dealt to e6d63e02 
f21accb1: raises $4 to $6
b1684f2d: folds
Hero: folds
e6d63e02: folds
269e3089: folds
a6f4fa0d: raises $13 to $19
f21accb1: folds
Uncalled bet ($13) returned to a6f4fa0d
*** SHOWDOWN ***
a6f4fa0d collected $13 from pot
*** SUMMARY ***
Total pot $13
Seat 5: a6f4fa0d(big blind)won ($13)
Seat 7: b1684f2d folded before Flop (didn't bet)
Seat 6: f21accb1 folded before Flop
Seat 4: 269e3089(small blind) folded before Flop
Seat 1: Hero folded before Flop (didn't bet)
Seat 3: e6d63e02 folded before Flop (didn't bet)



Poker Hand #ring_937631928: NLH No Limit ($1/$2) - 2025/06/15 19:26:09
Table 'MR NLH 1/2' 7-max Seat #1 is the button
Seat 5: a6f4fa0d ($93.51 in chips)
Seat 7: b1684f2d ($604.04 in chips)
Seat 6: f21accb1 ($445.45 in chips)
Seat 4: 269e3089 ($88 in chips)
Seat 1: Hero ($230.72 in chips)
Seat 3: e6d63e02 ($387.86 in chips)
e6d63e02: posts small blind $1
269e3089: posts big blind $2
*** HOLE CARDS ***
Dealt to a6f4fa0d 
Dealt to b1684f2d 
Dealt to f21accb1 
Dealt to 269e3089 
Dealt to Hero [Jc Tc]
Dealt to e6d63e02 
a6f4fa0d: folds
f21accb1: folds
b1684f2d: folds
Hero: raises $4 to $6
e6d63e02: folds
269e3089: folds
Uncalled bet ($4) returned to Hero
*** SHOWDOWN ***
Hero collected $5 from pot
*** SUMMARY ***
Total pot $5
Seat 5: a6f4fa0d folded before Flop (didn't bet)
Seat 7: b1684f2d folded before Flop (didn't bet)
Seat 6: f21accb1 folded before Flop (didn't bet)
Seat 4: 269e3089(big blind) folded before Flop
Seat 1: Herowon ($5)
Seat 3: e6d63e02(small blind) folded before Flop



Poker Hand #ring_937631470: NLH No Limit ($1/$2) - 2025/06/15 19:25:51
Table 'MR NLH 1/2' 7-max Seat #7 is the button
Seat 5: a6f4fa0d ($93.51 in chips)
Seat 7: b1684f2d ($604.04 in chips)
Seat 6: f21accb1 ($445.45 in chips)
Seat 4: 269e3089 ($88 in chips)
Seat 1: Hero ($231.72 in chips)
Seat 3: e6d63e02 ($386.86 in chips)
Hero: posts small blind $1
e6d63e02: posts big blind $2
*** HOLE CARDS ***
Dealt to a6f4fa0d 
Dealt to b1684f2d 
Dealt to f21accb1 
Dealt to 269e3089 
Dealt to Hero [5c Jh]
Dealt to e6d63e02 
269e3089: folds
a6f4fa0d: folds
f21accb1: folds
b1684f2d: folds
Hero: folds
*** SHOWDOWN ***
e6d63e02 collected $3 from pot
*** SUMMARY ***
Total pot $3
Seat 5: a6f4fa0d folded before Flop (didn't bet)
Seat 7: b1684f2d folded before Flop (didn't bet)
Seat 6: f21accb1 folded before Flop (didn't bet)
Seat 4: 269e3089 folded before Flop (didn't bet)
Seat 1: Hero(small blind) folded before Flop
Seat 3: e6d63e02(big blind)won ($3)



Poker Hand #ring_937629162: NLH No Limit ($1/$2) - 2025/06/15 19:24:18
Table 'MR NLH 1/2' 7-max Seat #6 is the button
Seat 5: a6f4fa0d ($93.51 in chips)
Seat 7: b1684f2d ($652.04 in chips)
Seat 6: f21accb1 ($425.37 in chips)
Seat 4: 269e3089 ($100 in chips)
Seat 1: Hero ($211.64 in chips)
Seat 3: e6d63e02 ($386.86 in chips)
b1684f2d: posts small blind $1
Hero: posts big blind $2
269e3089: posts big blind $2
*** HOLE CARDS ***
Dealt to a6f4fa0d 
Dealt to b1684f2d 
Dealt to f21accb1 
Dealt to 269e3089 
Dealt to Hero [7h 5s]
Dealt to e6d63e02 
e6d63e02: folds
269e3089: raises $2 to $4
a6f4fa0d: folds
f21accb1: calls $4
b1684f2d: calls $3
Hero: calls $2
*** FLOP *** [2d 4s Ac]
b1684f2d: checks
Hero: checks
269e3089: bets $8
f21accb1: calls $8
b1684f2d: calls $8
Hero: calls $8
*** TURN *** [2d 4s Ac] [3h]
b1684f2d: bets $36
Hero: calls $36
269e3089: folds
f21accb1: raises $51.48 to $87.48
b1684f2d: folds
Hero: calls $51.48
*** RIVER *** [2d 4s Ac 3h] [7s]
Hero: checks
f21accb1: bets $85.45
Hero: calls $85.45
Hero: shows [7h 5s]
f21accb1: shows [5h 4h]
*** SHOWDOWN ***
Hero collected $214.93 from pot
f21accb1 collected $214.93 from pot
*** SUMMARY ***
Total pot $429.86
Board [2d 4s Ac 3h 7s]
Seat 5: a6f4fa0d folded before Flop (didn't bet)
Seat 7: b1684f2d(small blind) folded on the Turn
Seat 6: f21accb1 showed [5h 4h] and won ($214.93) with Fives-High Straight
Seat 4: 269e3089 folded on the Turn
Seat 1: Hero(big blind) showed [7h 5s] and won ($214.93) with Fives-High Straight
Seat 3: e6d63e02 folded before Flop (didn't bet)



Poker Hand #ring_937628416: NLH No Limit ($1/$2) - 2025/06/15 19:23:47
Table 'MR NLH 1/2' 7-max Seat #5 is the button
Seat 5: a6f4fa0d ($93.51 in chips)
Seat 7: b1684f2d ($654.04 in chips)
Seat 6: f21accb1 ($426.37 in chips)
Seat 1: Hero ($218.64 in chips)
Seat 3: e6d63e02 ($377.58 in chips)
f21accb1: posts small blind $1
b1684f2d: posts big blind $2
Hero: posts big blind $2
Hero: posts small blind $1
*** HOLE CARDS ***
Dealt to a6f4fa0d 
Dealt to b1684f2d 
Dealt to f21accb1 
Dealt to Hero [6h Th]
Dealt to e6d63e02 
Hero: checks
e6d63e02: raises $4 to $6
a6f4fa0d: folds
f21accb1: folds
b1684f2d: folds
Hero: calls $4
*** FLOP *** [As Qd 4d]
Hero: checks
e6d63e02: bets $5.28
Hero: folds
Uncalled bet ($5.28) returned to e6d63e02
*** SHOWDOWN ***
e6d63e02 collected $16 from pot
*** SUMMARY ***
Total pot $15
Board [As Qd 4d]
Seat 5: a6f4fa0d folded before Flop (didn't bet)
Seat 7: b1684f2d(big blind) folded before Flop
Seat 6: f21accb1(small blind) folded before Flop
Seat 1: Hero folded on the Flop
Seat 3: e6d63e02won ($16) with Pair of Fives



Poker Hand #ring_937616172: NLH No Limit ($1/$2) - 2025/06/15 19:15:28
Table 'MR NLH 1/2' 7-max Seat #1 is the button
Seat 5: a6f4fa0d ($94.25 in chips)
Seat 7: b1684f2d ($688.04 in chips)
Seat 2: b4c20dc6 ($510.84 in chips)
Seat 4: 4c588634 ($414 in chips)
Seat 1: Hero ($218.64 in chips)
Seat 3: e6d63e02 ($519.41 in chips)
b4c20dc6: posts small blind $1
e6d63e02: posts big blind $2
*** HOLE CARDS ***
Dealt to a6f4fa0d 
Dealt to b1684f2d 
Dealt to b4c20dc6 
Dealt to 4c588634 
Dealt to Hero [3c 5d]
Dealt to e6d63e02 
4c588634: calls $2
a6f4fa0d: folds
b1684f2d: folds
Hero: folds
b4c20dc6: calls $1
e6d63e02: checks
*** FLOP *** [8d 2h Ks]
b4c20dc6: checks
e6d63e02: checks
4c588634: checks
*** TURN *** [8d 2h Ks] [7h]
b4c20dc6: bets $4.5
e6d63e02: calls $4.5
4c588634: folds
*** RIVER *** [8d 2h Ks 7h] [Td]
b4c20dc6: checks
e6d63e02: checks
b4c20dc6: shows [As 8h]
e6d63e02: shows [Qd 8c]
*** SHOWDOWN ***
b4c20dc6 collected $15 from pot
*** SUMMARY ***
Total pot $15
Board [8d 2h Ks 7h Td]
Seat 5: a6f4fa0d folded before Flop (didn't bet)
Seat 7: b1684f2d folded before Flop (didn't bet)
Seat 2: b4c20dc6(small blind) showed [As 8h] and won ($15) with Pair of Eights
Seat 4: 4c588634 folded on the Turn
Seat 1: Hero folded before Flop (didn't bet)
Seat 3: e6d63e02(big blind) showed [Qd 8c] and lost with Pair of Eights



Poker Hand #ring_937615575: NLH No Limit ($1/$2) - 2025/06/15 19:15:04
Table 'MR NLH 1/2' 7-max Seat #7 is the button
Seat 5: a6f4fa0d ($94.25 in chips)
Seat 7: b1684f2d ($688.04 in chips)
Seat 2: b4c20dc6 ($512.84 in chips)
Seat 4: 4c588634 ($411 in chips)
Seat 1: Hero ($219.64 in chips)
Seat 3: e6d63e02 ($519.41 in chips)
Hero: posts small blind $1
b4c20dc6: posts big blind $2
*** HOLE CARDS ***
Dealt to a6f4fa0d 
Dealt to b1684f2d 
Dealt to b4c20dc6 
Dealt to 4c588634 
Dealt to Hero [Qs 9d]
Dealt to e6d63e02 
e6d63e02: folds
4c588634: raises $98 to $100
a6f4fa0d: folds
b1684f2d: folds
Hero: folds
b4c20dc6: folds
Uncalled bet ($98) returned to 4c588634
*** SHOWDOWN ***
4c588634 collected $5 from pot
*** SUMMARY ***
Total pot $5
Seat 5: a6f4fa0d folded before Flop (didn't bet)
Seat 7: b1684f2d folded before Flop (didn't bet)
Seat 2: b4c20dc6(big blind) folded before Flop
Seat 4: 4c588634won ($5)
Seat 1: Hero(small blind) folded before Flop
Seat 3: e6d63e02 folded before Flop (didn't bet)



Poker Hand #ring_937614929: NLH No Limit ($1/$2) - 2025/06/15 19:14:38
Table 'MR NLH 1/2' 7-max Seat #0 is the button
Seat 5: a6f4fa0d ($94.25 in chips)
Seat 7: b1684f2d ($689.04 in chips)
Seat 2: b4c20dc6 ($512.84 in chips)
Seat 4: 4c588634 ($408 in chips)
Seat 1: Hero ($221.64 in chips)
Seat 3: e6d63e02 ($519.41 in chips)
b1684f2d: posts small blind $1
Hero: posts big blind $2
*** HOLE CARDS ***
Dealt to a6f4fa0d 
Dealt to b1684f2d 
Dealt to b4c20dc6 
Dealt to 4c588634 
Dealt to Hero [6h 4d]
Dealt to e6d63e02 
b4c20dc6: folds
e6d63e02: folds
4c588634: raises $98 to $100
a6f4fa0d: folds
b1684f2d: folds
Hero: folds
Uncalled bet ($98) returned to 4c588634
*** SHOWDOWN ***
4c588634 collected $5 from pot
*** SUMMARY ***
Total pot $5
Seat 5: a6f4fa0d folded before Flop (didn't bet)
Seat 7: b1684f2d(small blind) folded before Flop
Seat 2: b4c20dc6 folded before Flop (didn't bet)
Seat 4: 4c588634won ($5)
Seat 1: Hero(big blind) folded before Flop
Seat 3: e6d63e02 folded before Flop (didn't bet)



Poker Hand #ring_937613885: NLH No Limit ($1/$2) - 2025/06/15 19:13:57
Table 'MR NLH 1/2' 7-max Seat #5 is the button
Seat 5: a6f4fa0d ($94.25 in chips)
Seat 7: b1684f2d ($691.04 in chips)
Seat 2: b4c20dc6 ($512.84 in chips)
Seat 4: 4c588634 ($388.39 in chips)
Seat 1: Hero ($221.64 in chips)
Seat 3: e6d63e02 ($539.41 in chips)
b1684f2d: posts big blind $2
*** HOLE CARDS ***
Dealt to a6f4fa0d 
Dealt to b1684f2d 
Dealt to b4c20dc6 
Dealt to 4c588634 
Dealt to Hero [4h 7s]
Dealt to e6d63e02 
Hero: folds
b4c20dc6: folds
e6d63e02: raises $4 to $6
4c588634: raises $14 to $20
a6f4fa0d: folds
b1684f2d: folds
e6d63e02: calls $14
*** FLOP *** [6c 8h Kd]
e6d63e02: checks
4c588634: bets $42
e6d63e02: folds
Uncalled bet ($42) returned to 4c588634
*** SHOWDOWN ***
4c588634 collected $42 from pot
*** SUMMARY ***
Total pot $42
Board [6c 8h Kd]
Seat 5: a6f4fa0d folded before Flop (didn't bet)
Seat 7: b1684f2d(big blind) folded before Flop
Seat 2: b4c20dc6 folded before Flop (didn't bet)
Seat 4: 4c588634won ($42) with Pair of Kings and Pair of Eights
Seat 1: Hero folded before Flop (didn't bet)
Seat 3: e6d63e02 folded on the Flop



Poker Hand #ring_937611912: NLH No Limit ($1/$2) - 2025/06/15 19:12:37
Table 'MR NLH 1/2' 7-max Seat #4 is the button
Seat 5: a6f4fa0d ($95.25 in chips)
Seat 7: b1684f2d ($691.04 in chips)
Seat 2: b4c20dc6 ($470.43 in chips)
Seat 4: 4c588634 ($388.39 in chips)
Seat 6: d8fc3475 ($1,061.18 in chips)
Seat 1: Hero ($221.64 in chips)
Seat 3: e6d63e02 ($583.41 in chips)
a6f4fa0d: posts small blind $1
d8fc3475: posts big blind $2
*** HOLE CARDS ***
Dealt to a6f4fa0d 
Dealt to b1684f2d 
Dealt to b4c20dc6 
Dealt to 4c588634 
Dealt to d8fc3475 
Dealt to Hero [4h 6c]
Dealt to e6d63e02 
b1684f2d: folds
Hero: folds
b4c20dc6: calls $2
e6d63e02: raises $6 to $8
4c588634: folds
a6f4fa0d: folds
d8fc3475: folds
b4c20dc6: raises $36 to $44
e6d63e02: calls $36
*** FLOP *** [Kh Ts 8s]
b4c20dc6: bets $68.25
e6d63e02: folds
Uncalled bet ($68.25) returned to b4c20dc6
*** SHOWDOWN ***
b4c20dc6 collected $91 from pot
*** SUMMARY ***
Total pot $91
Board [Kh Ts 8s]
Seat 5: a6f4fa0d(small blind) folded before Flop
Seat 7: b1684f2d folded before Flop (didn't bet)
Seat 2: b4c20dc6won ($91) with Pair of Aces
Seat 4: 4c588634 folded before Flop (didn't bet)
Seat 6: d8fc3475(big blind) folded before Flop
Seat 1: Hero folded before Flop (didn't bet)
Seat 3: e6d63e02 folded on the Flop



Poker Hand #ring_937609911: NLH No Limit ($1/$2) - 2025/06/15 19:11:15
Table 'MR NLH 1/2' 7-max Seat #3 is the button
Seat 5: a6f4fa0d ($100 in chips)
Seat 7: b1684f2d ($691.04 in chips)
Seat 2: b4c20dc6 ($470.43 in chips)
Seat 4: 4c588634 ($393.14 in chips)
Seat 6: d8fc3475 ($1,061.18 in chips)
Seat 1: Hero ($221.64 in chips)
Seat 3: e6d63e02 ($583.41 in chips)
4c588634: posts small blind $1
a6f4fa0d: posts big blind $2
*** HOLE CARDS ***
Dealt to a6f4fa0d 
Dealt to b1684f2d 
Dealt to b4c20dc6 
Dealt to 4c588634 
Dealt to d8fc3475 
Dealt to Hero [Qd 7h]
Dealt to e6d63e02 
d8fc3475: folds
b1684f2d: folds
Hero: folds
b4c20dc6: folds
e6d63e02: folds
4c588634: raises $6 to $8
a6f4fa0d: calls $6
*** FLOP *** [5s 7d 3d]
4c588634: bets $100
a6f4fa0d: calls $92 and is all-in
Uncalled bet ($8) returned to 4c588634
4c588634: shows [9h 9d] (Pair of Nines)
a6f4fa0d: shows [Ac 4c] (Ace-High)
*** TURN *** [5s 7d 3d] [4d]
*** RIVER *** [5s 7d 3d 4d] [6s]
*** SHOWDOWN ***
4c588634 collected $100 from pot
a6f4fa0d collected $100 from pot
*** SUMMARY ***
Total pot $200
Board [5s 7d 3d 4d 6s]
Seat 5: a6f4fa0d(big blind) showed [Ac 4c] and won ($100) with Sevens-High Straight
Seat 7: b1684f2d folded before Flop (didn't bet)
Seat 2: b4c20dc6 folded before Flop (didn't bet)
Seat 4: 4c588634(small blind) showed [9h 9d] and won ($100) with Sevens-High Straight
Seat 6: d8fc3475 folded before Flop (didn't bet)
Seat 1: Hero folded before Flop (didn't bet)
Seat 3: e6d63e02 folded before Flop (didn't bet)



Poker Hand #ring_937607796: NLH No Limit ($1/$2) - 2025/06/15 19:09:47
Table 'MR NLH 1/2' 7-max Seat #2 is the button
Seat 7: b1684f2d ($691.04 in chips)
Seat 2: b4c20dc6 ($470.43 in chips)
Seat 4: 4c588634 ($405.64 in chips)
Seat 6: d8fc3475 ($1,061.18 in chips)
Seat 1: Hero ($209.81 in chips)
Seat 3: e6d63e02 ($584.41 in chips)
e6d63e02: posts small blind $1
4c588634: posts big blind $2
*** HOLE CARDS ***
Dealt to b1684f2d 
Dealt to b4c20dc6 
Dealt to 4c588634 
Dealt to d8fc3475 
Dealt to Hero [4s As]
Dealt to e6d63e02 
d8fc3475: folds
b1684f2d: folds
Hero: raises $4 to $6
b4c20dc6: folds
e6d63e02: folds
4c588634: calls $4
*** FLOP *** [8c 6d 2c]
4c588634: checks
Hero: checks
*** TURN *** [8c 6d 2c] [Ah]
4c588634: checks
Hero: bets $6.5
4c588634: calls $6.5
*** RIVER *** [8c 6d 2c Ah] [6s]
4c588634: checks
Hero: bets $13
4c588634: folds
Uncalled bet ($13) returned to Hero
*** SHOWDOWN ***
Hero collected $26 from pot
*** SUMMARY ***
Total pot $26
Board [8c 6d 2c Ah 6s]
Seat 7: b1684f2d folded before Flop (didn't bet)
Seat 2: b4c20dc6 folded before Flop (didn't bet)
Seat 4: 4c588634(big blind) folded on the River
Seat 6: d8fc3475 folded before Flop (didn't bet)
Seat 1: Herowon ($26) with Pair of Aces and Pair of Sixes
Seat 3: e6d63e02(small blind) folded before Flop



Poker Hand #ring_937606496: NLH No Limit ($1/$2) - 2025/06/15 19:08:53
Table 'MR NLH 1/2' 7-max Seat #1 is the button
Seat 7: b1684f2d ($691.04 in chips)
Seat 2: b4c20dc6 ($472.43 in chips)
Seat 4: 4c588634 ($400 in chips)
Seat 6: d8fc3475 ($1,061.18 in chips)
Seat 1: Hero ($211.81 in chips)
Seat 3: e6d63e02 ($586.41 in chips)
b4c20dc6: posts small blind $1
e6d63e02: posts big blind $2
4c588634: posts big blind $2
*** HOLE CARDS ***
Dealt to b1684f2d 
Dealt to b4c20dc6 
Dealt to 4c588634 
Dealt to d8fc3475 
Dealt to Hero [6d 4d]
Dealt to e6d63e02 
4c588634: checks
d8fc3475: folds
b1684f2d: folds
Hero: calls $2
b4c20dc6: calls $1
e6d63e02: checks
*** FLOP *** [4h Ac 3h]
b4c20dc6: checks
e6d63e02: checks
4c588634: bets $8
Hero: folds
b4c20dc6: folds
e6d63e02: folds
Uncalled bet ($8) returned to 4c588634
*** SHOWDOWN ***
4c588634 collected $8 from pot
*** SUMMARY ***
Total pot $8
Board [4h Ac 3h]
Seat 7: b1684f2d folded before Flop (didn't bet)
Seat 2: b4c20dc6(small blind) folded on the Flop
Seat 4: 4c588634won ($8) with Pair of Fours
Seat 6: d8fc3475 folded before Flop (didn't bet)
Seat 1: Hero folded on the Flop
Seat 3: e6d63e02(big blind) folded on the Flop



Poker Hand #ring_937605135: NLH No Limit ($1/$2) - 2025/06/15 19:07:58
Table 'MR NLH 1/2' 7-max Seat #7 is the button
Seat 7: b1684f2d ($691.04 in chips)
Seat 2: b4c20dc6 ($474.43 in chips)
Seat 6: d8fc3475 ($1,061.18 in chips)
Seat 1: Hero ($209.99 in chips)
Seat 3: e6d63e02 ($586.41 in chips)
Hero: posts small blind $1
b4c20dc6: posts big blind $2
*** HOLE CARDS ***
Dealt to b1684f2d 
Dealt to b4c20dc6 
Dealt to d8fc3475 
Dealt to Hero [Kd 5d]
Dealt to e6d63e02 
e6d63e02: folds
d8fc3475: folds
b1684f2d: folds
Hero: calls $1
b4c20dc6: checks
*** FLOP *** [Ah Qd Ks]
Hero: checks
b4c20dc6: checks
*** TURN *** [Ah Qd Ks] [7h]
Hero: bets $2
b4c20dc6: folds
Uncalled bet ($2) returned to Hero
*** SHOWDOWN ***
Hero collected $4 from pot
*** SUMMARY ***
Total pot $4
Board [Ah Qd Ks 7h]
Seat 7: b1684f2d folded before Flop (didn't bet)
Seat 2: b4c20dc6(big blind) folded on the Turn
Seat 6: d8fc3475 folded before Flop (didn't bet)
Seat 1: Hero(small blind)won ($4) with Pair of Kings
Seat 3: e6d63e02 folded before Flop (didn't bet)



Poker Hand #ring_937604520: NLH No Limit ($1/$2) - 2025/06/15 19:07:32
Table 'MR NLH 1/2' 7-max Seat #6 is the button
Seat 7: b1684f2d ($692.04 in chips)
Seat 2: b4c20dc6 ($474.43 in chips)
Seat 6: d8fc3475 ($1,061.18 in chips)
Seat 1: Hero ($208.99 in chips)
Seat 3: e6d63e02 ($586.41 in chips)
b1684f2d: posts small blind $1
Hero: posts big blind $2
*** HOLE CARDS ***
Dealt to b1684f2d 
Dealt to b4c20dc6 
Dealt to d8fc3475 
Dealt to Hero [Jc Ks]
Dealt to e6d63e02 
b4c20dc6: folds
e6d63e02: folds
d8fc3475: folds
b1684f2d: folds
*** SHOWDOWN ***
Hero collected $3 from pot
*** SUMMARY ***
Total pot $3
Seat 7: b1684f2d(small blind) folded before Flop
Seat 2: b4c20dc6 folded before Flop (didn't bet)
Seat 6: d8fc3475 folded before Flop (didn't bet)
Seat 1: Hero(big blind)won ($3)
Seat 3: e6d63e02 folded before Flop (didn't bet)



Poker Hand #ring_937604049: NLH No Limit ($1/$2) - 2025/06/15 19:07:13
Table 'MR NLH 1/2' 7-max Seat #3 is the button
Seat 7: b1684f2d ($691.04 in chips)
Seat 2: b4c20dc6 ($474.43 in chips)
Seat 6: d8fc3475 ($1,062.18 in chips)
Seat 1: Hero ($208.99 in chips)
Seat 3: e6d63e02 ($586.41 in chips)
d8fc3475: posts small blind $1
b1684f2d: posts big blind $2
*** HOLE CARDS ***
Dealt to b1684f2d 
Dealt to b4c20dc6 
Dealt to d8fc3475 
Dealt to Hero [Ks 3c]
Dealt to e6d63e02 
Hero: folds
b4c20dc6: folds
e6d63e02: folds
d8fc3475: folds
*** SHOWDOWN ***
b1684f2d collected $3 from pot
*** SUMMARY ***
Total pot $3
Seat 7: b1684f2d(big blind)won ($3)
Seat 2: b4c20dc6 folded before Flop (didn't bet)
Seat 6: d8fc3475(small blind) folded before Flop
Seat 1: Hero folded before Flop (didn't bet)
Seat 3: e6d63e02 folded before Flop (didn't bet)



Poker Hand #ring_937603453: NLH No Limit ($1/$2) - 2025/06/15 19:06:48
Table 'MR NLH 1/2' 7-max Seat #2 is the button
Seat 7: b1684f2d ($691.04 in chips)
Seat 2: b4c20dc6 ($471.43 in chips)
Seat 6: d8fc3475 ($1,064.18 in chips)
Seat 1: Hero ($110.99 in chips)
Seat 3: e6d63e02 ($587.41 in chips)
e6d63e02: posts small blind $1
d8fc3475: posts big blind $2
*** HOLE CARDS ***
Dealt to b1684f2d 
Dealt to b4c20dc6 
Dealt to d8fc3475 
Dealt to Hero [Td 5d]
Dealt to e6d63e02 
b1684f2d: folds
Hero: folds
b4c20dc6: raises $3 to $5
e6d63e02: folds
d8fc3475: folds
Uncalled bet ($3) returned to b4c20dc6
*** SHOWDOWN ***
b4c20dc6 collected $5 from pot
*** SUMMARY ***
Total pot $5
Seat 7: b1684f2d folded before Flop (didn't bet)
Seat 2: b4c20dc6won ($5)
Seat 6: d8fc3475(big blind) folded before Flop
Seat 1: Hero folded before Flop (didn't bet)
Seat 3: e6d63e02(small blind) folded before Flop



Poker Hand #ring_937600851: NLH No Limit ($1/$2) - 2025/06/15 19:05:03
Table 'MR NLH 1/2' 7-max Seat #1 is the button
Seat 7: b1684f2d ($691.04 in chips)
Seat 2: b4c20dc6 ($472.43 in chips)
Seat 6: d8fc3475 ($1,070.18 in chips)
Seat 1: Hero ($170.19 in chips)
Seat 3: e6d63e02 ($527.35 in chips)
b4c20dc6: posts small blind $1
e6d63e02: posts big blind $2
*** HOLE CARDS ***
Dealt to b1684f2d 
Dealt to b4c20dc6 
Dealt to d8fc3475 
Dealt to Hero [3h 4h]
Dealt to e6d63e02 
d8fc3475: raises $4 to $6
b1684f2d: folds
Hero: calls $6
b4c20dc6: folds
e6d63e02: calls $4
*** FLOP *** [Kc Th 2d]
e6d63e02: checks
d8fc3475: checks
Hero: bets $9.5
e6d63e02: calls $9.5
d8fc3475: folds
*** TURN *** [Kc Th 2d] [2c]
e6d63e02: checks
Hero: checks
*** RIVER *** [Kc Th 2d 2c] [8d]
e6d63e02: checks
Hero: bets $43.7
e6d63e02: calls $43.7
Hero: shows [3h 4h]
e6d63e02: shows [Td 7d]
*** SHOWDOWN ***
e6d63e02 collected $125.4 from pot
*** SUMMARY ***
Total pot $125.4
Board [Kc Th 2d 2c 8d]
Seat 7: b1684f2d folded before Flop (didn't bet)
Seat 2: b4c20dc6(small blind) folded before Flop
Seat 6: d8fc3475 folded on the Flop
Seat 1: Hero showed [3h 4h] and lost with Pair of Twos
Seat 3: e6d63e02(big blind) showed [Td 7d] and won ($125.4) with Pair of Tens and Pair of Twos



Poker Hand #ring_937600098: NLH No Limit ($1/$2) - 2025/06/15 19:04:32
Table 'MR NLH 1/2' 7-max Seat #7 is the button
Seat 7: b1684f2d ($691.04 in chips)
Seat 2: b4c20dc6 ($474.43 in chips)
Seat 6: d8fc3475 ($1,067.18 in chips)
Seat 1: Hero ($171.19 in chips)
Seat 3: e6d63e02 ($527.35 in chips)
Hero: posts small blind $1
b4c20dc6: posts big blind $2
*** HOLE CARDS ***
Dealt to b1684f2d 
Dealt to b4c20dc6 
Dealt to d8fc3475 
Dealt to Hero [4s 2s]
Dealt to e6d63e02 
e6d63e02: folds
d8fc3475: raises $4 to $6
b1684f2d: folds
Hero: folds
b4c20dc6: folds
Uncalled bet ($4) returned to d8fc3475
*** SHOWDOWN ***
d8fc3475 collected $5 from pot
*** SUMMARY ***
Total pot $5
Seat 7: b1684f2d folded before Flop (didn't bet)
Seat 2: b4c20dc6(big blind) folded before Flop
Seat 6: d8fc3475won ($5)
Seat 1: Hero(small blind) folded before Flop
Seat 3: e6d63e02 folded before Flop (didn't bet)



Poker Hand #ring_937598136: NLH No Limit ($1/$2) - 2025/06/15 19:03:11
Table 'MR NLH 1/2' 7-max Seat #6 is the button
Seat 7: b1684f2d ($673.41 in chips)
Seat 2: b4c20dc6 ($474.43 in chips)
Seat 6: d8fc3475 ($1,067.18 in chips)
Seat 1: Hero ($191.11 in chips)
Seat 3: e6d63e02 ($527.35 in chips)
b1684f2d: posts small blind $1
Hero: posts big blind $2
*** HOLE CARDS ***
Dealt to b1684f2d 
Dealt to b4c20dc6 
Dealt to d8fc3475 
Dealt to Hero [Qc 9d]
Dealt to e6d63e02 
b4c20dc6: folds
e6d63e02: folds
d8fc3475: folds
b1684f2d: raises $4 to $6
Hero: calls $4
*** FLOP *** [Th As 4d]
b1684f2d: bets $3.96
Hero: calls $3.96
*** TURN *** [Th As 4d] [5h]
b1684f2d: checks
Hero: bets $9.96
b1684f2d: calls $9.96
*** RIVER *** [Th As 4d 5h] [Kc]
b1684f2d: checks
Hero: checks
Hero: shows [Qc 9d]
b1684f2d: shows [Jc Tc]
*** SHOWDOWN ***
b1684f2d collected $39.84 from pot
*** SUMMARY ***
Total pot $39.84
Board [Th As 4d 5h Kc]
Seat 7: b1684f2d(small blind) showed [Jc Tc] and won ($39.84) with Pair of Tens
Seat 2: b4c20dc6 folded before Flop (didn't bet)
Seat 6: d8fc3475 folded before Flop (didn't bet)
Seat 1: Hero(big blind) showed [Qc 9d] and lost with Ace-High
Seat 3: e6d63e02 folded before Flop (didn't bet)



Poker Hand #ring_937597416: NLH No Limit ($1/$2) - 2025/06/15 19:02:41
Table 'MR NLH 1/2' 7-max Seat #3 is the button
Seat 7: b1684f2d ($675.41 in chips)
Seat 2: b4c20dc6 ($471.43 in chips)
Seat 6: d8fc3475 ($1,068.18 in chips)
Seat 1: Hero ($191.11 in chips)
Seat 3: e6d63e02 ($527.35 in chips)
d8fc3475: posts small blind $1
b1684f2d: posts big blind $2
*** HOLE CARDS ***
Dealt to b1684f2d 
Dealt to b4c20dc6 
Dealt to d8fc3475 
Dealt to Hero [9d Tc]
Dealt to e6d63e02 
Hero: folds
b4c20dc6: raises $3 to $5
e6d63e02: folds
d8fc3475: folds
b1684f2d: folds
Uncalled bet ($3) returned to b4c20dc6
*** SHOWDOWN ***
b4c20dc6 collected $5 from pot
*** SUMMARY ***
Total pot $5
Seat 7: b1684f2d(big blind) folded before Flop
Seat 2: b4c20dc6won ($5)
Seat 6: d8fc3475(small blind) folded before Flop
Seat 1: Hero folded before Flop (didn't bet)
Seat 3: e6d63e02 folded before Flop (didn't bet)



Poker Hand #ring_937595124: NLH No Limit ($1/$2) - 2025/06/15 19:01:06
Table 'MR NLH 1/2' 7-max Seat #2 is the button
Seat 7: b1684f2d ($629.18 in chips)
Seat 2: b4c20dc6 ($471.43 in chips)
Seat 6: d8fc3475 ($1,112.18 in chips)
Seat 1: Hero ($197.11 in chips)
Seat 3: e6d63e02 ($528.35 in chips)
e6d63e02: posts small blind $1
d8fc3475: posts big blind $2
*** HOLE CARDS ***
Dealt to b1684f2d 
Dealt to b4c20dc6 
Dealt to d8fc3475 
Dealt to Hero [9c Tc]
Dealt to e6d63e02 
b1684f2d: raises $4 to $6
Hero: calls $6
b4c20dc6: folds
e6d63e02: folds
d8fc3475: calls $4
*** FLOP *** [Ad 4h 6h]
d8fc3475: bets $9.5
b1684f2d: calls $9.5
Hero: folds
*** TURN *** [Ad 4h 6h] [Ks]
d8fc3475: bets $28.5
b1684f2d: calls $28.5
*** RIVER *** [Ad 4h 6h Ks] [9d]
d8fc3475: checks
b1684f2d: bets $31.35
d8fc3475: folds
Uncalled bet ($31.35) returned to b1684f2d
*** SHOWDOWN ***
b1684f2d collected $95 from pot
*** SUMMARY ***
Total pot $95
Board [Ad 4h 6h Ks 9d]
Seat 7: b1684f2dwon ($95) with Pair of Aces
Seat 2: b4c20dc6 folded before Flop (didn't bet)
Seat 6: d8fc3475(big blind) folded on the River
Seat 1: Hero folded on the Flop
Seat 3: e6d63e02(small blind) folded before Flop



Poker Hand #ring_937594543: NLH No Limit ($1/$2) - 2025/06/15 19:00:43
Table 'MR NLH 1/2' 7-max Seat #1 is the button
Seat 7: b1684f2d ($629.18 in chips)
Seat 2: b4c20dc6 ($472.43 in chips)
Seat 6: d8fc3475 ($1,109.18 in chips)
Seat 4: 7fbbd33 ($683.49 in chips)
Seat 1: Hero ($197.11 in chips)
Seat 3: e6d63e02 ($530.35 in chips)
b4c20dc6: posts small blind $1
e6d63e02: posts big blind $2
*** HOLE CARDS ***
Dealt to b1684f2d 
Dealt to b4c20dc6 
Dealt to d8fc3475 
Dealt to 7fbbd33 
Dealt to Hero [9s Jd]
Dealt to e6d63e02 
7fbbd33: folds
d8fc3475: raises $4 to $6
b1684f2d: folds
Hero: folds
b4c20dc6: folds
e6d63e02: folds
Uncalled bet ($4) returned to d8fc3475
*** SHOWDOWN ***
d8fc3475 collected $5 from pot
*** SUMMARY ***
Total pot $5
Seat 7: b1684f2d folded before Flop (didn't bet)
Seat 2: b4c20dc6(small blind) folded before Flop
Seat 6: d8fc3475won ($5)
Seat 4: 7fbbd33 folded before Flop (didn't bet)
Seat 1: Hero folded before Flop (didn't bet)
Seat 3: e6d63e02(big blind) folded before Flop



Poker Hand #ring_937592832: NLH No Limit ($1/$2) - 2025/06/15 18:59:33
Table 'MR NLH 1/2' 7-max Seat #7 is the button
Seat 7: b1684f2d ($629.18 in chips)
Seat 2: b4c20dc6 ($508.18 in chips)
Seat 6: d8fc3475 ($1,109.18 in chips)
Seat 4: 7fbbd33 ($683.49 in chips)
Seat 1: Hero ($198.11 in chips)
Seat 3: e6d63e02 ($497.36 in chips)
Hero: posts small blind $1
b4c20dc6: posts big blind $2
*** HOLE CARDS ***
Dealt to b1684f2d 
Dealt to b4c20dc6 
Dealt to d8fc3475 
Dealt to 7fbbd33 
Dealt to Hero [Jd 7d]
Dealt to e6d63e02 
e6d63e02: raises $4 to $6
7fbbd33: folds
d8fc3475: folds
b1684f2d: folds
Hero: folds
b4c20dc6: calls $4
*** FLOP *** [Ts 8c 2d]
b4c20dc6: checks
e6d63e02: checks
*** TURN *** [Ts 8c 2d] [Tc]
b4c20dc6: bets $9.75
e6d63e02: calls $9.75
*** RIVER *** [Ts 8c 2d Tc] [6h]
b4c20dc6: bets $20
e6d63e02: raises $72.5 to $92.5
b4c20dc6: folds
Uncalled bet ($72.5) returned to e6d63e02
*** SHOWDOWN ***
e6d63e02 collected $72.5 from pot
*** SUMMARY ***
Total pot $72.5
Board [Ts 8c 2d Tc 6h]
Seat 7: b1684f2d folded before Flop (didn't bet)
Seat 2: b4c20dc6(big blind) folded on the River
Seat 6: d8fc3475 folded before Flop (didn't bet)
Seat 4: 7fbbd33 folded before Flop (didn't bet)
Seat 1: Hero(small blind) folded before Flop
Seat 3: e6d63e02won ($72.5) with Pair of Aces and Pair of Tens



Poker Hand #ring_937592241: NLH No Limit ($1/$2) - 2025/06/15 18:59:10
Table 'MR NLH 1/2' 7-max Seat #6 is the button
Seat 7: b1684f2d ($630.18 in chips)
Seat 2: b4c20dc6 ($508.18 in chips)
Seat 6: d8fc3475 ($1,109.18 in chips)
Seat 4: 7fbbd33 ($683.49 in chips)
Seat 1: Hero ($197.11 in chips)
Seat 3: e6d63e02 ($497.36 in chips)
b1684f2d: posts small blind $1
Hero: posts big blind $2
*** HOLE CARDS ***
Dealt to b1684f2d 
Dealt to b4c20dc6 
Dealt to d8fc3475 
Dealt to 7fbbd33 
Dealt to Hero [4h 4d]
Dealt to e6d63e02 
b4c20dc6: folds
e6d63e02: folds
7fbbd33: folds
d8fc3475: folds
b1684f2d: folds
*** SHOWDOWN ***
Hero collected $3 from pot
*** SUMMARY ***
Total pot $3
Seat 7: b1684f2d(small blind) folded before Flop
Seat 2: b4c20dc6 folded before Flop (didn't bet)
Seat 6: d8fc3475 folded before Flop (didn't bet)
Seat 4: 7fbbd33 folded before Flop (didn't bet)
Seat 1: Hero(big blind)won ($3)
Seat 3: e6d63e02 folded before Flop (didn't bet)



Poker Hand #ring_937591539: NLH No Limit ($1/$2) - 2025/06/15 18:58:42
Table 'MR NLH 1/2' 7-max Seat #0 is the button
Seat 7: b1684f2d ($629.18 in chips)
Seat 2: b4c20dc6 ($508.18 in chips)
Seat 6: d8fc3475 ($1,110.18 in chips)
Seat 4: 7fbbd33 ($683.49 in chips)
Seat 1: Hero ($197.11 in chips)
Seat 3: e6d63e02 ($497.36 in chips)
d8fc3475: posts small blind $1
b1684f2d: posts big blind $2
*** HOLE CARDS ***
Dealt to b1684f2d 
Dealt to b4c20dc6 
Dealt to d8fc3475 
Dealt to 7fbbd33 
Dealt to Hero [6h Jd]
Dealt to e6d63e02 
Hero: folds
b4c20dc6: folds
e6d63e02: folds
7fbbd33: folds
d8fc3475: folds
*** SHOWDOWN ***
b1684f2d collected $3 from pot
*** SUMMARY ***
Total pot $3
Seat 7: b1684f2d(big blind)won ($3)
Seat 2: b4c20dc6 folded before Flop (didn't bet)
Seat 6: d8fc3475(small blind) folded before Flop
Seat 4: 7fbbd33 folded before Flop (didn't bet)
Seat 1: Hero folded before Flop (didn't bet)
Seat 3: e6d63e02 folded before Flop (didn't bet)



Poker Hand #ring_937590470: NLH No Limit ($1/$2) - 2025/06/15 18:57:57
Table 'MR NLH 1/2' 7-max Seat #4 is the button
Seat 7: b1684f2d ($629.18 in chips)
Seat 2: b4c20dc6 ($508.18 in chips)
Seat 6: d8fc3475 ($1,112.18 in chips)
Seat 4: 7fbbd33 ($683.49 in chips)
Seat 1: Hero ($203.11 in chips)
Seat 3: e6d63e02 ($489.36 in chips)
d8fc3475: posts big blind $2
*** HOLE CARDS ***
Dealt to b1684f2d 
Dealt to b4c20dc6 
Dealt to d8fc3475 
Dealt to 7fbbd33 
Dealt to Hero [9s 7s]
Dealt to e6d63e02 
b1684f2d: folds
Hero: raises $4 to $6
b4c20dc6: folds
e6d63e02: raises $18 to $24
7fbbd33: folds
d8fc3475: folds
Hero: folds
Uncalled bet ($18) returned to e6d63e02
*** SHOWDOWN ***
e6d63e02 collected $14 from pot
*** SUMMARY ***
Total pot $14
Seat 7: b1684f2d folded before Flop (didn't bet)
Seat 2: b4c20dc6 folded before Flop (didn't bet)
Seat 6: d8fc3475(big blind) folded before Flop
Seat 4: 7fbbd33 folded before Flop (didn't bet)
Seat 1: Hero folded before Flop
Seat 3: e6d63e02won ($14)



Poker Hand #ring_937588586: NLH No Limit ($1/$2) - 2025/06/15 18:56:42
Table 'MR NLH 1/2' 7-max Seat #3 is the button
Seat 7: b1684f2d ($629.18 in chips)
Seat 2: b4c20dc6 ($502.67 in chips)
Seat 6: d8fc3475 ($1,112.18 in chips)
Seat 4: 7fbbd33 ($684.49 in chips)
Seat 5: fffd21f3 ($532.5 in chips)
Seat 1: Hero ($203.11 in chips)
Seat 3: e6d63e02 ($489.36 in chips)
7fbbd33: posts small blind $1
fffd21f3: posts big blind $2
*** HOLE CARDS ***
Dealt to b1684f2d 
Dealt to b4c20dc6 
Dealt to d8fc3475 
Dealt to 7fbbd33 
Dealt to fffd21f3 
Dealt to Hero [Qd Js]
Dealt to e6d63e02 
d8fc3475: folds
b1684f2d: folds
Hero: folds
b4c20dc6: raises $3 to $5
e6d63e02: folds
7fbbd33: folds
fffd21f3: calls $3
*** FLOP *** [Jd 9c 2d]
fffd21f3: checks
b4c20dc6: checks
*** TURN *** [Jd 9c 2d] [Ac]
fffd21f3: checks
b4c20dc6: checks
*** RIVER *** [Jd 9c 2d Ac] [2c]
fffd21f3: checks
b4c20dc6: bets $5.5
fffd21f3: folds
Uncalled bet ($5.5) returned to b4c20dc6
*** SHOWDOWN ***
b4c20dc6 collected $11 from pot
*** SUMMARY ***
Total pot $11
Board [Jd 9c 2d Ac 2c]
Seat 7: b1684f2d folded before Flop (didn't bet)
Seat 2: b4c20dc6won ($11) with Pair of Twos
Seat 6: d8fc3475 folded before Flop (didn't bet)
Seat 4: 7fbbd33(small blind) folded before Flop
Seat 5: fffd21f3(big blind) folded on the River
Seat 1: Hero folded before Flop (didn't bet)
Seat 3: e6d63e02 folded before Flop (didn't bet)



Poker Hand #ring_937585781: NLH No Limit ($1/$2) - 2025/06/15 18:54:51
Table 'MR NLH 1/2' 7-max Seat #2 is the button
Seat 7: b1684f2d ($604.63 in chips)
Seat 2: b4c20dc6 ($502.67 in chips)
Seat 6: d8fc3475 ($1,112.18 in chips)
Seat 4: 7fbbd33 ($710.96 in chips)
Seat 5: fffd21f3 ($532.5 in chips)
Seat 1: Hero ($203.11 in chips)
Seat 3: e6d63e02 ($490.36 in chips)
e6d63e02: posts small blind $1
7fbbd33: posts big blind $2
*** HOLE CARDS ***
Dealt to b1684f2d 
Dealt to b4c20dc6 
Dealt to d8fc3475 
Dealt to 7fbbd33 
Dealt to fffd21f3 
Dealt to Hero [2h 7h]
Dealt to e6d63e02 
fffd21f3: folds
d8fc3475: folds
b1684f2d: raises $4 to $6
Hero: folds
b4c20dc6: folds
e6d63e02: folds
7fbbd33: calls $4
*** FLOP *** [Kh Qh 2c]
7fbbd33: checks
b1684f2d: bets $9.75
7fbbd33: calls $9.75
*** TURN *** [Kh Qh 2c] [8s]
7fbbd33: checks
b1684f2d: checks
*** RIVER *** [Kh Qh 2c 8s] [8c]
7fbbd33: checks
b1684f2d: bets $10.72
7fbbd33: calls $10.72
7fbbd33: shows [Th Ts]
b1684f2d: shows [Ad Qs]
*** SHOWDOWN ***
b1684f2d collected $53.94 from pot
*** SUMMARY ***
Total pot $53.94
Board [Kh Qh 2c 8s 8c]
Seat 7: b1684f2d showed [Ad Qs] and won ($53.94) with Pair of Queens and Pair of Eights
Seat 2: b4c20dc6 folded before Flop (didn't bet)
Seat 6: d8fc3475 folded before Flop (didn't bet)
Seat 4: 7fbbd33(big blind) showed [Th Ts] and lost with Pair of Tens and Pair of Eights
Seat 5: fffd21f3 folded before Flop (didn't bet)
Seat 1: Hero folded before Flop (didn't bet)
Seat 3: e6d63e02(small blind) folded before Flop



Poker Hand #ring_937585002: NLH No Limit ($1/$2) - 2025/06/15 18:54:20
Table 'MR NLH 1/2' 7-max Seat #1 is the button
Seat 7: b1684f2d ($604.63 in chips)
Seat 2: b4c20dc6 ($503.67 in chips)
Seat 6: d8fc3475 ($1,109.18 in chips)
Seat 4: 7fbbd33 ($710.96 in chips)
Seat 5: fffd21f3 ($532.5 in chips)
Seat 1: Hero ($203.11 in chips)
Seat 3: e6d63e02 ($492.36 in chips)
b4c20dc6: posts small blind $1
e6d63e02: posts big blind $2
*** HOLE CARDS ***
Dealt to b1684f2d 
Dealt to b4c20dc6 
Dealt to d8fc3475 
Dealt to 7fbbd33 
Dealt to fffd21f3 
Dealt to Hero [8d Qc]
Dealt to e6d63e02 
7fbbd33: folds
fffd21f3: folds
d8fc3475: raises $4 to $6
b1684f2d: folds
Hero: folds
b4c20dc6: folds
e6d63e02: folds
Uncalled bet ($4) returned to d8fc3475
*** SHOWDOWN ***
d8fc3475 collected $5 from pot
*** SUMMARY ***
Total pot $5
Seat 7: b1684f2d folded before Flop (didn't bet)
Seat 2: b4c20dc6(small blind) folded before Flop
Seat 6: d8fc3475won ($5)
Seat 4: 7fbbd33 folded before Flop (didn't bet)
Seat 5: fffd21f3 folded before Flop (didn't bet)
Seat 1: Hero folded before Flop (didn't bet)
Seat 3: e6d63e02(big blind) folded before Flop



Poker Hand #ring_937584137: NLH No Limit ($1/$2) - 2025/06/15 18:53:44
Table 'MR NLH 1/2' 7-max Seat #7 is the button
Seat 7: b1684f2d ($604.63 in chips)
Seat 2: b4c20dc6 ($502.67 in chips)
Seat 6: d8fc3475 ($1,109.18 in chips)
Seat 4: 7fbbd33 ($710.96 in chips)
Seat 5: fffd21f3 ($532.5 in chips)
Seat 1: Hero ($204.11 in chips)
Seat 3: e6d63e02 ($492.36 in chips)
Hero: posts small blind $1
b4c20dc6: posts big blind $2
*** HOLE CARDS ***
Dealt to b1684f2d 
Dealt to b4c20dc6 
Dealt to d8fc3475 
Dealt to 7fbbd33 
Dealt to fffd21f3 
Dealt to Hero [2s Kd]
Dealt to e6d63e02 
e6d63e02: folds
7fbbd33: folds
fffd21f3: folds
d8fc3475: folds
b1684f2d: folds
Hero: folds
*** SHOWDOWN ***
b4c20dc6 collected $3 from pot
*** SUMMARY ***
Total pot $3
Seat 7: b1684f2d folded before Flop (didn't bet)
Seat 2: b4c20dc6(big blind)won ($3)
Seat 6: d8fc3475 folded before Flop (didn't bet)
Seat 4: 7fbbd33 folded before Flop (didn't bet)
Seat 5: fffd21f3 folded before Flop (didn't bet)
Seat 1: Hero(small blind) folded before Flop
Seat 3: e6d63e02 folded before Flop (didn't bet)



Poker Hand #ring_937582715: NLH No Limit ($1/$2) - 2025/06/15 18:52:47
Table 'MR NLH 1/2' 7-max Seat #6 is the button
Seat 7: b1684f2d ($605.63 in chips)
Seat 2: b4c20dc6 ($502.67 in chips)
Seat 6: d8fc3475 ($1,087.7 in chips)
Seat 4: 7fbbd33 ($710.96 in chips)
Seat 5: fffd21f3 ($532.5 in chips)
Seat 1: Hero ($206.11 in chips)
Seat 3: e6d63e02 ($513.36 in chips)
b1684f2d: posts small blind $1
Hero: posts big blind $2
*** HOLE CARDS ***
Dealt to b1684f2d 
Dealt to b4c20dc6 
Dealt to d8fc3475 
Dealt to 7fbbd33 
Dealt to fffd21f3 
Dealt to Hero [Kc Qs]
Dealt to e6d63e02 
b4c20dc6: folds
e6d63e02: raises $4 to $6
7fbbd33: folds
fffd21f3: folds
d8fc3475: raises $15 to $21
b1684f2d: folds
Hero: folds
e6d63e02: calls $15
*** FLOP *** [3c 7c Ks]
e6d63e02: checks
d8fc3475: bets $22.5
e6d63e02: folds
Uncalled bet ($22.5) returned to d8fc3475
*** SHOWDOWN ***
d8fc3475 collected $45 from pot
*** SUMMARY ***
Total pot $45
Board [3c 7c Ks]
Seat 7: b1684f2d(small blind) folded before Flop
Seat 2: b4c20dc6 folded before Flop (didn't bet)
Seat 6: d8fc3475won ($45) with Pair of Kings
Seat 4: 7fbbd33 folded before Flop (didn't bet)
Seat 5: fffd21f3 folded before Flop (didn't bet)
Seat 1: Hero(big blind) folded before Flop
Seat 3: e6d63e02 folded on the Flop



Poker Hand #ring_937582116: NLH No Limit ($1/$2) - 2025/06/15 18:52:22
Table 'MR NLH 1/2' 7-max Seat #5 is the button
Seat 7: b1684f2d ($607.63 in chips)
Seat 2: b4c20dc6 ($502.67 in chips)
Seat 6: d8fc3475 ($1,088.7 in chips)
Seat 4: 7fbbd33 ($710.96 in chips)
Seat 5: fffd21f3 ($529.5 in chips)
Seat 1: Hero ($206.11 in chips)
Seat 3: e6d63e02 ($513.36 in chips)
d8fc3475: posts small blind $1
b1684f2d: posts big blind $2
*** HOLE CARDS ***
Dealt to b1684f2d 
Dealt to b4c20dc6 
Dealt to d8fc3475 
Dealt to 7fbbd33 
Dealt to fffd21f3 
Dealt to Hero [3h Jc]
Dealt to e6d63e02 
Hero: folds
b4c20dc6: folds
e6d63e02: folds
7fbbd33: folds
fffd21f3: raises $3 to $5
d8fc3475: folds
b1684f2d: folds
Uncalled bet ($3) returned to fffd21f3
*** SHOWDOWN ***
fffd21f3 collected $5 from pot
*** SUMMARY ***
Total pot $5
Seat 7: b1684f2d(big blind) folded before Flop
Seat 2: b4c20dc6 folded before Flop (didn't bet)
Seat 6: d8fc3475(small blind) folded before Flop
Seat 4: 7fbbd33 folded before Flop (didn't bet)
Seat 5: fffd21f3won ($5)
Seat 1: Hero folded before Flop (didn't bet)
Seat 3: e6d63e02 folded before Flop (didn't bet)



Poker Hand #ring_937580793: NLH No Limit ($1/$2) - 2025/06/15 18:51:30
Table 'MR NLH 1/2' 7-max Seat #4 is the button
Seat 7: b1684f2d ($607.63 in chips)
Seat 2: b4c20dc6 ($502.67 in chips)
Seat 6: d8fc3475 ($1,090.7 in chips)
Seat 4: 7fbbd33 ($728.96 in chips)
Seat 5: fffd21f3 ($503.5 in chips)
Seat 1: Hero ($206.11 in chips)
Seat 3: e6d63e02 ($519.36 in chips)
fffd21f3: posts small blind $1
d8fc3475: posts big blind $2
*** HOLE CARDS ***
Dealt to b1684f2d 
Dealt to b4c20dc6 
Dealt to d8fc3475 
Dealt to 7fbbd33 
Dealt to fffd21f3 
Dealt to Hero [2s Qd]
Dealt to e6d63e02 
b1684f2d: folds
Hero: folds
b4c20dc6: folds
e6d63e02: raises $4 to $6
7fbbd33: raises $12 to $18
fffd21f3: raises $35.2 to $53.2
d8fc3475: folds
e6d63e02: folds
7fbbd33: folds
Uncalled bet ($35.2) returned to fffd21f3
*** SHOWDOWN ***
fffd21f3 collected $44 from pot
*** SUMMARY ***
Total pot $44
Seat 7: b1684f2d folded before Flop (didn't bet)
Seat 2: b4c20dc6 folded before Flop (didn't bet)
Seat 6: d8fc3475(big blind) folded before Flop
Seat 4: 7fbbd33 folded before Flop
Seat 5: fffd21f3(small blind)won ($44)
Seat 1: Hero folded before Flop (didn't bet)
Seat 3: e6d63e02 folded before Flop



Poker Hand #ring_937579688: NLH No Limit ($1/$2) - 2025/06/15 18:50:45
Table 'MR NLH 1/2' 7-max Seat #3 is the button
Seat 7: b1684f2d ($607.63 in chips)
Seat 2: b4c20dc6 ($494.34 in chips)
Seat 6: d8fc3475 ($1,096.7 in chips)
Seat 4: 7fbbd33 ($729.96 in chips)
Seat 5: fffd21f3 ($505.5 in chips)
Seat 1: Hero ($206.11 in chips)
Seat 3: e6d63e02 ($519.36 in chips)
7fbbd33: posts small blind $1
fffd21f3: posts big blind $2
*** HOLE CARDS ***
Dealt to b1684f2d 
Dealt to b4c20dc6 
Dealt to d8fc3475 
Dealt to 7fbbd33 
Dealt to fffd21f3 
Dealt to Hero [7c 5h]
Dealt to e6d63e02 
d8fc3475: raises $4 to $6
b1684f2d: folds
Hero: folds
b4c20dc6: calls $6
e6d63e02: folds
7fbbd33: folds
fffd21f3: folds
*** FLOP *** [9c Kc Ac]
d8fc3475: checks
b4c20dc6: checks
*** TURN *** [9c Kc Ac] [2h]
d8fc3475: checks
b4c20dc6: checks
*** RIVER *** [9c Kc Ac 2h] [3s]
d8fc3475: checks
b4c20dc6: checks
b4c20dc6: shows [Js Jc]
d8fc3475: shows [Ts Td]
*** SHOWDOWN ***
b4c20dc6 collected $15 from pot
*** SUMMARY ***
Total pot $15
Board [9c Kc Ac 2h 3s]
Seat 7: b1684f2d folded before Flop (didn't bet)
Seat 2: b4c20dc6 showed [Js Jc] and won ($15) with Pair of Jacks
Seat 6: d8fc3475 showed [Ts Td] and lost with Pair of Tens
Seat 4: 7fbbd33(small blind) folded before Flop
Seat 5: fffd21f3(big blind) folded before Flop
Seat 1: Hero folded before Flop (didn't bet)
Seat 3: e6d63e02 folded before Flop (didn't bet)



Poker Hand #ring_937578876: NLH No Limit ($1/$2) - 2025/06/15 18:50:10
Table 'MR NLH 1/2' 7-max Seat #2 is the button
Seat 7: b1684f2d ($607.63 in chips)
Seat 2: b4c20dc6 ($494.34 in chips)
Seat 6: d8fc3475 ($1,093.7 in chips)
Seat 4: 7fbbd33 ($731.96 in chips)
Seat 5: fffd21f3 ($505.5 in chips)
Seat 1: Hero ($206.11 in chips)
Seat 3: e6d63e02 ($520.36 in chips)
e6d63e02: posts small blind $1
7fbbd33: posts big blind $2
*** HOLE CARDS ***
Dealt to b1684f2d 
Dealt to b4c20dc6 
Dealt to d8fc3475 
Dealt to 7fbbd33 
Dealt to fffd21f3 
Dealt to Hero [9h 3s]
Dealt to e6d63e02 
fffd21f3: folds
d8fc3475: raises $4 to $6
b1684f2d: folds
Hero: folds
b4c20dc6: folds
e6d63e02: folds
7fbbd33: folds
Uncalled bet ($4) returned to d8fc3475
*** SHOWDOWN ***
d8fc3475 collected $5 from pot
*** SUMMARY ***
Total pot $5
Seat 7: b1684f2d folded before Flop (didn't bet)
Seat 2: b4c20dc6 folded before Flop (didn't bet)
Seat 6: d8fc3475won ($5)
Seat 4: 7fbbd33(big blind) folded before Flop
Seat 5: fffd21f3 folded before Flop (didn't bet)
Seat 1: Hero folded before Flop (didn't bet)
Seat 3: e6d63e02(small blind) folded before Flop



Poker Hand #ring_937575055: NLH No Limit ($1/$2) - 2025/06/15 18:47:34
Table 'MR NLH 1/2' 7-max Seat #1 is the button
Seat 7: b1684f2d ($526.71 in chips)
Seat 2: b4c20dc6 ($495.34 in chips)
Seat 6: d8fc3475 ($1,110.2 in chips)
Seat 4: 7fbbd33 ($731.96 in chips)
Seat 5: fffd21f3 ($505.5 in chips)
Seat 1: Hero ($275.11 in chips)
Seat 3: e6d63e02 ($522.36 in chips)
b4c20dc6: posts small blind $1
e6d63e02: posts big blind $2
*** HOLE CARDS ***
Dealt to b1684f2d 
Dealt to b4c20dc6 
Dealt to d8fc3475 
Dealt to 7fbbd33 
Dealt to fffd21f3 
Dealt to Hero [5d 6d]
Dealt to e6d63e02 
7fbbd33: folds
fffd21f3: folds
d8fc3475: raises $4 to $6
b1684f2d: calls $6
Hero: calls $6
b4c20dc6: folds
e6d63e02: folds
*** FLOP *** [7c 4h 4c]
d8fc3475: bets $10.5
b1684f2d: calls $10.5
Hero: calls $10.5
*** TURN *** [7c 4h 4c] [5s]
d8fc3475: checks
b1684f2d: bets $52.5
Hero: calls $52.5
d8fc3475: folds
*** RIVER *** [7c 4h 4c 5s] [6c]
b1684f2d: checks
Hero: checks
Hero: shows [5d 6d]
b1684f2d: shows [9s 9h]
*** SHOWDOWN ***
b1684f2d collected $157.5 from pot
*** SUMMARY ***
Total pot $157.5
Board [7c 4h 4c 5s 6c]
Seat 7: b1684f2d showed [9s 9h] and won ($157.5) with Pair of Nines and Pair of Fours
Seat 2: b4c20dc6(small blind) folded before Flop
Seat 6: d8fc3475 folded on the Turn
Seat 4: 7fbbd33 folded before Flop (didn't bet)
Seat 5: fffd21f3 folded before Flop (didn't bet)
Seat 1: Hero showed [5d 6d] and lost with Pair of Sixes and Pair of Fives
Seat 3: e6d63e02(big blind) folded before Flop



Poker Hand #ring_937573115: NLH No Limit ($1/$2) - 2025/06/15 18:46:15
Table 'MR NLH 1/2' 7-max Seat #7 is the button
Seat 7: b1684f2d ($526.71 in chips)
Seat 2: b4c20dc6 ($501.34 in chips)
Seat 6: d8fc3475 ($1,110.2 in chips)
Seat 4: 7fbbd33 ($731.96 in chips)
Seat 5: fffd21f3 ($525.75 in chips)
Seat 1: Hero ($276.11 in chips)
Seat 3: e6d63e02 ($497.74 in chips)
Hero: posts small blind $1
b4c20dc6: posts big blind $2
*** HOLE CARDS ***
Dealt to b1684f2d 
Dealt to b4c20dc6 
Dealt to d8fc3475 
Dealt to 7fbbd33 
Dealt to fffd21f3 
Dealt to Hero [9d Ah]
Dealt to e6d63e02 
e6d63e02: raises $4 to $6
7fbbd33: folds
fffd21f3: calls $6
d8fc3475: folds
b1684f2d: folds
Hero: folds
b4c20dc6: calls $4
*** FLOP *** [Jh Qh Qc]
b4c20dc6: checks
e6d63e02: checks
fffd21f3: checks
*** TURN *** [Jh Qh Qc] [6h]
b4c20dc6: checks
e6d63e02: checks
fffd21f3: checks
*** RIVER *** [Jh Qh Qc 6h] [As]
b4c20dc6: checks
e6d63e02: bets $14.25
fffd21f3: calls $14.25
b4c20dc6: folds
e6d63e02: shows [Qs Qd]
fffd21f3: shows [Th Ac]
*** SHOWDOWN ***
e6d63e02 collected $47.5 from pot
*** SUMMARY ***
Total pot $47.5
Board [Jh Qh Qc 6h As]
Seat 7: b1684f2d folded before Flop (didn't bet)
Seat 2: b4c20dc6(big blind) folded on the River
Seat 6: d8fc3475 folded before Flop (didn't bet)
Seat 4: 7fbbd33 folded before Flop (didn't bet)
Seat 5: fffd21f3 showed [Th Ac] and lost with Pair of Aces and Pair of Queens
Seat 1: Hero(small blind) folded before Flop
Seat 3: e6d63e02 showed [Qs Qd] and won ($47.5) with Four Queens



Poker Hand #ring_937570959: NLH No Limit ($1/$2) - 2025/06/15 18:44:48
Table 'MR NLH 1/2' 7-max Seat #6 is the button
Seat 7: b1684f2d ($512.7 in chips)
Seat 2: b4c20dc6 ($501.34 in chips)
Seat 6: d8fc3475 ($1,110.2 in chips)
Seat 4: 7fbbd33 ($731.96 in chips)
Seat 5: fffd21f3 ($525.75 in chips)
Seat 1: Hero ($292.05 in chips)
Seat 3: e6d63e02 ($497.74 in chips)
b1684f2d: posts small blind $1
Hero: posts big blind $2
*** HOLE CARDS ***
Dealt to b1684f2d 
Dealt to b4c20dc6 
Dealt to d8fc3475 
Dealt to 7fbbd33 
Dealt to fffd21f3 
Dealt to Hero [6c 5c]
Dealt to e6d63e02 
b4c20dc6: folds
e6d63e02: folds
7fbbd33: folds
fffd21f3: folds
d8fc3475: folds
b1684f2d: raises $4 to $6
Hero: calls $4
*** FLOP *** [Tc 8h 8d]
b1684f2d: bets $3.96
Hero: calls $3.96
*** TURN *** [Tc 8h 8d] [7s]
b1684f2d: checks
Hero: checks
*** RIVER *** [Tc 8h 8d 7s] [Jd]
b1684f2d: checks
Hero: bets $5.98
b1684f2d: calls $5.98
Hero: shows [6c 5c]
b1684f2d: shows [Td 7d]
*** SHOWDOWN ***
b1684f2d collected $31.88 from pot
*** SUMMARY ***
Total pot $31.88
Board [Tc 8h 8d 7s Jd]
Seat 7: b1684f2d(small blind) showed [Td 7d] and won ($31.88) with Pair of Tens and Pair of Eights
Seat 2: b4c20dc6 folded before Flop (didn't bet)
Seat 6: d8fc3475 folded before Flop (didn't bet)
Seat 4: 7fbbd33 folded before Flop (didn't bet)
Seat 5: fffd21f3 folded before Flop (didn't bet)
Seat 1: Hero(big blind) showed [6c 5c] and lost with Pair of Eights
Seat 3: e6d63e02 folded before Flop (didn't bet)



Poker Hand #ring_937568935: NLH No Limit ($1/$2) - 2025/06/15 18:43:25
Table 'MR NLH 1/2' 7-max Seat #5 is the button
Seat 7: b1684f2d ($529.1 in chips)
Seat 2: b4c20dc6 ($501.34 in chips)
Seat 6: d8fc3475 ($1,111.2 in chips)
Seat 4: 7fbbd33 ($731.96 in chips)
Seat 5: fffd21f3 ($525.75 in chips)
Seat 1: Hero ($276.67 in chips)
Seat 3: e6d63e02 ($497.74 in chips)
d8fc3475: posts small blind $1
b1684f2d: posts big blind $2
*** HOLE CARDS ***
Dealt to b1684f2d 
Dealt to b4c20dc6 
Dealt to d8fc3475 
Dealt to 7fbbd33 
Dealt to fffd21f3 
Dealt to Hero [5s 6s]
Dealt to e6d63e02 
Hero: raises $4 to $6
b4c20dc6: folds
e6d63e02: folds
7fbbd33: folds
fffd21f3: folds
d8fc3475: folds
b1684f2d: calls $4
*** FLOP *** [Ks 8d 9s]
b1684f2d: checks
Hero: bets $10.4
b1684f2d: calls $10.4
*** TURN *** [Ks 8d 9s] [Qc]
b1684f2d: checks
Hero: bets $27.04
b1684f2d: folds
Uncalled bet ($27.04) returned to Hero
*** SHOWDOWN ***
Hero collected $33.8 from pot
*** SUMMARY ***
Total pot $33.8
Board [Ks 8d 9s Qc]
Seat 7: b1684f2d(big blind) folded on the Turn
Seat 2: b4c20dc6 folded before Flop (didn't bet)
Seat 6: d8fc3475(small blind) folded before Flop
Seat 4: 7fbbd33 folded before Flop (didn't bet)
Seat 5: fffd21f3 folded before Flop (didn't bet)
Seat 1: Herowon ($33.8) with King-High
Seat 3: e6d63e02 folded before Flop (didn't bet)



Poker Hand #ring_937568351: NLH No Limit ($1/$2) - 2025/06/15 18:42:59
Table 'MR NLH 1/2' 7-max Seat #4 is the button
Seat 7: b1684f2d ($529.1 in chips)
Seat 2: b4c20dc6 ($501.34 in chips)
Seat 6: d8fc3475 ($1,110.2 in chips)
Seat 4: 7fbbd33 ($731.96 in chips)
Seat 5: fffd21f3 ($526.75 in chips)
Seat 1: Hero ($276.67 in chips)
Seat 3: e6d63e02 ($497.74 in chips)
fffd21f3: posts small blind $1
d8fc3475: posts big blind $2
*** HOLE CARDS ***
Dealt to b1684f2d 
Dealt to b4c20dc6 
Dealt to d8fc3475 
Dealt to 7fbbd33 
Dealt to fffd21f3 
Dealt to Hero [5s Ac]
Dealt to e6d63e02 
b1684f2d: folds
Hero: folds
b4c20dc6: folds
e6d63e02: folds
7fbbd33: folds
fffd21f3: folds
*** SHOWDOWN ***
d8fc3475 collected $3 from pot
*** SUMMARY ***
Total pot $3
Seat 7: b1684f2d folded before Flop (didn't bet)
Seat 2: b4c20dc6 folded before Flop (didn't bet)
Seat 6: d8fc3475(big blind)won ($3)
Seat 4: 7fbbd33 folded before Flop (didn't bet)
Seat 5: fffd21f3(small blind) folded before Flop
Seat 1: Hero folded before Flop (didn't bet)
Seat 3: e6d63e02 folded before Flop (didn't bet)



Poker Hand #ring_937567871: NLH No Limit ($1/$2) - 2025/06/15 18:42:40
Table 'MR NLH 1/2' 7-max Seat #3 is the button
Seat 7: b1684f2d ($529.1 in chips)
Seat 2: b4c20dc6 ($501.34 in chips)
Seat 6: d8fc3475 ($1,110.2 in chips)
Seat 4: 7fbbd33 ($732.96 in chips)
Seat 5: fffd21f3 ($525.75 in chips)
Seat 1: Hero ($276.67 in chips)
Seat 3: e6d63e02 ($497.74 in chips)
7fbbd33: posts small blind $1
fffd21f3: posts big blind $2
*** HOLE CARDS ***
Dealt to b1684f2d 
Dealt to b4c20dc6 
Dealt to d8fc3475 
Dealt to 7fbbd33 
Dealt to fffd21f3 
Dealt to Hero [8s Th]
Dealt to e6d63e02 
d8fc3475: folds
b1684f2d: folds
Hero: folds
b4c20dc6: folds
e6d63e02: folds
7fbbd33: folds
*** SHOWDOWN ***
fffd21f3 collected $3 from pot
*** SUMMARY ***
Total pot $3
Seat 7: b1684f2d folded before Flop (didn't bet)
Seat 2: b4c20dc6 folded before Flop (didn't bet)
Seat 6: d8fc3475 folded before Flop (didn't bet)
Seat 4: 7fbbd33(small blind) folded before Flop
Seat 5: fffd21f3(big blind)won ($3)
Seat 1: Hero folded before Flop (didn't bet)
Seat 3: e6d63e02 folded before Flop (didn't bet)



Poker Hand #ring_937567008: NLH No Limit ($1/$2) - 2025/06/15 18:42:04
Table 'MR NLH 1/2' 7-max Seat #2 is the button
Seat 7: b1684f2d ($529.1 in chips)
Seat 2: b4c20dc6 ($501.34 in chips)
Seat 6: d8fc3475 ($1,107.2 in chips)
Seat 4: 7fbbd33 ($734.96 in chips)
Seat 5: fffd21f3 ($525.75 in chips)
Seat 1: Hero ($276.67 in chips)
Seat 3: e6d63e02 ($498.74 in chips)
e6d63e02: posts small blind $1
7fbbd33: posts big blind $2
*** HOLE CARDS ***
Dealt to b1684f2d 
Dealt to b4c20dc6 
Dealt to d8fc3475 
Dealt to 7fbbd33 
Dealt to fffd21f3 
Dealt to Hero [Jc 4s]
Dealt to e6d63e02 
fffd21f3: folds
d8fc3475: raises $4 to $6
b1684f2d: folds
Hero: folds
b4c20dc6: folds
e6d63e02: folds
7fbbd33: folds
Uncalled bet ($4) returned to d8fc3475
*** SHOWDOWN ***
d8fc3475 collected $5 from pot
*** SUMMARY ***
Total pot $5
Seat 7: b1684f2d folded before Flop (didn't bet)
Seat 2: b4c20dc6 folded before Flop (didn't bet)
Seat 6: d8fc3475won ($5)
Seat 4: 7fbbd33(big blind) folded before Flop
Seat 5: fffd21f3 folded before Flop (didn't bet)
Seat 1: Hero folded before Flop (didn't bet)
Seat 3: e6d63e02(small blind) folded before Flop



Poker Hand #ring_937565493: NLH No Limit ($1/$2) - 2025/06/15 18:41:03
Table 'MR NLH 1/2' 7-max Seat #1 is the button
Seat 7: b1684f2d ($534.1 in chips)
Seat 2: b4c20dc6 ($502.34 in chips)
Seat 6: d8fc3475 ($1,107.2 in chips)
Seat 4: 7fbbd33 ($734.96 in chips)
Seat 5: fffd21f3 ($456.82 in chips)
Seat 1: Hero ($276.67 in chips)
Seat 3: e6d63e02 ($568.74 in chips)
b4c20dc6: posts small blind $1
e6d63e02: posts big blind $2
*** HOLE CARDS ***
Dealt to b1684f2d 
Dealt to b4c20dc6 
Dealt to d8fc3475 
Dealt to 7fbbd33 
Dealt to fffd21f3 
Dealt to Hero [3s Qs]
Dealt to e6d63e02 
7fbbd33: folds
fffd21f3: raises $3 to $5
d8fc3475: folds
b1684f2d: calls $5
Hero: folds
b4c20dc6: folds
e6d63e02: raises $23 to $28
fffd21f3: raises $42 to $70
b1684f2d: folds
e6d63e02: calls $42
*** FLOP *** [Td 5h 5s]
e6d63e02: checks
fffd21f3: bets $36.5
e6d63e02: folds
Uncalled bet ($36.5) returned to fffd21f3
*** SHOWDOWN ***
fffd21f3 collected $146 from pot
*** SUMMARY ***
Total pot $146
Board [Td 5h 5s]
Seat 7: b1684f2d folded before Flop
Seat 2: b4c20dc6(small blind) folded before Flop
Seat 6: d8fc3475 folded before Flop (didn't bet)
Seat 4: 7fbbd33 folded before Flop (didn't bet)
Seat 5: fffd21f3won ($146) with Pair of Aces and Pair of Fives
Seat 1: Hero folded before Flop (didn't bet)
Seat 3: e6d63e02(big blind) folded on the Flop



Poker Hand #ring_937564606: NLH No Limit ($1/$2) - 2025/06/15 18:40:26
Table 'MR NLH 1/2' 7-max Seat #7 is the button
Seat 7: b1684f2d ($534.1 in chips)
Seat 2: b4c20dc6 ($504.34 in chips)
Seat 6: d8fc3475 ($1,107.2 in chips)
Seat 4: 7fbbd33 ($734.96 in chips)
Seat 5: fffd21f3 ($453.82 in chips)
Seat 1: Hero ($277.67 in chips)
Seat 3: e6d63e02 ($568.74 in chips)
Hero: posts small blind $1
b4c20dc6: posts big blind $2
*** HOLE CARDS ***
Dealt to b1684f2d 
Dealt to b4c20dc6 
Dealt to d8fc3475 
Dealt to 7fbbd33 
Dealt to fffd21f3 
Dealt to Hero [As 7h]
Dealt to e6d63e02 
e6d63e02: folds
7fbbd33: folds
fffd21f3: raises $3 to $5
d8fc3475: folds
b1684f2d: folds
Hero: folds
b4c20dc6: folds
Uncalled bet ($3) returned to fffd21f3
*** SHOWDOWN ***
fffd21f3 collected $5 from pot
*** SUMMARY ***
Total pot $5
Seat 7: b1684f2d folded before Flop (didn't bet)
Seat 2: b4c20dc6(big blind) folded before Flop
Seat 6: d8fc3475 folded before Flop (didn't bet)
Seat 4: 7fbbd33 folded before Flop (didn't bet)
Seat 5: fffd21f3won ($5)
Seat 1: Hero(small blind) folded before Flop
Seat 3: e6d63e02 folded before Flop (didn't bet)



Poker Hand #ring_937562568: NLH No Limit ($1/$2) - 2025/06/15 18:39:05
Table 'MR NLH 1/2' 7-max Seat #6 is the button
Seat 7: b1684f2d ($547.1 in chips)
Seat 2: b4c20dc6 ($504.34 in chips)
Seat 6: d8fc3475 ($1,093.96 in chips)
Seat 4: 7fbbd33 ($734.96 in chips)
Seat 5: fffd21f3 ($453.82 in chips)
Seat 1: Hero ($279.67 in chips)
Seat 3: e6d63e02 ($568.74 in chips)
b1684f2d: posts small blind $1
Hero: posts big blind $2
*** HOLE CARDS ***
Dealt to b1684f2d 
Dealt to b4c20dc6 
Dealt to d8fc3475 
Dealt to 7fbbd33 
Dealt to fffd21f3 
Dealt to Hero [Th 5s]
Dealt to e6d63e02 
b4c20dc6: folds
e6d63e02: folds
7fbbd33: folds
fffd21f3: folds
d8fc3475: raises $4 to $6
b1684f2d: calls $5
Hero: folds
*** FLOP *** [Jc 9s 4h]
b1684f2d: checks
d8fc3475: bets $7
b1684f2d: calls $7
*** TURN *** [Jc 9s 4h] [3d]
b1684f2d: checks
d8fc3475: checks
*** RIVER *** [Jc 9s 4h 3d] [3c]
b1684f2d: checks
d8fc3475: checks
d8fc3475: shows [As 4s]
b1684f2d: shows [8s 7c]
*** SHOWDOWN ***
d8fc3475 collected $28 from pot
*** SUMMARY ***
Total pot $28
Board [Jc 9s 4h 3d 3c]
Seat 7: b1684f2d(small blind) showed [8s 7c] and lost with Pair of Treys
Seat 2: b4c20dc6 folded before Flop (didn't bet)
Seat 6: d8fc3475 showed [As 4s] and won ($28) with Pair of Fours and Pair of Treys
Seat 4: 7fbbd33 folded before Flop (didn't bet)
Seat 5: fffd21f3 folded before Flop (didn't bet)
Seat 1: Hero(big blind) folded before Flop
Seat 3: e6d63e02 folded before Flop (didn't bet)



Poker Hand #ring_937562036: NLH No Limit ($1/$2) - 2025/06/15 18:38:43
Table 'MR NLH 1/2' 7-max Seat #5 is the button
Seat 7: b1684f2d ($549.1 in chips)
Seat 2: b4c20dc6 ($504.34 in chips)
Seat 6: d8fc3475 ($1,091.96 in chips)
Seat 4: 7fbbd33 ($734.96 in chips)
Seat 5: fffd21f3 ($453.82 in chips)
Seat 1: Hero ($279.67 in chips)
Seat 3: e6d63e02 ($568.74 in chips)
d8fc3475: posts small blind $1
b1684f2d: posts big blind $2
*** HOLE CARDS ***
Dealt to b1684f2d 
Dealt to b4c20dc6 
Dealt to d8fc3475 
Dealt to 7fbbd33 
Dealt to fffd21f3 
Dealt to Hero [4s Qh]
Dealt to e6d63e02 
Hero: folds
b4c20dc6: folds
e6d63e02: folds
7fbbd33: folds
fffd21f3: folds
d8fc3475: raises $4 to $6
b1684f2d: folds
Uncalled bet ($4) returned to d8fc3475
*** SHOWDOWN ***
d8fc3475 collected $4 from pot
*** SUMMARY ***
Total pot $4
Seat 7: b1684f2d(big blind) folded before Flop
Seat 2: b4c20dc6 folded before Flop (didn't bet)
Seat 6: d8fc3475(small blind)won ($4)
Seat 4: 7fbbd33 folded before Flop (didn't bet)
Seat 5: fffd21f3 folded before Flop (didn't bet)
Seat 1: Hero folded before Flop (didn't bet)
Seat 3: e6d63e02 folded before Flop (didn't bet)



Poker Hand #ring_937561451: NLH No Limit ($1/$2) - 2025/06/15 18:38:20
Table 'MR NLH 1/2' 7-max Seat #4 is the button
Seat 7: b1684f2d ($549.1 in chips)
Seat 2: b4c20dc6 ($504.34 in chips)
Seat 6: d8fc3475 ($1,090.96 in chips)
Seat 4: 7fbbd33 ($734.96 in chips)
Seat 5: fffd21f3 ($454.82 in chips)
Seat 1: Hero ($279.67 in chips)
Seat 3: e6d63e02 ($568.74 in chips)
fffd21f3: posts small blind $1
d8fc3475: posts big blind $2
*** HOLE CARDS ***
Dealt to b1684f2d 
Dealt to b4c20dc6 
Dealt to d8fc3475 
Dealt to 7fbbd33 
Dealt to fffd21f3 
Dealt to Hero [Ah 3c]
Dealt to e6d63e02 
b1684f2d: folds
Hero: folds
b4c20dc6: folds
e6d63e02: folds
7fbbd33: folds
fffd21f3: folds
*** SHOWDOWN ***
d8fc3475 collected $3 from pot
*** SUMMARY ***
Total pot $3
Seat 7: b1684f2d folded before Flop (didn't bet)
Seat 2: b4c20dc6 folded before Flop (didn't bet)
Seat 6: d8fc3475(big blind)won ($3)
Seat 4: 7fbbd33 folded before Flop (didn't bet)
Seat 5: fffd21f3(small blind) folded before Flop
Seat 1: Hero folded before Flop (didn't bet)
Seat 3: e6d63e02 folded before Flop (didn't bet)



Poker Hand #ring_937560886: NLH No Limit ($1/$2) - 2025/06/15 18:37:56
Table 'MR NLH 1/2' 7-max Seat #3 is the button
Seat 7: b1684f2d ($549.1 in chips)
Seat 2: b4c20dc6 ($504.34 in chips)
Seat 6: d8fc3475 ($1,087.96 in chips)
Seat 4: 7fbbd33 ($735.96 in chips)
Seat 5: fffd21f3 ($456.82 in chips)
Seat 1: Hero ($279.67 in chips)
Seat 3: e6d63e02 ($568.74 in chips)
7fbbd33: posts small blind $1
fffd21f3: posts big blind $2
*** HOLE CARDS ***
Dealt to b1684f2d 
Dealt to b4c20dc6 
Dealt to d8fc3475 
Dealt to 7fbbd33 
Dealt to fffd21f3 
Dealt to Hero [4s 3s]
Dealt to e6d63e02 
d8fc3475: raises $4 to $6
b1684f2d: folds
Hero: folds
b4c20dc6: folds
e6d63e02: folds
7fbbd33: folds
fffd21f3: folds
Uncalled bet ($4) returned to d8fc3475
*** SHOWDOWN ***
d8fc3475 collected $5 from pot
*** SUMMARY ***
Total pot $5
Seat 7: b1684f2d folded before Flop (didn't bet)
Seat 2: b4c20dc6 folded before Flop (didn't bet)
Seat 6: d8fc3475won ($5)
Seat 4: 7fbbd33(small blind) folded before Flop
Seat 5: fffd21f3(big blind) folded before Flop
Seat 1: Hero folded before Flop (didn't bet)
Seat 3: e6d63e02 folded before Flop (didn't bet)



Poker Hand #ring_937559194: NLH No Limit ($1/$2) - 2025/06/15 18:36:48
Table 'MR NLH 1/2' 7-max Seat #2 is the button
Seat 7: b1684f2d ($536.5 in chips)
Seat 2: b4c20dc6 ($510.34 in chips)
Seat 6: d8fc3475 ($1,087.96 in chips)
Seat 4: 7fbbd33 ($737.96 in chips)
Seat 5: fffd21f3 ($456.82 in chips)
Seat 1: Hero ($279.67 in chips)
Seat 3: e6d63e02 ($574.74 in chips)
e6d63e02: posts small blind $1
7fbbd33: posts big blind $2
*** HOLE CARDS ***
Dealt to b1684f2d 
Dealt to b4c20dc6 
Dealt to d8fc3475 
Dealt to 7fbbd33 
Dealt to fffd21f3 
Dealt to Hero [4c 5h]
Dealt to e6d63e02 
fffd21f3: folds
d8fc3475: folds
b1684f2d: raises $4 to $6
Hero: folds
b4c20dc6: calls $6
e6d63e02: calls $5
7fbbd33: folds
*** FLOP *** [Kd 6d 9c]
e6d63e02: checks
b1684f2d: checks
b4c20dc6: checks
*** TURN *** [Kd 6d 9c] [4h]
e6d63e02: checks
b1684f2d: bets $15
b4c20dc6: folds
e6d63e02: folds
Uncalled bet ($15) returned to b1684f2d
*** SHOWDOWN ***
b1684f2d collected $20 from pot
*** SUMMARY ***
Total pot $20
Board [Kd 6d 9c 4h]
Seat 7: b1684f2dwon ($20) with Pair of Queens
Seat 2: b4c20dc6 folded on the Turn
Seat 6: d8fc3475 folded before Flop (didn't bet)
Seat 4: 7fbbd33(big blind) folded before Flop
Seat 5: fffd21f3 folded before Flop (didn't bet)
Seat 1: Hero folded before Flop (didn't bet)
Seat 3: e6d63e02(small blind) folded on the Turn



Poker Hand #ring_937558624: NLH No Limit ($1/$2) - 2025/06/15 18:36:25
Table 'MR NLH 1/2' 7-max Seat #1 is the button
Seat 7: b1684f2d ($536.5 in chips)
Seat 2: b4c20dc6 ($511.34 in chips)
Seat 6: d8fc3475 ($1,087.96 in chips)
Seat 4: 7fbbd33 ($737.96 in chips)
Seat 5: fffd21f3 ($456.82 in chips)
Seat 1: Hero ($279.67 in chips)
Seat 3: e6d63e02 ($573.74 in chips)
b4c20dc6: posts small blind $1
e6d63e02: posts big blind $2
*** HOLE CARDS ***
Dealt to b1684f2d 
Dealt to b4c20dc6 
Dealt to d8fc3475 
Dealt to 7fbbd33 
Dealt to fffd21f3 
Dealt to Hero [Th 2d]
Dealt to e6d63e02 
7fbbd33: folds
fffd21f3: folds
d8fc3475: folds
b1684f2d: folds
Hero: folds
b4c20dc6: folds
*** SHOWDOWN ***
e6d63e02 collected $3 from pot
*** SUMMARY ***
Total pot $3
Seat 7: b1684f2d folded before Flop (didn't bet)
Seat 2: b4c20dc6(small blind) folded before Flop
Seat 6: d8fc3475 folded before Flop (didn't bet)
Seat 4: 7fbbd33 folded before Flop (didn't bet)
Seat 5: fffd21f3 folded before Flop (didn't bet)
Seat 1: Hero folded before Flop (didn't bet)
Seat 3: e6d63e02(big blind)won ($3)



Poker Hand #ring_937558021: NLH No Limit ($1/$2) - 2025/06/15 18:36:00
Table 'MR NLH 1/2' 7-max Seat #7 is the button
Seat 7: b1684f2d ($533.5 in chips)
Seat 2: b4c20dc6 ($513.34 in chips)
Seat 6: d8fc3475 ($1,087.96 in chips)
Seat 4: 7fbbd33 ($737.96 in chips)
Seat 5: fffd21f3 ($456.82 in chips)
Seat 1: Hero ($280.67 in chips)
Seat 3: e6d63e02 ($573.74 in chips)
Hero: posts small blind $1
b4c20dc6: posts big blind $2
*** HOLE CARDS ***
Dealt to b1684f2d 
Dealt to b4c20dc6 
Dealt to d8fc3475 
Dealt to 7fbbd33 
Dealt to fffd21f3 
Dealt to Hero [6c Ac]
Dealt to e6d63e02 
e6d63e02: folds
7fbbd33: folds
fffd21f3: folds
d8fc3475: folds
b1684f2d: raises $4 to $6
Hero: folds
b4c20dc6: folds
Uncalled bet ($4) returned to b1684f2d
*** SHOWDOWN ***
b1684f2d collected $5 from pot
*** SUMMARY ***
Total pot $5
Seat 7: b1684f2dwon ($5)
Seat 2: b4c20dc6(big blind) folded before Flop
Seat 6: d8fc3475 folded before Flop (didn't bet)
Seat 4: 7fbbd33 folded before Flop (didn't bet)
Seat 5: fffd21f3 folded before Flop (didn't bet)
Seat 1: Hero(small blind) folded before Flop
Seat 3: e6d63e02 folded before Flop (didn't bet)



Poker Hand #ring_937556516: NLH No Limit ($1/$2) - 2025/06/15 18:35:00
Table 'MR NLH 1/2' 7-max Seat #6 is the button
Seat 7: b1684f2d ($552.62 in chips)
Seat 2: b4c20dc6 ($513.34 in chips)
Seat 6: d8fc3475 ($1,087.96 in chips)
Seat 4: 7fbbd33 ($737.96 in chips)
Seat 5: fffd21f3 ($456.82 in chips)
Seat 1: Hero ($263.77 in chips)
Seat 3: e6d63e02 ($573.74 in chips)
b1684f2d: posts small blind $1
Hero: posts big blind $2
*** HOLE CARDS ***
Dealt to b1684f2d 
Dealt to b4c20dc6 
Dealt to d8fc3475 
Dealt to 7fbbd33 
Dealt to fffd21f3 
Dealt to Hero [Td Tc]
Dealt to e6d63e02 
b4c20dc6: folds
e6d63e02: folds
7fbbd33: folds
fffd21f3: folds
d8fc3475: folds
b1684f2d: raises $4 to $6
Hero: raises $13.12 to $19.12
b1684f2d: calls $13.12
*** FLOP *** [Kd 6c Ah]
b1684f2d: checks
Hero: bets $30.6
b1684f2d: folds
Uncalled bet ($30.6) returned to Hero
*** SHOWDOWN ***
Hero collected $38.24 from pot
*** SUMMARY ***
Total pot $38.24
Board [Kd 6c Ah]
Seat 7: b1684f2d(small blind) folded on the Flop
Seat 2: b4c20dc6 folded before Flop (didn't bet)
Seat 6: d8fc3475 folded before Flop (didn't bet)
Seat 4: 7fbbd33 folded before Flop (didn't bet)
Seat 5: fffd21f3 folded before Flop (didn't bet)
Seat 1: Hero(big blind)won ($38.24) with Pair of Tens
Seat 3: e6d63e02 folded before Flop (didn't bet)



Poker Hand #ring_937555684: NLH No Limit ($1/$2) - 2025/06/15 18:34:27
Table 'MR NLH 1/2' 7-max Seat #5 is the button
Seat 7: b1684f2d ($554.62 in chips)
Seat 2: b4c20dc6 ($518.34 in chips)
Seat 6: d8fc3475 ($1,088.96 in chips)
Seat 4: 7fbbd33 ($737.96 in chips)
Seat 5: fffd21f3 ($456.82 in chips)
Seat 1: Hero ($263.77 in chips)
Seat 3: e6d63e02 ($565.74 in chips)
d8fc3475: posts small blind $1
b1684f2d: posts big blind $2
*** HOLE CARDS ***
Dealt to b1684f2d 
Dealt to b4c20dc6 
Dealt to d8fc3475 
Dealt to 7fbbd33 
Dealt to fffd21f3 
Dealt to Hero [9h 5h]
Dealt to e6d63e02 
Hero: folds
b4c20dc6: raises $3 to $5
e6d63e02: raises $15 to $20
7fbbd33: folds
fffd21f3: folds
d8fc3475: folds
b1684f2d: folds
b4c20dc6: folds
Uncalled bet ($15) returned to e6d63e02
*** SHOWDOWN ***
e6d63e02 collected $13 from pot
*** SUMMARY ***
Total pot $13
Seat 7: b1684f2d(big blind) folded before Flop
Seat 2: b4c20dc6 folded before Flop
Seat 6: d8fc3475(small blind) folded before Flop
Seat 4: 7fbbd33 folded before Flop (didn't bet)
Seat 5: fffd21f3 folded before Flop (didn't bet)
Seat 1: Hero folded before Flop (didn't bet)
Seat 3: e6d63e02won ($13)



Poker Hand #ring_937554915: NLH No Limit ($1/$2) - 2025/06/15 18:33:56
Table 'MR NLH 1/2' 7-max Seat #4 is the button
Seat 2: b4c20dc6 ($523.34 in chips)
Seat 6: d8fc3475 ($1,090.96 in chips)
Seat 4: 7fbbd33 ($737.96 in chips)
Seat 5: fffd21f3 ($457.82 in chips)
Seat 1: Hero ($263.77 in chips)
Seat 3: e6d63e02 ($557.74 in chips)
fffd21f3: posts small blind $1
d8fc3475: posts big blind $2
*** HOLE CARDS ***
Dealt to b4c20dc6 
Dealt to d8fc3475 
Dealt to 7fbbd33 
Dealt to fffd21f3 
Dealt to Hero [8s Qc]
Dealt to e6d63e02 
Hero: folds
b4c20dc6: raises $3 to $5
e6d63e02: raises $15 to $20
7fbbd33: folds
fffd21f3: folds
d8fc3475: folds
b4c20dc6: folds
Uncalled bet ($15) returned to e6d63e02
*** SHOWDOWN ***
e6d63e02 collected $13 from pot
*** SUMMARY ***
Total pot $13
Seat 2: b4c20dc6 folded before Flop
Seat 6: d8fc3475(big blind) folded before Flop
Seat 4: 7fbbd33 folded before Flop (didn't bet)
Seat 5: fffd21f3(small blind) folded before Flop
Seat 1: Hero folded before Flop (didn't bet)
Seat 3: e6d63e02won ($13)



Poker Hand #ring_937554205: NLH No Limit ($1/$2) - 2025/06/15 18:33:27
Table 'MR NLH 1/2' 7-max Seat #3 is the button
Seat 2: b4c20dc6 ($523.34 in chips)
Seat 6: d8fc3475 ($1,087.96 in chips)
Seat 4: 7fbbd33 ($738.96 in chips)
Seat 5: fffd21f3 ($459.82 in chips)
Seat 1: Hero ($263.77 in chips)
Seat 3: e6d63e02 ($557.74 in chips)
7fbbd33: posts small blind $1
fffd21f3: posts big blind $2
*** HOLE CARDS ***
Dealt to b4c20dc6 
Dealt to d8fc3475 
Dealt to 7fbbd33 
Dealt to fffd21f3 
Dealt to Hero [7s Qc]
Dealt to e6d63e02 
d8fc3475: raises $4 to $6
Hero: folds
b4c20dc6: folds
e6d63e02: folds
7fbbd33: folds
fffd21f3: folds
Uncalled bet ($4) returned to d8fc3475
*** SHOWDOWN ***
d8fc3475 collected $5 from pot
*** SUMMARY ***
Total pot $5
Seat 2: b4c20dc6 folded before Flop (didn't bet)
Seat 6: d8fc3475won ($5)
Seat 4: 7fbbd33(small blind) folded before Flop
Seat 5: fffd21f3(big blind) folded before Flop
Seat 1: Hero folded before Flop (didn't bet)
Seat 3: e6d63e02 folded before Flop (didn't bet)



Poker Hand #ring_937553781: NLH No Limit ($1/$2) - 2025/06/15 18:33:11
Table 'MR NLH 1/2' 7-max Seat #2 is the button
Seat 2: b4c20dc6 ($523.34 in chips)
Seat 6: d8fc3475 ($1,087.96 in chips)
Seat 4: 7fbbd33 ($737.96 in chips)
Seat 5: fffd21f3 ($459.82 in chips)
Seat 1: Hero ($263.77 in chips)
Seat 3: e6d63e02 ($558.74 in chips)
e6d63e02: posts small blind $1
7fbbd33: posts big blind $2
*** HOLE CARDS ***
Dealt to b4c20dc6 
Dealt to d8fc3475 
Dealt to 7fbbd33 
Dealt to fffd21f3 
Dealt to Hero [Js 5s]
Dealt to e6d63e02 
fffd21f3: folds
d8fc3475: folds
Hero: folds
b4c20dc6: folds
e6d63e02: folds
*** SHOWDOWN ***
7fbbd33 collected $3 from pot
*** SUMMARY ***
Total pot $3
Seat 2: b4c20dc6 folded before Flop (didn't bet)
Seat 6: d8fc3475 folded before Flop (didn't bet)
Seat 4: 7fbbd33(big blind)won ($3)
Seat 5: fffd21f3 folded before Flop (didn't bet)
Seat 1: Hero folded before Flop (didn't bet)
Seat 3: e6d63e02(small blind) folded before Flop



Poker Hand #ring_937552566: NLH No Limit ($1/$2) - 2025/06/15 18:32:23
Table 'MR NLH 1/2' 7-max Seat #1 is the button
Seat 2: b4c20dc6 ($524.34 in chips)
Seat 6: d8fc3475 ($1,087.96 in chips)
Seat 4: 7fbbd33 ($742.96 in chips)
Seat 5: fffd21f3 ($493.82 in chips)
Seat 1: Hero ($268.77 in chips)
Seat 3: e6d63e02 ($517.79 in chips)
b4c20dc6: posts small blind $1
e6d63e02: posts big blind $2
*** HOLE CARDS ***
Dealt to b4c20dc6 
Dealt to d8fc3475 
Dealt to 7fbbd33 
Dealt to fffd21f3 
Dealt to Hero [Qs Jh]
Dealt to e6d63e02 
7fbbd33: raises $3 to $5
fffd21f3: calls $5
d8fc3475: folds
Hero: calls $5
b4c20dc6: folds
e6d63e02: raises $29 to $34
7fbbd33: folds
fffd21f3: calls $29
Hero: folds
*** FLOP *** [Kh 5c Th]
e6d63e02: bets $26.07
fffd21f3: folds
Uncalled bet ($26.07) returned to e6d63e02
*** SHOWDOWN ***
e6d63e02 collected $79 from pot
*** SUMMARY ***
Total pot $79
Board [Kh 5c Th]
Seat 2: b4c20dc6(small blind) folded before Flop
Seat 6: d8fc3475 folded before Flop (didn't bet)
Seat 4: 7fbbd33 folded before Flop
Seat 5: fffd21f3 folded on the Flop
Seat 1: Hero folded before Flop
Seat 3: e6d63e02(big blind)won ($79) with Pair of Aces



Poker Hand #ring_937550821: NLH No Limit ($1/$2) - 2025/06/15 18:31:11
Table 'MR NLH 1/2' 7-max Seat #7 is the button
Seat 7: 437abe6 ($406 in chips)
Seat 2: b4c20dc6 ($530.34 in chips)
Seat 6: d8fc3475 ($1,087.96 in chips)
Seat 4: 7fbbd33 ($742.96 in chips)
Seat 5: fffd21f3 ($493.82 in chips)
Seat 1: Hero ($249.89 in chips)
Seat 3: e6d63e02 ($532.79 in chips)
Hero: posts small blind $1
b4c20dc6: posts big blind $2
*** HOLE CARDS ***
Dealt to 437abe6 
Dealt to b4c20dc6 
Dealt to d8fc3475 
Dealt to 7fbbd33 
Dealt to fffd21f3 
Dealt to Hero [5s 6s]
Dealt to e6d63e02 
e6d63e02: raises $4 to $6
7fbbd33: folds
fffd21f3: folds
d8fc3475: folds
437abe6: folds
Hero: calls $5
b4c20dc6: calls $4
*** FLOP *** [7c 3h Ts]
Hero: checks
b4c20dc6: checks
e6d63e02: checks
*** TURN *** [7c 3h Ts] [3s]
Hero: bets $9
b4c20dc6: folds
e6d63e02: calls $9
*** RIVER *** [7c 3h Ts 3s] [9d]
Hero: bets $28.8
e6d63e02: folds
Uncalled bet ($28.8) returned to Hero
*** SHOWDOWN ***
Hero collected $36 from pot
*** SUMMARY ***
Total pot $36
Board [7c 3h Ts 3s 9d]
Seat 7: 437abe6 folded before Flop (didn't bet)
Seat 2: b4c20dc6(big blind) folded on the Turn
Seat 6: d8fc3475 folded before Flop (didn't bet)
Seat 4: 7fbbd33 folded before Flop (didn't bet)
Seat 5: fffd21f3 folded before Flop (didn't bet)
Seat 1: Hero(small blind)won ($36) with Pair of Treys
Seat 3: e6d63e02 folded on the River



Poker Hand #ring_937550015: NLH No Limit ($1/$2) - 2025/06/15 18:30:39
Table 'MR NLH 1/2' 7-max Seat #6 is the button
Seat 7: 437abe6 ($398 in chips)
Seat 2: b4c20dc6 ($530.34 in chips)
Seat 6: d8fc3475 ($1,093.96 in chips)
Seat 4: 7fbbd33 ($742.96 in chips)
Seat 5: fffd21f3 ($493.82 in chips)
Seat 1: Hero ($251.89 in chips)
Seat 3: e6d63e02 ($532.79 in chips)
437abe6: posts small blind $1
Hero: posts big blind $2
*** HOLE CARDS ***
Dealt to 437abe6 
Dealt to b4c20dc6 
Dealt to d8fc3475 
Dealt to 7fbbd33 
Dealt to fffd21f3 
Dealt to Hero [7h Th]
Dealt to e6d63e02 
b4c20dc6: folds
e6d63e02: folds
7fbbd33: folds
fffd21f3: folds
d8fc3475: raises $4 to $6
437abe6: raises $18 to $24
Hero: folds
d8fc3475: folds
Uncalled bet ($18) returned to 437abe6
*** SHOWDOWN ***
437abe6 collected $14 from pot
*** SUMMARY ***
Total pot $14
Seat 7: 437abe6(small blind)won ($14)
Seat 2: b4c20dc6 folded before Flop (didn't bet)
Seat 6: d8fc3475 folded before Flop
Seat 4: 7fbbd33 folded before Flop (didn't bet)
Seat 5: fffd21f3 folded before Flop (didn't bet)
Seat 1: Hero(big blind) folded before Flop
Seat 3: e6d63e02 folded before Flop (didn't bet)



Poker Hand #ring_937548913: NLH No Limit ($1/$2) - 2025/06/15 18:29:53
Table 'MR NLH 1/2' 7-max Seat #5 is the button
Seat 7: 437abe6 ($400 in chips)
Seat 2: b4c20dc6 ($541.34 in chips)
Seat 6: d8fc3475 ($1,082.54 in chips)
Seat 4: 7fbbd33 ($742.96 in chips)
Seat 5: fffd21f3 ($493.82 in chips)
Seat 1: Hero ($251.89 in chips)
Seat 3: e6d63e02 ($532.79 in chips)
d8fc3475: posts small blind $1
437abe6: posts big blind $2
*** HOLE CARDS ***
Dealt to 437abe6 
Dealt to b4c20dc6 
Dealt to d8fc3475 
Dealt to 7fbbd33 
Dealt to fffd21f3 
Dealt to Hero [2h Ac]
Dealt to e6d63e02 
Hero: folds
b4c20dc6: raises $3 to $5
e6d63e02: folds
7fbbd33: folds
fffd21f3: folds
d8fc3475: calls $4
437abe6: folds
*** FLOP *** [5d 6d 6s]
d8fc3475: bets $6
b4c20dc6: calls $6
*** TURN *** [5d 6d 6s] [9h]
d8fc3475: bets $18
b4c20dc6: folds
Uncalled bet ($18) returned to d8fc3475
*** SHOWDOWN ***
d8fc3475 collected $24 from pot
*** SUMMARY ***
Total pot $24
Board [5d 6d 6s 9h]
Seat 7: 437abe6(big blind) folded before Flop
Seat 2: b4c20dc6 folded on the Turn
Seat 6: d8fc3475(small blind)won ($24) with Pair of Nines and Pair of Sixes
Seat 4: 7fbbd33 folded before Flop (didn't bet)
Seat 5: fffd21f3 folded before Flop (didn't bet)
Seat 1: Hero folded before Flop (didn't bet)
Seat 3: e6d63e02 folded before Flop (didn't bet)



Poker Hand #ring_937547777: NLH No Limit ($1/$2) - 2025/06/15 18:29:07
Table 'MR NLH 1/2' 7-max Seat #4 is the button
Seat 7: 437abe6 ($400 in chips)
Seat 2: b4c20dc6 ($541.34 in chips)
Seat 6: d8fc3475 ($1,084.54 in chips)
Seat 4: 7fbbd33 ($742.96 in chips)
Seat 5: fffd21f3 ($472.39 in chips)
Seat 1: Hero ($251.89 in chips)
Seat 3: e6d63e02 ($554.79 in chips)
fffd21f3: posts small blind $1
d8fc3475: posts big blind $2
*** HOLE CARDS ***
Dealt to 437abe6 
Dealt to b4c20dc6 
Dealt to d8fc3475 
Dealt to 7fbbd33 
Dealt to fffd21f3 
Dealt to Hero [3d 2s]
Dealt to e6d63e02 
437abe6: folds
Hero: folds
b4c20dc6: folds
e6d63e02: raises $4 to $6
7fbbd33: folds
fffd21f3: raises $16 to $22
d8fc3475: folds
e6d63e02: calls $16
*** FLOP *** [Qd Th 6c]
fffd21f3: bets $19.32
e6d63e02: folds
Uncalled bet ($19.32) returned to fffd21f3
*** SHOWDOWN ***
fffd21f3 collected $46 from pot
*** SUMMARY ***
Total pot $46
Board [Qd Th 6c]
Seat 7: 437abe6 folded before Flop (didn't bet)
Seat 2: b4c20dc6 folded before Flop (didn't bet)
Seat 6: d8fc3475(big blind) folded before Flop
Seat 4: 7fbbd33 folded before Flop (didn't bet)
Seat 5: fffd21f3(small blind)won ($46) with Queen-High
Seat 1: Hero folded before Flop (didn't bet)
Seat 3: e6d63e02 folded on the Flop



Poker Hand #ring_937547218: NLH No Limit ($1/$2) - 2025/06/15 18:28:44
Table 'MR NLH 1/2' 7-max Seat #3 is the button
Seat 7: 437abe6 ($400 in chips)
Seat 2: b4c20dc6 ($541.34 in chips)
Seat 6: d8fc3475 ($1,084.54 in chips)
Seat 4: 7fbbd33 ($743.96 in chips)
Seat 5: fffd21f3 ($471.39 in chips)
Seat 1: Hero ($251.89 in chips)
Seat 3: e6d63e02 ($554.79 in chips)
7fbbd33: posts small blind $1
fffd21f3: posts big blind $2
*** HOLE CARDS ***
Dealt to 437abe6 
Dealt to b4c20dc6 
Dealt to d8fc3475 
Dealt to 7fbbd33 
Dealt to fffd21f3 
Dealt to Hero [7h 3s]
Dealt to e6d63e02 
d8fc3475: folds
437abe6: folds
Hero: folds
b4c20dc6: folds
e6d63e02: folds
7fbbd33: folds
*** SHOWDOWN ***
fffd21f3 collected $3 from pot
*** SUMMARY ***
Total pot $3
Seat 7: 437abe6 folded before Flop (didn't bet)
Seat 2: b4c20dc6 folded before Flop (didn't bet)
Seat 6: d8fc3475 folded before Flop (didn't bet)
Seat 4: 7fbbd33(small blind) folded before Flop
Seat 5: fffd21f3(big blind)won ($3)
Seat 1: Hero folded before Flop (didn't bet)
Seat 3: e6d63e02 folded before Flop (didn't bet)



Poker Hand #ring_937546541: NLH No Limit ($1/$2) - 2025/06/15 18:28:16
Table 'MR NLH 1/2' 7-max Seat #2 is the button
Seat 7: 437abe6 ($400 in chips)
Seat 2: b4c20dc6 ($538.34 in chips)
Seat 6: d8fc3475 ($1,084.54 in chips)
Seat 4: 7fbbd33 ($745.96 in chips)
Seat 5: fffd21f3 ($471.39 in chips)
Seat 1: Hero ($251.89 in chips)
Seat 3: e6d63e02 ($555.79 in chips)
e6d63e02: posts small blind $1
7fbbd33: posts big blind $2
*** HOLE CARDS ***
Dealt to 437abe6 
Dealt to b4c20dc6 
Dealt to d8fc3475 
Dealt to 7fbbd33 
Dealt to fffd21f3 
Dealt to Hero [8c 3s]
Dealt to e6d63e02 
fffd21f3: folds
d8fc3475: folds
437abe6: folds
Hero: folds
b4c20dc6: raises $3 to $5
e6d63e02: folds
7fbbd33: folds
Uncalled bet ($3) returned to b4c20dc6
*** SHOWDOWN ***
b4c20dc6 collected $5 from pot
*** SUMMARY ***
Total pot $5
Seat 7: 437abe6 folded before Flop (didn't bet)
Seat 2: b4c20dc6won ($5)
Seat 6: d8fc3475 folded before Flop (didn't bet)
Seat 4: 7fbbd33(big blind) folded before Flop
Seat 5: fffd21f3 folded before Flop (didn't bet)
Seat 1: Hero folded before Flop (didn't bet)
Seat 3: e6d63e02(small blind) folded before Flop



Poker Hand #ring_937544651: NLH No Limit ($1/$2) - 2025/06/15 18:26:55
Table 'MR NLH 1/2' 7-max Seat #1 is the button
Seat 7: 437abe6 ($235.98 in chips)
Seat 2: b4c20dc6 ($539.34 in chips)
Seat 6: d8fc3475 ($1,084.54 in chips)
Seat 4: 7fbbd33 ($745.96 in chips)
Seat 5: fffd21f3 ($471.39 in chips)
Seat 1: Hero ($261.39 in chips)
Seat 3: e6d63e02 ($546.69 in chips)
b4c20dc6: posts small blind $1
e6d63e02: posts big blind $2
*** HOLE CARDS ***
Dealt to 437abe6 
Dealt to b4c20dc6 
Dealt to d8fc3475 
Dealt to 7fbbd33 
Dealt to fffd21f3 
Dealt to Hero [Th 7c]
Dealt to e6d63e02 
7fbbd33: folds
fffd21f3: folds
d8fc3475: folds
437abe6: folds
Hero: calls $2
b4c20dc6: folds
e6d63e02: checks
*** FLOP *** [Ac 5c 3s]
e6d63e02: checks
Hero: bets $2.5
e6d63e02: calls $2.5
*** TURN *** [Ac 5c 3s] [Td]
e6d63e02: checks
Hero: bets $5
e6d63e02: calls $5
*** RIVER *** [Ac 5c 3s Td] [Qh]
e6d63e02: checks
Hero: checks
Hero: shows [Th 7c]
e6d63e02: shows [Ad 8d]
*** SHOWDOWN ***
e6d63e02 collected $20 from pot
*** SUMMARY ***
Total pot $20
Board [Ac 5c 3s Td Qh]
Seat 7: 437abe6 folded before Flop (didn't bet)
Seat 2: b4c20dc6(small blind) folded before Flop
Seat 6: d8fc3475 folded before Flop (didn't bet)
Seat 4: 7fbbd33 folded before Flop (didn't bet)
Seat 5: fffd21f3 folded before Flop (didn't bet)
Seat 1: Hero showed [Th 7c] and lost with Pair of Tens
Seat 3: e6d63e02(big blind) showed [Ad 8d] and won ($20) with Pair of Aces



Poker Hand #ring_937542200: NLH No Limit ($1/$2) - 2025/06/15 18:25:13
Table 'MR NLH 1/2' 7-max Seat #7 is the button
Seat 7: 437abe6 ($395 in chips)
Seat 2: b4c20dc6 ($541.34 in chips)
Seat 6: d8fc3475 ($1,084.54 in chips)
Seat 4: 7fbbd33 ($598.88 in chips)
Seat 5: fffd21f3 ($471.39 in chips)
Seat 1: Hero ($262.39 in chips)
Seat 3: e6d63e02 ($546.69 in chips)
Hero: posts small blind $1
b4c20dc6: posts big blind $2
*** HOLE CARDS ***
Dealt to 437abe6 
Dealt to b4c20dc6 
Dealt to d8fc3475 
Dealt to 7fbbd33 
Dealt to fffd21f3 
Dealt to Hero [3c 9d]
Dealt to e6d63e02 
e6d63e02: folds
7fbbd33: raises $3 to $5
fffd21f3: folds
d8fc3475: folds
437abe6: raises $13 to $18
Hero: folds
b4c20dc6: folds
7fbbd33: raises $45 to $63
437abe6: calls $45
*** FLOP *** [5s Kh 6s]
7fbbd33: bets $32.2
437abe6: calls $32.2
*** TURN *** [5s Kh 6s] [Qc]
7fbbd33: checks
437abe6: bets $63.82
7fbbd33: calls $63.82
*** RIVER *** [5s Kh 6s Qc] [Tc]
7fbbd33: checks
437abe6: checks
7fbbd33: shows [Kd Td]
437abe6: shows [Ah Kc]
*** SHOWDOWN ***
7fbbd33 collected $321.04 from pot
*** SUMMARY ***
Total pot $321.04
Board [5s Kh 6s Qc Tc]
Seat 7: 437abe6 showed [Ah Kc] and lost with Pair of Kings
Seat 2: b4c20dc6(big blind) folded before Flop
Seat 6: d8fc3475 folded before Flop (didn't bet)
Seat 4: 7fbbd33 showed [Kd Td] and won ($321.04) with Pair of Kings and Pair of Tens
Seat 5: fffd21f3 folded before Flop (didn't bet)
Seat 1: Hero(small blind) folded before Flop
Seat 3: e6d63e02 folded before Flop (didn't bet)



Poker Hand #ring_937539732: NLH No Limit ($1/$2) - 2025/06/15 18:23:30
Table 'MR NLH 1/2' 7-max Seat #6 is the button
Seat 7: 437abe6 ($396 in chips)
Seat 2: b4c20dc6 ($541.34 in chips)
Seat 6: d8fc3475 ($1,089.54 in chips)
Seat 4: 7fbbd33 ($666.08 in chips)
Seat 5: fffd21f3 ($471.39 in chips)
Seat 1: Hero ($196 in chips)
Seat 3: e6d63e02 ($546.69 in chips)
437abe6: posts small blind $1
Hero: posts big blind $2
*** HOLE CARDS ***
Dealt to 437abe6 
Dealt to b4c20dc6 
Dealt to d8fc3475 
Dealt to 7fbbd33 
Dealt to fffd21f3 
Dealt to Hero [Ah As]
Dealt to e6d63e02 
b4c20dc6: folds
e6d63e02: folds
7fbbd33: raises $3 to $5
fffd21f3: folds
d8fc3475: calls $5
437abe6: folds
Hero: raises $19 to $24
7fbbd33: calls $19
d8fc3475: folds
*** FLOP *** [8d 3d 3c]
Hero: checks
7fbbd33: checks
*** TURN *** [8d 3d 3c] [Qd]
Hero: bets $43.2
7fbbd33: calls $43.2
*** RIVER *** [8d 3d 3c Qd] [7s]
Hero: bets $128.8 and is all-in
7fbbd33: folds
Uncalled bet ($128.8) returned to Hero
*** SHOWDOWN ***
Hero collected $140.4 from pot
*** SUMMARY ***
Total pot $140.4
Board [8d 3d 3c Qd 7s]
Seat 7: 437abe6(small blind) folded before Flop
Seat 2: b4c20dc6 folded before Flop (didn't bet)
Seat 6: d8fc3475 folded before Flop
Seat 4: 7fbbd33 folded on the River
Seat 5: fffd21f3 folded before Flop (didn't bet)
Seat 1: Hero(big blind)won ($140.4) with Pair of Aces and Pair of Treys
Seat 3: e6d63e02 folded before Flop (didn't bet)



