Poker Hand #ring_928414599: NLH No Limit ($1/$2) - 2025/06/10 22:52:19
Table 'MR NLH 1/2' 7-max Seat #3 is the button
Seat 2: 2d1bbd7d ($400.34 in chips)
Seat 4: f47f81ff ($303.06 in chips)
Seat 3: Hero ($113.63 in chips)
f47f81ff: posts small blind $1
2d1bbd7d: posts big blind $2
*** HOLE CARDS ***
Dealt to 2d1bbd7d 
Dealt to f47f81ff 
Dealt to Hero [8c Js]
Hero: folds
f47f81ff: folds
*** SHOWDOWN ***
2d1bbd7d collected $3 from pot
*** SUMMARY ***
Total pot $3
Seat 2: 2d1bbd7d(big blind)won ($3)
Seat 4: f47f81ff(small blind) folded before Flop
Seat 3: Hero folded before Flop (didn't bet)



Poker Hand #ring_928413561: NLH No Limit ($1/$2) - 2025/06/10 22:51:47
Table 'MR NLH 1/2' 7-max Seat #2 is the button
Seat 2: 2d1bbd7d ($392.88 in chips)
Seat 4: f47f81ff ($307.06 in chips)
Seat 3: Hero ($117.63 in chips)
Hero: posts small blind $1
f47f81ff: posts big blind $2
*** HOLE CARDS ***
Dealt to 2d1bbd7d 
Dealt to f47f81ff 
Dealt to Hero [9h 7h]
2d1bbd7d: raises $2 to $4
Hero: calls $3
f47f81ff: calls $2
*** FLOP *** [Ac Qs 4s]
Hero: checks
f47f81ff: checks
2d1bbd7d: checks
*** TURN *** [Ac Qs 4s] [Th]
Hero: checks
f47f81ff: checks
2d1bbd7d: checks
*** RIVER *** [Ac Qs 4s Th] [5c]
Hero: checks
f47f81ff: checks
2d1bbd7d: checks
2d1bbd7d: shows [2h Qh]
Hero: shows [9h 7h]
f47f81ff: shows [9s 7s]
*** SHOWDOWN ***
2d1bbd7d collected $12 from pot
*** SUMMARY ***
Total pot $12
Board [Ac Qs 4s Th 5c]
Seat 2: 2d1bbd7d showed [2h Qh] and won ($12) with Pair of Queens
Seat 4: f47f81ff(big blind) showed [9s 7s] and lost with Ace-High
Seat 3: Hero(small blind) showed [9h 7h] and lost with Ace-High



Poker Hand #ring_928413150: NLH No Limit ($1/$2) - 2025/06/10 22:51:35
Table 'MR NLH 1/2' 7-max Seat #4 is the button
Seat 2: 2d1bbd7d ($393.88 in chips)
Seat 4: f47f81ff ($304.06 in chips)
Seat 3: Hero ($119.63 in chips)
2d1bbd7d: posts small blind $1
Hero: posts big blind $2
*** HOLE CARDS ***
Dealt to 2d1bbd7d 
Dealt to f47f81ff 
Dealt to Hero [Qh 5d]
f47f81ff: raises $3 to $5
2d1bbd7d: folds
Hero: folds
Uncalled bet ($3) returned to f47f81ff
*** SHOWDOWN ***
f47f81ff collected $5 from pot
*** SUMMARY ***
Total pot $5
Seat 2: 2d1bbd7d(small blind) folded before Flop
Seat 4: f47f81ffwon ($5)
Seat 3: Hero(big blind) folded before Flop



Poker Hand #ring_928412609: NLH No Limit ($1/$2) - 2025/06/10 22:51:18
Table 'MR NLH 1/2' 7-max Seat #3 is the button
Seat 2: 2d1bbd7d ($395.88 in chips)
Seat 4: f47f81ff ($297.06 in chips)
Seat 3: Hero ($124.63 in chips)
f47f81ff: posts small blind $1
2d1bbd7d: posts big blind $2
*** HOLE CARDS ***
Dealt to 2d1bbd7d 
Dealt to f47f81ff 
Dealt to Hero [5c 4c]
Hero: raises $3 to $5
f47f81ff: raises $19 to $24
2d1bbd7d: folds
Hero: folds
Uncalled bet ($19) returned to f47f81ff
*** SHOWDOWN ***
f47f81ff collected $12 from pot
*** SUMMARY ***
Total pot $12
Seat 2: 2d1bbd7d(big blind) folded before Flop
Seat 4: f47f81ff(small blind)won ($12)
Seat 3: Hero folded before Flop



Poker Hand #ring_928411621: NLH No Limit ($1/$2) - 2025/06/10 22:50:48
Table 'MR NLH 1/2' 7-max Seat #2 is the button
Seat 2: 2d1bbd7d ($395.88 in chips)
Seat 4: f47f81ff ($297.29 in chips)
Seat 3: Hero ($124.85 in chips)
Hero: posts small blind $1
f47f81ff: posts big blind $2
*** HOLE CARDS ***
Dealt to 2d1bbd7d 
Dealt to f47f81ff 
Dealt to Hero [8h Ks]
2d1bbd7d: folds
Hero: raises $3 to $5
f47f81ff: calls $3
*** FLOP *** [4d 2c 4s]
Hero: checks
f47f81ff: checks
*** TURN *** [4d 2c 4s] [2s]
Hero: checks
f47f81ff: checks
*** RIVER *** [4d 2c 4s 2s] [5c]
Hero: checks
f47f81ff: checks
Hero: shows [8h Ks]
f47f81ff: shows [8c Kc]
*** SHOWDOWN ***
Hero collected $5 from pot
f47f81ff collected $5 from pot
*** SUMMARY ***
Total pot $10
Board [4d 2c 4s 2s 5c]
Seat 2: 2d1bbd7d folded before Flop (didn't bet)
Seat 4: f47f81ff(big blind) showed [8c Kc] and won ($5) with Pair of Fours and Pair of Twos
Seat 3: Hero(small blind) showed [8h Ks] and won ($5) with Pair of Fours and Pair of Twos



Poker Hand #ring_928410132: NLH No Limit ($1/$2) - 2025/06/10 22:50:03
Table 'MR NLH 1/2' 7-max Seat #4 is the button
Seat 2: 2d1bbd7d ($367.48 in chips)
Seat 4: f47f81ff ($297.29 in chips)
Seat 3: Hero ($156.05 in chips)
2d1bbd7d: posts small blind $1
Hero: posts big blind $2
*** HOLE CARDS ***
Dealt to 2d1bbd7d 
Dealt to f47f81ff 
Dealt to Hero [Jh 8d]
f47f81ff: folds
2d1bbd7d: raises $4 to $6
Hero: calls $4
*** FLOP *** [As 3c Kd]
2d1bbd7d: checks
Hero: bets $6
2d1bbd7d: calls $6
*** TURN *** [As 3c Kd] [9c]
2d1bbd7d: checks
Hero: bets $19.2
2d1bbd7d: calls $19.2
*** RIVER *** [As 3c Kd 9c] [6h]
2d1bbd7d: checks
Hero: checks
2d1bbd7d: shows [Ac 4c]
Hero: shows [Jh 8d]
*** SHOWDOWN ***
2d1bbd7d collected $62.4 from pot
*** SUMMARY ***
Total pot $62.4
Board [As 3c Kd 9c 6h]
Seat 2: 2d1bbd7d(small blind) showed [Ac 4c] and won ($62.4) with Pair of Aces
Seat 4: f47f81ff folded before Flop (didn't bet)
Seat 3: Hero(big blind) showed [Jh 8d] and lost with Ace-High



Poker Hand #ring_928409614: NLH No Limit ($1/$2) - 2025/06/10 22:49:47
Table 'MR NLH 1/2' 7-max Seat #3 is the button
Seat 2: 2d1bbd7d ($361.48 in chips)
Seat 4: f47f81ff ($298.29 in chips)
Seat 3: Hero ($161.05 in chips)
f47f81ff: posts small blind $1
2d1bbd7d: posts big blind $2
*** HOLE CARDS ***
Dealt to 2d1bbd7d 
Dealt to f47f81ff 
Dealt to Hero [Ah 8s]
Hero: raises $3 to $5
f47f81ff: folds
2d1bbd7d: raises $11 to $16
Hero: folds
Uncalled bet ($11) returned to 2d1bbd7d
*** SHOWDOWN ***
2d1bbd7d collected $11 from pot
*** SUMMARY ***
Total pot $11
Seat 2: 2d1bbd7d(big blind)won ($11)
Seat 4: f47f81ff(small blind) folded before Flop
Seat 3: Hero folded before Flop



Poker Hand #ring_928408593: NLH No Limit ($1/$2) - 2025/06/10 22:49:15
Table 'MR NLH 1/2' 7-max Seat #2 is the button
Seat 2: 2d1bbd7d ($365.48 in chips)
Seat 4: f47f81ff ($293.69 in chips)
Seat 3: Hero ($162.05 in chips)
Hero: posts small blind $1
f47f81ff: posts big blind $2
*** HOLE CARDS ***
Dealt to 2d1bbd7d 
Dealt to f47f81ff 
Dealt to Hero [5s 8d]
2d1bbd7d: raises $2 to $4
Hero: folds
f47f81ff: calls $2
*** FLOP *** [2d 4d 9c]
f47f81ff: checks
2d1bbd7d: checks
*** TURN *** [2d 4d 9c] [6h]
f47f81ff: checks
2d1bbd7d: checks
*** RIVER *** [2d 4d 9c 6h] [As]
f47f81ff: checks
2d1bbd7d: checks
2d1bbd7d: shows [Tc Jh]
f47f81ff: shows [Td Ah]
*** SHOWDOWN ***
f47f81ff collected $9 from pot
*** SUMMARY ***
Total pot $9
Board [2d 4d 9c 6h As]
Seat 2: 2d1bbd7d showed [Tc Jh] and lost with Ace-High
Seat 4: f47f81ff(big blind) showed [Td Ah] and won ($9) with Pair of Aces
Seat 3: Hero(small blind) folded before Flop



Poker Hand #ring_928407899: NLH No Limit ($1/$2) - 2025/06/10 22:48:55
Table 'MR NLH 1/2' 7-max Seat #4 is the button
Seat 2: 2d1bbd7d ($367.48 in chips)
Seat 4: f47f81ff ($293.69 in chips)
Seat 3: Hero ($160.23 in chips)
2d1bbd7d: posts small blind $1
Hero: posts big blind $2
*** HOLE CARDS ***
Dealt to 2d1bbd7d 
Dealt to f47f81ff 
Dealt to Hero [8h 6d]
f47f81ff: folds
2d1bbd7d: calls $1
Hero: checks
*** FLOP *** [Qh Td 4c]
2d1bbd7d: checks
Hero: bets $2
2d1bbd7d: folds
Uncalled bet ($2) returned to Hero
*** SHOWDOWN ***
Hero collected $4 from pot
*** SUMMARY ***
Total pot $4
Board [Qh Td 4c]
Seat 2: 2d1bbd7d(small blind) folded on the Flop
Seat 4: f47f81ff folded before Flop (didn't bet)
Seat 3: Hero(big blind)won ($4) with Queen-High



Poker Hand #ring_928407366: NLH No Limit ($1/$2) - 2025/06/10 22:48:38
Table 'MR NLH 1/2' 7-max Seat #3 is the button
Seat 2: 2d1bbd7d ($369.48 in chips)
Seat 4: f47f81ff ($294.69 in chips)
Seat 3: Hero ($157.23 in chips)
f47f81ff: posts small blind $1
2d1bbd7d: posts big blind $2
*** HOLE CARDS ***
Dealt to 2d1bbd7d 
Dealt to f47f81ff 
Dealt to Hero [7d 8d]
Hero: raises $3 to $5
f47f81ff: folds
2d1bbd7d: folds
Uncalled bet ($3) returned to Hero
*** SHOWDOWN ***
Hero collected $5 from pot
*** SUMMARY ***
Total pot $5
Seat 2: 2d1bbd7d(big blind) folded before Flop
Seat 4: f47f81ff(small blind) folded before Flop
Seat 3: Herowon ($5)



Poker Hand #ring_928406185: NLH No Limit ($1/$2) - 2025/06/10 22:48:01
Table 'MR NLH 1/2' 7-max Seat #2 is the button
Seat 2: 2d1bbd7d ($364.88 in chips)
Seat 4: f47f81ff ($298.69 in chips)
Seat 3: Hero ($158.23 in chips)
Hero: posts small blind $1
f47f81ff: posts big blind $2
*** HOLE CARDS ***
Dealt to 2d1bbd7d 
Dealt to f47f81ff 
Dealt to Hero [2c 3d]
2d1bbd7d: raises $2 to $4
Hero: folds
f47f81ff: calls $2
*** FLOP *** [Ts Qc 7h]
f47f81ff: checks
2d1bbd7d: checks
*** TURN *** [Ts Qc 7h] [6h]
f47f81ff: checks
2d1bbd7d: bets $4.5
f47f81ff: folds
Uncalled bet ($4.5) returned to 2d1bbd7d
*** SHOWDOWN ***
2d1bbd7d collected $9 from pot
*** SUMMARY ***
Total pot $9
Board [Ts Qc 7h 6h]
Seat 2: 2d1bbd7dwon ($9) with Pair of Tens
Seat 4: f47f81ff(big blind) folded on the Turn
Seat 3: Hero(small blind) folded before Flop



Poker Hand #ring_928405722: NLH No Limit ($1/$2) - 2025/06/10 22:47:47
Table 'MR NLH 1/2' 7-max Seat #4 is the button
Seat 2: 2d1bbd7d ($365.88 in chips)
Seat 4: f47f81ff ($295.69 in chips)
Seat 3: Hero ($160.23 in chips)
2d1bbd7d: posts small blind $1
Hero: posts big blind $2
*** HOLE CARDS ***
Dealt to 2d1bbd7d 
Dealt to f47f81ff 
Dealt to Hero [4h Qs]
f47f81ff: raises $3 to $5
2d1bbd7d: folds
Hero: folds
Uncalled bet ($3) returned to f47f81ff
*** SHOWDOWN ***
f47f81ff collected $5 from pot
*** SUMMARY ***
Total pot $5
Seat 2: 2d1bbd7d(small blind) folded before Flop
Seat 4: f47f81ffwon ($5)
Seat 3: Hero(big blind) folded before Flop



Poker Hand #ring_928405218: NLH No Limit ($1/$2) - 2025/06/10 22:47:32
Table 'MR NLH 1/2' 7-max Seat #3 is the button
Seat 2: 2d1bbd7d ($364.88 in chips)
Seat 4: f47f81ff ($296.69 in chips)
Seat 3: Hero ($160.23 in chips)
f47f81ff: posts small blind $1
2d1bbd7d: posts big blind $2
*** HOLE CARDS ***
Dealt to 2d1bbd7d 
Dealt to f47f81ff 
Dealt to Hero [2c Jc]
Hero: folds
f47f81ff: folds
*** SHOWDOWN ***
2d1bbd7d collected $3 from pot
*** SUMMARY ***
Total pot $3
Seat 2: 2d1bbd7d(big blind)won ($3)
Seat 4: f47f81ff(small blind) folded before Flop
Seat 3: Hero folded before Flop (didn't bet)



Poker Hand #ring_928404769: NLH No Limit ($1/$2) - 2025/06/10 22:47:19
Table 'MR NLH 1/2' 7-max Seat #2 is the button
Seat 2: 2d1bbd7d ($361.88 in chips)
Seat 4: f47f81ff ($298.69 in chips)
Seat 3: Hero ($161.23 in chips)
Hero: posts small blind $1
f47f81ff: posts big blind $2
*** HOLE CARDS ***
Dealt to 2d1bbd7d 
Dealt to f47f81ff 
Dealt to Hero [Tc Ks]
2d1bbd7d: raises $2 to $4
Hero: folds
f47f81ff: folds
Uncalled bet ($2) returned to 2d1bbd7d
*** SHOWDOWN ***
2d1bbd7d collected $5 from pot
*** SUMMARY ***
Total pot $5
Seat 2: 2d1bbd7dwon ($5)
Seat 4: f47f81ff(big blind) folded before Flop
Seat 3: Hero(small blind) folded before Flop



Poker Hand #ring_928403901: NLH No Limit ($1/$2) - 2025/06/10 22:46:53
Table 'MR NLH 1/2' 7-max Seat #4 is the button
Seat 2: 2d1bbd7d ($360.06 in chips)
Seat 4: f47f81ff ($298.69 in chips)
Seat 3: Hero ($163.23 in chips)
2d1bbd7d: posts small blind $1
Hero: posts big blind $2
*** HOLE CARDS ***
Dealt to 2d1bbd7d 
Dealt to f47f81ff 
Dealt to Hero [5h Jc]
f47f81ff: folds
2d1bbd7d: calls $1
Hero: checks
*** FLOP *** [Ah 2s Kh]
2d1bbd7d: checks
Hero: checks
*** TURN *** [Ah 2s Kh] [7c]
2d1bbd7d: checks
Hero: checks
*** RIVER *** [Ah 2s Kh 7c] [3c]
2d1bbd7d: bets $3
Hero: folds
Uncalled bet ($3) returned to 2d1bbd7d
*** SHOWDOWN ***
2d1bbd7d collected $4 from pot
*** SUMMARY ***
Total pot $4
Board [Ah 2s Kh 7c 3c]
Seat 2: 2d1bbd7d(small blind)won ($4) with Pair of Sevens
Seat 4: f47f81ff folded before Flop (didn't bet)
Seat 3: Hero(big blind) folded on the River



Poker Hand #ring_928401554: NLH No Limit ($1/$2) - 2025/06/10 22:45:43
Table 'MR NLH 1/2' 7-max Seat #3 is the button
Seat 2: 2d1bbd7d ($309.51 in chips)
Seat 4: f47f81ff ($299.69 in chips)
Seat 3: Hero ($217.73 in chips)
f47f81ff: posts small blind $1
2d1bbd7d: posts big blind $2
*** HOLE CARDS ***
Dealt to 2d1bbd7d 
Dealt to f47f81ff 
Dealt to Hero [6c 7d]
Hero: raises $3 to $5
f47f81ff: folds
2d1bbd7d: calls $3
*** FLOP *** [6s 8s Qh]
2d1bbd7d: checks
Hero: checks
*** TURN *** [6s 8s Qh] [4s]
2d1bbd7d: checks
Hero: bets $5.5
2d1bbd7d: raises $11 to $16.5
Hero: calls $11
*** RIVER *** [6s 8s Qh 4s] [7c]
2d1bbd7d: bets $33
Hero: calls $33
2d1bbd7d: shows [Qs Ks]
Hero: shows [6c 7d]
*** SHOWDOWN ***
2d1bbd7d collected $110 from pot
*** SUMMARY ***
Total pot $110
Board [6s 8s Qh 4s 7c]
Seat 2: 2d1bbd7d(big blind) showed [Qs Ks] and won ($110) with King High Flush
Seat 4: f47f81ff(small blind) folded before Flop
Seat 3: Hero showed [6c 7d] and lost with Pair of Sevens and Pair of Sixes



Poker Hand #ring_928400874: NLH No Limit ($1/$2) - 2025/06/10 22:45:23
Table 'MR NLH 1/2' 7-max Seat #2 is the button
Seat 2: 2d1bbd7d ($306.51 in chips)
Seat 4: f47f81ff ($301.69 in chips)
Seat 3: Hero ($218.73 in chips)
Hero: posts small blind $1
f47f81ff: posts big blind $2
*** HOLE CARDS ***
Dealt to 2d1bbd7d 
Dealt to f47f81ff 
Dealt to Hero [Kc 2d]
2d1bbd7d: raises $2 to $4
Hero: folds
f47f81ff: folds
Uncalled bet ($2) returned to 2d1bbd7d
*** SHOWDOWN ***
2d1bbd7d collected $5 from pot
*** SUMMARY ***
Total pot $5
Seat 2: 2d1bbd7dwon ($5)
Seat 4: f47f81ff(big blind) folded before Flop
Seat 3: Hero(small blind) folded before Flop



Poker Hand #ring_928399704: NLH No Limit ($1/$2) - 2025/06/10 22:44:48
Table 'MR NLH 1/2' 7-max Seat #4 is the button
Seat 2: 2d1bbd7d ($311.51 in chips)
Seat 4: f47f81ff ($292.36 in chips)
Seat 3: Hero ($223.73 in chips)
2d1bbd7d: posts small blind $1
Hero: posts big blind $2
*** HOLE CARDS ***
Dealt to 2d1bbd7d 
Dealt to f47f81ff 
Dealt to Hero [8c Td]
f47f81ff: raises $3 to $5
2d1bbd7d: calls $4
Hero: calls $3
*** FLOP *** [Ts Kc 2d]
2d1bbd7d: checks
Hero: checks
f47f81ff: checks
*** TURN *** [Ts Kc 2d] [As]
2d1bbd7d: checks
Hero: checks
f47f81ff: checks
*** RIVER *** [Ts Kc 2d As] [3h]
2d1bbd7d: checks
Hero: checks
f47f81ff: checks
2d1bbd7d: shows [Qc 7s]
Hero: shows [8c Td]
f47f81ff: shows [Qs Th]
*** SHOWDOWN ***
f47f81ff collected $15 from pot
*** SUMMARY ***
Total pot $15
Board [Ts Kc 2d As 3h]
Seat 2: 2d1bbd7d(small blind) showed [Qc 7s] and lost with Ace-High
Seat 4: f47f81ff showed [Qs Th] and won ($15) with Pair of Tens
Seat 3: Hero(big blind) showed [8c Td] and lost with Pair of Tens



Poker Hand #ring_928399285: NLH No Limit ($1/$2) - 2025/06/10 22:44:35
Table 'MR NLH 1/2' 7-max Seat #3 is the button
Seat 2: 2d1bbd7d ($310.51 in chips)
Seat 4: f47f81ff ($293.36 in chips)
Seat 3: Hero ($223.73 in chips)
f47f81ff: posts small blind $1
2d1bbd7d: posts big blind $2
*** HOLE CARDS ***
Dealt to 2d1bbd7d 
Dealt to f47f81ff 
Dealt to Hero [2c 6d]
Hero: folds
f47f81ff: folds
*** SHOWDOWN ***
2d1bbd7d collected $3 from pot
*** SUMMARY ***
Total pot $3
Seat 2: 2d1bbd7d(big blind)won ($3)
Seat 4: f47f81ff(small blind) folded before Flop
Seat 3: Hero folded before Flop (didn't bet)



Poker Hand #ring_928398800: NLH No Limit ($1/$2) - 2025/06/10 22:44:20
Table 'MR NLH 1/2' 7-max Seat #2 is the button
Seat 2: 2d1bbd7d ($307.51 in chips)
Seat 4: f47f81ff ($295.36 in chips)
Seat 3: Hero ($224.73 in chips)
Hero: posts small blind $1
f47f81ff: posts big blind $2
*** HOLE CARDS ***
Dealt to 2d1bbd7d 
Dealt to f47f81ff 
Dealt to Hero [8s 3s]
2d1bbd7d: raises $2 to $4
Hero: folds
f47f81ff: folds
Uncalled bet ($2) returned to 2d1bbd7d
*** SHOWDOWN ***
2d1bbd7d collected $5 from pot
*** SUMMARY ***
Total pot $5
Seat 2: 2d1bbd7dwon ($5)
Seat 4: f47f81ff(big blind) folded before Flop
Seat 3: Hero(small blind) folded before Flop



Poker Hand #ring_928397589: NLH No Limit ($1/$2) - 2025/06/10 22:43:44
Table 'MR NLH 1/2' 7-max Seat #4 is the button
Seat 2: 2d1bbd7d ($319.51 in chips)
Seat 4: f47f81ff ($295.36 in chips)
Seat 3: Hero ($213.81 in chips)
2d1bbd7d: posts small blind $1
Hero: posts big blind $2
*** HOLE CARDS ***
Dealt to 2d1bbd7d 
Dealt to f47f81ff 
Dealt to Hero [Js Th]
f47f81ff: folds
2d1bbd7d: calls $1
Hero: raises $4 to $6
2d1bbd7d: calls $4
*** FLOP *** [5d Ts 7c]
2d1bbd7d: checks
Hero: bets $6
2d1bbd7d: calls $6
*** TURN *** [5d Ts 7c] [As]
2d1bbd7d: checks
Hero: bets $12
2d1bbd7d: folds
Uncalled bet ($12) returned to Hero
*** SHOWDOWN ***
Hero collected $24 from pot
*** SUMMARY ***
Total pot $24
Board [5d Ts 7c As]
Seat 2: 2d1bbd7d(small blind) folded on the Turn
Seat 4: f47f81ff folded before Flop (didn't bet)
Seat 3: Hero(big blind)won ($24) with Pair of Tens



Poker Hand #ring_928397233: NLH No Limit ($1/$2) - 2025/06/10 22:43:33
Table 'MR NLH 1/2' 7-max Seat #3 is the button
Seat 2: 2d1bbd7d ($318.51 in chips)
Seat 4: f47f81ff ($296.36 in chips)
Seat 3: Hero ($213.81 in chips)
f47f81ff: posts small blind $1
2d1bbd7d: posts big blind $2
*** HOLE CARDS ***
Dealt to 2d1bbd7d 
Dealt to f47f81ff 
Dealt to Hero [5s Th]
Hero: folds
f47f81ff: folds
*** SHOWDOWN ***
2d1bbd7d collected $3 from pot
*** SUMMARY ***
Total pot $3
Seat 2: 2d1bbd7d(big blind)won ($3)
Seat 4: f47f81ff(small blind) folded before Flop
Seat 3: Hero folded before Flop (didn't bet)



Poker Hand #ring_928396844: NLH No Limit ($1/$2) - 2025/06/10 22:43:21
Table 'MR NLH 1/2' 7-max Seat #2 is the button
Seat 2: 2d1bbd7d ($318.51 in chips)
Seat 4: f47f81ff ($295.36 in chips)
Seat 3: Hero ($214.81 in chips)
Hero: posts small blind $1
f47f81ff: posts big blind $2
*** HOLE CARDS ***
Dealt to 2d1bbd7d 
Dealt to f47f81ff 
Dealt to Hero [7h 3s]
2d1bbd7d: folds
Hero: folds
*** SHOWDOWN ***
f47f81ff collected $3 from pot
*** SUMMARY ***
Total pot $3
Seat 2: 2d1bbd7d folded before Flop (didn't bet)
Seat 4: f47f81ff(big blind)won ($3)
Seat 3: Hero(small blind) folded before Flop



Poker Hand #ring_928395932: NLH No Limit ($1/$2) - 2025/06/10 22:42:53
Table 'MR NLH 1/2' 7-max Seat #4 is the button
Seat 2: 2d1bbd7d ($316.69 in chips)
Seat 4: f47f81ff ($295.36 in chips)
Seat 3: Hero ($216.81 in chips)
2d1bbd7d: posts small blind $1
Hero: posts big blind $2
*** HOLE CARDS ***
Dealt to 2d1bbd7d 
Dealt to f47f81ff 
Dealt to Hero [9c Qh]
f47f81ff: folds
2d1bbd7d: calls $1
Hero: checks
*** FLOP *** [2d 4c Ad]
2d1bbd7d: checks
Hero: checks
*** TURN *** [2d 4c Ad] [7d]
2d1bbd7d: checks
Hero: checks
*** RIVER *** [2d 4c Ad 7d] [Jh]
2d1bbd7d: bets $2
Hero: folds
Uncalled bet ($2) returned to 2d1bbd7d
*** SHOWDOWN ***
2d1bbd7d collected $4 from pot
*** SUMMARY ***
Total pot $4
Board [2d 4c Ad 7d Jh]
Seat 2: 2d1bbd7d(small blind)won ($4) with Pair of Sevens
Seat 4: f47f81ff folded before Flop (didn't bet)
Seat 3: Hero(big blind) folded on the River



Poker Hand #ring_928395517: NLH No Limit ($1/$2) - 2025/06/10 22:42:41
Table 'MR NLH 1/2' 7-max Seat #3 is the button
Seat 2: 2d1bbd7d ($315.69 in chips)
Seat 4: f47f81ff ($296.36 in chips)
Seat 3: Hero ($216.81 in chips)
f47f81ff: posts small blind $1
2d1bbd7d: posts big blind $2
*** HOLE CARDS ***
Dealt to 2d1bbd7d 
Dealt to f47f81ff 
Dealt to Hero [5d 9s]
Hero: folds
f47f81ff: folds
*** SHOWDOWN ***
2d1bbd7d collected $3 from pot
*** SUMMARY ***
Total pot $3
Seat 2: 2d1bbd7d(big blind)won ($3)
Seat 4: f47f81ff(small blind) folded before Flop
Seat 3: Hero folded before Flop (didn't bet)



Poker Hand #ring_928395042: NLH No Limit ($1/$2) - 2025/06/10 22:42:26
Table 'MR NLH 1/2' 7-max Seat #2 is the button
Seat 2: 2d1bbd7d ($312.69 in chips)
Seat 4: f47f81ff ($298.36 in chips)
Seat 3: Hero ($217.81 in chips)
Hero: posts small blind $1
f47f81ff: posts big blind $2
*** HOLE CARDS ***
Dealt to 2d1bbd7d 
Dealt to f47f81ff 
Dealt to Hero [4c 8c]
2d1bbd7d: raises $2 to $4
Hero: folds
f47f81ff: folds
Uncalled bet ($2) returned to 2d1bbd7d
*** SHOWDOWN ***
2d1bbd7d collected $5 from pot
*** SUMMARY ***
Total pot $5
Seat 2: 2d1bbd7dwon ($5)
Seat 4: f47f81ff(big blind) folded before Flop
Seat 3: Hero(small blind) folded before Flop



Poker Hand #ring_928394404: NLH No Limit ($1/$2) - 2025/06/10 22:42:06
Table 'MR NLH 1/2' 7-max Seat #4 is the button
Seat 2: 2d1bbd7d ($316.69 in chips)
Seat 4: f47f81ff ($298.36 in chips)
Seat 3: Hero ($213.81 in chips)
2d1bbd7d: posts small blind $1
Hero: posts big blind $2
*** HOLE CARDS ***
Dealt to 2d1bbd7d 
Dealt to f47f81ff 
Dealt to Hero [Th Kh]
f47f81ff: folds
2d1bbd7d: raises $2 to $4
Hero: raises $9 to $13
2d1bbd7d: folds
Uncalled bet ($9) returned to Hero
2d1bbd7d: shows [As]
*** SHOWDOWN ***
Hero collected $8 from pot
*** SUMMARY ***
Total pot $8
Seat 2: 2d1bbd7d(small blind) folded before Flop
Seat 4: f47f81ff folded before Flop (didn't bet)
Seat 3: Hero(big blind)won ($8)



Poker Hand #ring_928393669: NLH No Limit ($1/$2) - 2025/06/10 22:41:44
Table 'MR NLH 1/2' 7-max Seat #3 is the button
Seat 2: 2d1bbd7d ($322.69 in chips)
Seat 4: f47f81ff ($292.9 in chips)
Seat 3: Hero ($213.81 in chips)
f47f81ff: posts small blind $1
2d1bbd7d: posts big blind $2
*** HOLE CARDS ***
Dealt to 2d1bbd7d 
Dealt to f47f81ff 
Dealt to Hero [6d 2s]
Hero: folds
f47f81ff: raises $4 to $6
2d1bbd7d: calls $4
*** FLOP *** [4s Ks 9s]
f47f81ff: bets $3.96
2d1bbd7d: folds
Uncalled bet ($3.96) returned to f47f81ff
*** SHOWDOWN ***
f47f81ff collected $12 from pot
*** SUMMARY ***
Total pot $12
Board [4s Ks 9s]
Seat 2: 2d1bbd7d(big blind) folded on the Flop
Seat 4: f47f81ff(small blind)won ($12) with King High Flush
Seat 3: Hero folded before Flop (didn't bet)



Poker Hand #ring_928393273: NLH No Limit ($1/$2) - 2025/06/10 22:41:32
Table 'MR NLH 1/2' 7-max Seat #2 is the button
Seat 2: 2d1bbd7d ($319.69 in chips)
Seat 4: f47f81ff ($294.9 in chips)
Seat 3: Hero ($214.81 in chips)
Hero: posts small blind $1
f47f81ff: posts big blind $2
*** HOLE CARDS ***
Dealt to 2d1bbd7d 
Dealt to f47f81ff 
Dealt to Hero [7d Qs]
2d1bbd7d: raises $2 to $4
Hero: folds
f47f81ff: folds
Uncalled bet ($2) returned to 2d1bbd7d
*** SHOWDOWN ***
2d1bbd7d collected $5 from pot
*** SUMMARY ***
Total pot $5
Seat 2: 2d1bbd7dwon ($5)
Seat 4: f47f81ff(big blind) folded before Flop
Seat 3: Hero(small blind) folded before Flop



Poker Hand #ring_928392474: NLH No Limit ($1/$2) - 2025/06/10 22:41:07
Table 'MR NLH 1/2' 7-max Seat #4 is the button
Seat 2: 2d1bbd7d ($317.87 in chips)
Seat 4: f47f81ff ($294.9 in chips)
Seat 3: Hero ($216.81 in chips)
2d1bbd7d: posts small blind $1
Hero: posts big blind $2
*** HOLE CARDS ***
Dealt to 2d1bbd7d 
Dealt to f47f81ff 
Dealt to Hero [Td 2c]
f47f81ff: folds
2d1bbd7d: calls $1
Hero: checks
*** FLOP *** [4s 5s 5c]
2d1bbd7d: checks
Hero: checks
*** TURN *** [4s 5s 5c] [Qc]
2d1bbd7d: checks
Hero: checks
*** RIVER *** [4s 5s 5c Qc] [9h]
2d1bbd7d: checks
Hero: checks
2d1bbd7d: shows [Ks Jc]
Hero: shows [Td 2c]
*** SHOWDOWN ***
2d1bbd7d collected $4 from pot
*** SUMMARY ***
Total pot $4
Board [4s 5s 5c Qc 9h]
Seat 2: 2d1bbd7d(small blind) showed [Ks Jc] and won ($4) with Pair of Fives
Seat 4: f47f81ff folded before Flop (didn't bet)
Seat 3: Hero(big blind) showed [Td 2c] and lost with Pair of Fives



Poker Hand #ring_928392024: NLH No Limit ($1/$2) - 2025/06/10 22:40:53
Table 'MR NLH 1/2' 7-max Seat #3 is the button
Seat 2: 2d1bbd7d ($319.87 in chips)
Seat 4: f47f81ff ($295.9 in chips)
Seat 3: Hero ($213.81 in chips)
f47f81ff: posts small blind $1
2d1bbd7d: posts big blind $2
*** HOLE CARDS ***
Dealt to 2d1bbd7d 
Dealt to f47f81ff 
Dealt to Hero [7s Ad]
Hero: raises $3 to $5
f47f81ff: folds
2d1bbd7d: folds
Uncalled bet ($3) returned to Hero
*** SHOWDOWN ***
Hero collected $5 from pot
*** SUMMARY ***
Total pot $5
Seat 2: 2d1bbd7d(big blind) folded before Flop
Seat 4: f47f81ff(small blind) folded before Flop
Seat 3: Herowon ($5)



Poker Hand #ring_928391576: NLH No Limit ($1/$2) - 2025/06/10 22:40:40
Table 'MR NLH 1/2' 7-max Seat #2 is the button
Seat 2: 2d1bbd7d ($316.87 in chips)
Seat 4: f47f81ff ($297.9 in chips)
Seat 3: Hero ($214.81 in chips)
Hero: posts small blind $1
f47f81ff: posts big blind $2
*** HOLE CARDS ***
Dealt to 2d1bbd7d 
Dealt to f47f81ff 
Dealt to Hero [Ts 6d]
2d1bbd7d: raises $2 to $4
Hero: folds
f47f81ff: folds
Uncalled bet ($2) returned to 2d1bbd7d
*** SHOWDOWN ***
2d1bbd7d collected $5 from pot
*** SUMMARY ***
Total pot $5
Seat 2: 2d1bbd7dwon ($5)
Seat 4: f47f81ff(big blind) folded before Flop
Seat 3: Hero(small blind) folded before Flop



Poker Hand #ring_928389911: NLH No Limit ($1/$2) - 2025/06/10 22:39:48
Table 'MR NLH 1/2' 7-max Seat #4 is the button
Seat 2: 2d1bbd7d ($317.87 in chips)
Seat 4: f47f81ff ($306.53 in chips)
Seat 3: Hero ($206 in chips)
2d1bbd7d: posts small blind $1
Hero: posts big blind $2
*** HOLE CARDS ***
Dealt to 2d1bbd7d 
Dealt to f47f81ff 
Dealt to Hero [8c Td]
f47f81ff: raises $3 to $5
2d1bbd7d: folds
Hero: calls $3
*** FLOP *** [7s Js Ad]
Hero: checks
f47f81ff: bets $3.63
Hero: raises $9.13 to $12.76
f47f81ff: folds
Uncalled bet ($9.13) returned to Hero
*** SHOWDOWN ***
Hero collected $18.26 from pot
*** SUMMARY ***
Total pot $18.26
Board [7s Js Ad]
Seat 2: 2d1bbd7d(small blind) folded before Flop
Seat 4: f47f81ff folded on the Flop
Seat 3: Hero(big blind)won ($18.26) with Ace-High



Poker Hand #ring_928389571: NLH No Limit ($1/$2) - 2025/06/10 22:39:37
Table 'MR NLH 1/2' 7-max Seat #3 is the button
Seat 2: 2d1bbd7d ($316.87 in chips)
Seat 4: f47f81ff ($307.53 in chips)
Seat 3: Hero ($206 in chips)
f47f81ff: posts small blind $1
2d1bbd7d: posts big blind $2
*** HOLE CARDS ***
Dealt to 2d1bbd7d 
Dealt to f47f81ff 
Dealt to Hero [4h 8c]
Hero: folds
f47f81ff: folds
*** SHOWDOWN ***
2d1bbd7d collected $3 from pot
*** SUMMARY ***
Total pot $3
Seat 2: 2d1bbd7d(big blind)won ($3)
Seat 4: f47f81ff(small blind) folded before Flop
Seat 3: Hero folded before Flop (didn't bet)



Poker Hand #ring_928389149: NLH No Limit ($1/$2) - 2025/06/10 22:39:24
Table 'MR NLH 1/2' 7-max Seat #2 is the button
Seat 2: 2d1bbd7d ($313.87 in chips)
Seat 4: f47f81ff ($309.53 in chips)
Seat 3: Hero ($207 in chips)
Hero: posts small blind $1
f47f81ff: posts big blind $2
*** HOLE CARDS ***
Dealt to 2d1bbd7d 
Dealt to f47f81ff 
Dealt to Hero [Js 6d]
2d1bbd7d: raises $2 to $4
Hero: folds
f47f81ff: folds
Uncalled bet ($2) returned to 2d1bbd7d
*** SHOWDOWN ***
2d1bbd7d collected $5 from pot
*** SUMMARY ***
Total pot $5
Seat 2: 2d1bbd7dwon ($5)
Seat 4: f47f81ff(big blind) folded before Flop
Seat 3: Hero(small blind) folded before Flop



Poker Hand #ring_928388127: NLH No Limit ($1/$2) - 2025/06/10 22:38:52
Table 'MR NLH 1/2' 7-max Seat #4 is the button
Seat 2: 2d1bbd7d ($307.41 in chips)
Seat 4: f47f81ff ($314.53 in chips)
Seat 3: Hero ($209 in chips)
2d1bbd7d: posts small blind $1
Hero: posts big blind $2
*** HOLE CARDS ***
Dealt to 2d1bbd7d 
Dealt to f47f81ff 
Dealt to Hero [4h 9c]
f47f81ff: raises $3 to $5
2d1bbd7d: calls $4
Hero: folds
*** FLOP *** [8c 4d Kh]
2d1bbd7d: checks
f47f81ff: checks
*** TURN *** [8c 4d Kh] [3d]
2d1bbd7d: checks
f47f81ff: checks
*** RIVER *** [8c 4d Kh 3d] [Qd]
2d1bbd7d: checks
f47f81ff: checks
2d1bbd7d: shows [Jd Qh]
f47f81ff: shows [7h As]
*** SHOWDOWN ***
2d1bbd7d collected $12 from pot
*** SUMMARY ***
Total pot $12
Board [8c 4d Kh 3d Qd]
Seat 2: 2d1bbd7d(small blind) showed [Jd Qh] and won ($12) with Pair of Queens
Seat 4: f47f81ff showed [7h As] and lost with Ace-High
Seat 3: Hero(big blind) folded before Flop



Poker Hand #ring_928386502: NLH No Limit ($1/$2) - 2025/06/10 22:38:01
Table 'MR NLH 1/2' 7-max Seat #3 is the button
Seat 2: 2d1bbd7d ($278.36 in chips)
Seat 4: f47f81ff ($346.45 in chips)
Seat 3: Hero ($209 in chips)
f47f81ff: posts small blind $1
2d1bbd7d: posts big blind $2
*** HOLE CARDS ***
Dealt to 2d1bbd7d 
Dealt to f47f81ff 
Dealt to Hero [2h 7c]
Hero: folds
f47f81ff: raises $4 to $6
2d1bbd7d: calls $4
*** FLOP *** [Ac Td Ad]
f47f81ff: bets $3.96
2d1bbd7d: raises $9.96 to $13.92
f47f81ff: calls $9.96
*** TURN *** [Ac Td Ad] [Qc]
f47f81ff: checks
2d1bbd7d: checks
*** RIVER *** [Ac Td Ad Qc] [3h]
f47f81ff: bets $12
2d1bbd7d: calls $12
2d1bbd7d: shows [8c Ah]
f47f81ff: shows [Kd Qh]
*** SHOWDOWN ***
2d1bbd7d collected $63.84 from pot
*** SUMMARY ***
Total pot $63.84
Board [Ac Td Ad Qc 3h]
Seat 2: 2d1bbd7d(big blind) showed [8c Ah] and won ($63.84) with Three Aces
Seat 4: f47f81ff(small blind) showed [Kd Qh] and lost with Pair of Aces and Pair of Queens
Seat 3: Hero folded before Flop (didn't bet)



Poker Hand #ring_928386034: NLH No Limit ($1/$2) - 2025/06/10 22:37:47
Table 'MR NLH 1/2' 7-max Seat #2 is the button
Seat 2: 2d1bbd7d ($278.36 in chips)
Seat 4: f47f81ff ($348.45 in chips)
Seat 3: Hero ($207 in chips)
Hero: posts small blind $1
f47f81ff: posts big blind $2
*** HOLE CARDS ***
Dealt to 2d1bbd7d 
Dealt to f47f81ff 
Dealt to Hero [8h 9s]
2d1bbd7d: folds
Hero: raises $3 to $5
f47f81ff: folds
Uncalled bet ($3) returned to Hero
*** SHOWDOWN ***
Hero collected $4 from pot
*** SUMMARY ***
Total pot $4
Seat 2: 2d1bbd7d folded before Flop (didn't bet)
Seat 4: f47f81ff(big blind) folded before Flop
Seat 3: Hero(small blind)won ($4)



Poker Hand #ring_928385720: NLH No Limit ($1/$2) - 2025/06/10 22:37:36
Table 'MR NLH 1/2' 7-max Seat #4 is the button
Seat 2: 2d1bbd7d ($279.36 in chips)
Seat 4: f47f81ff ($348.45 in chips)
Seat 3: Hero ($206 in chips)
2d1bbd7d: posts small blind $1
Hero: posts big blind $2
*** HOLE CARDS ***
Dealt to 2d1bbd7d 
Dealt to f47f81ff 
Dealt to Hero [Kh Ah]
f47f81ff: folds
2d1bbd7d: folds
*** SHOWDOWN ***
Hero collected $3 from pot
*** SUMMARY ***
Total pot $3
Seat 2: 2d1bbd7d(small blind) folded before Flop
Seat 4: f47f81ff folded before Flop (didn't bet)
Seat 3: Hero(big blind)won ($3)



Poker Hand #ring_928385367: NLH No Limit ($1/$2) - 2025/06/10 22:37:25
Table 'MR NLH 1/2' 7-max Seat #3 is the button
Seat 2: 2d1bbd7d ($278.36 in chips)
Seat 4: f47f81ff ($349.45 in chips)
Seat 3: Hero ($206 in chips)
f47f81ff: posts small blind $1
2d1bbd7d: posts big blind $2
*** HOLE CARDS ***
Dealt to 2d1bbd7d 
Dealt to f47f81ff 
Dealt to Hero [9d 4h]
Hero: folds
f47f81ff: folds
*** SHOWDOWN ***
2d1bbd7d collected $3 from pot
*** SUMMARY ***
Total pot $3
Seat 2: 2d1bbd7d(big blind)won ($3)
Seat 4: f47f81ff(small blind) folded before Flop
Seat 3: Hero folded before Flop (didn't bet)



Poker Hand #ring_928384427: NLH No Limit ($1/$2) - 2025/06/10 22:36:56
Table 'MR NLH 1/2' 7-max Seat #2 is the button
Seat 2: 2d1bbd7d ($269.67 in chips)
Seat 4: f47f81ff ($357.95 in chips)
Seat 3: Hero ($207 in chips)
Hero: posts small blind $1
f47f81ff: posts big blind $2
*** HOLE CARDS ***
Dealt to 2d1bbd7d 
Dealt to f47f81ff 
Dealt to Hero [5h 2s]
2d1bbd7d: raises $2 to $4
Hero: folds
f47f81ff: calls $2
*** FLOP *** [8s 3d 9d]
f47f81ff: checks
2d1bbd7d: checks
*** TURN *** [8s 3d 9d] [7c]
f47f81ff: checks
2d1bbd7d: bets $4.5
f47f81ff: calls $4.5
*** RIVER *** [8s 3d 9d 7c] [8d]
f47f81ff: checks
2d1bbd7d: checks
2d1bbd7d: shows [Js 3s]
f47f81ff: shows [Kc Ts]
*** SHOWDOWN ***
2d1bbd7d collected $18 from pot
*** SUMMARY ***
Total pot $18
Board [8s 3d 9d 7c 8d]
Seat 2: 2d1bbd7d showed [Js 3s] and won ($18) with Pair of Eights and Pair of Treys
Seat 4: f47f81ff(big blind) showed [Kc Ts] and lost with Pair of Eights
Seat 3: Hero(small blind) folded before Flop



Poker Hand #ring_928384005: NLH No Limit ($1/$2) - 2025/06/10 22:36:43
Table 'MR NLH 1/2' 7-max Seat #4 is the button
Seat 2: 2d1bbd7d ($270.67 in chips)
Seat 4: f47f81ff ($354.95 in chips)
Seat 3: Hero ($209 in chips)
2d1bbd7d: posts small blind $1
Hero: posts big blind $2
*** HOLE CARDS ***
Dealt to 2d1bbd7d 
Dealt to f47f81ff 
Dealt to Hero [7s 2d]
f47f81ff: raises $3 to $5
2d1bbd7d: folds
Hero: folds
Uncalled bet ($3) returned to f47f81ff
*** SHOWDOWN ***
f47f81ff collected $5 from pot
*** SUMMARY ***
Total pot $5
Seat 2: 2d1bbd7d(small blind) folded before Flop
Seat 4: f47f81ffwon ($5)
Seat 3: Hero(big blind) folded before Flop



Poker Hand #ring_928383578: NLH No Limit ($1/$2) - 2025/06/10 22:36:30
Table 'MR NLH 1/2' 7-max Seat #3 is the button
Seat 2: 2d1bbd7d ($269.67 in chips)
Seat 4: f47f81ff ($355.95 in chips)
Seat 3: Hero ($209 in chips)
f47f81ff: posts small blind $1
2d1bbd7d: posts big blind $2
*** HOLE CARDS ***
Dealt to 2d1bbd7d 
Dealt to f47f81ff 
Dealt to Hero [3c Ah]
Hero: folds
f47f81ff: folds
*** SHOWDOWN ***
2d1bbd7d collected $3 from pot
*** SUMMARY ***
Total pot $3
Seat 2: 2d1bbd7d(big blind)won ($3)
Seat 4: f47f81ff(small blind) folded before Flop
Seat 3: Hero folded before Flop (didn't bet)



Poker Hand #ring_928383181: NLH No Limit ($1/$2) - 2025/06/10 22:36:18
Table 'MR NLH 1/2' 7-max Seat #2 is the button
Seat 2: 2d1bbd7d ($269.67 in chips)
Seat 4: f47f81ff ($354.95 in chips)
Seat 3: Hero ($210 in chips)
Hero: posts small blind $1
f47f81ff: posts big blind $2
*** HOLE CARDS ***
Dealt to 2d1bbd7d 
Dealt to f47f81ff 
Dealt to Hero [7c 5d]
2d1bbd7d: folds
Hero: folds
*** SHOWDOWN ***
f47f81ff collected $3 from pot
*** SUMMARY ***
Total pot $3
Seat 2: 2d1bbd7d folded before Flop (didn't bet)
Seat 4: f47f81ff(big blind)won ($3)
Seat 3: Hero(small blind) folded before Flop



Poker Hand #ring_928382559: NLH No Limit ($1/$2) - 2025/06/10 22:35:59
Table 'MR NLH 1/2' 7-max Seat #4 is the button
Seat 2: 2d1bbd7d ($274.67 in chips)
Seat 4: f47f81ff ($359.95 in chips)
Seat 3: Hero ($200 in chips)
2d1bbd7d: posts small blind $1
Hero: posts big blind $2
*** HOLE CARDS ***
Dealt to 2d1bbd7d 
Dealt to f47f81ff 
Dealt to Hero [As 7s]
f47f81ff: raises $3 to $5
2d1bbd7d: calls $4
Hero: raises $12 to $17
f47f81ff: folds
2d1bbd7d: folds
Uncalled bet ($12) returned to Hero
*** SHOWDOWN ***
Hero collected $15 from pot
*** SUMMARY ***
Total pot $15
Seat 2: 2d1bbd7d(small blind) folded before Flop
Seat 4: f47f81ff folded before Flop
Seat 3: Hero(big blind)won ($15)



Poker Hand #ring_928381754: NLH No Limit ($1/$2) - 2025/06/10 22:35:34
Table 'MR NLH 1/2' 7-max Seat #3 is the button
Seat 2: 2d1bbd7d ($269.21 in chips)
Seat 4: f47f81ff ($365.95 in chips)
Seat 3: Hero ($200 in chips)
f47f81ff: posts small blind $1
2d1bbd7d: posts big blind $2
*** HOLE CARDS ***
Dealt to 2d1bbd7d 
Dealt to f47f81ff 
Dealt to Hero [Jc 2d]
Hero: folds
f47f81ff: raises $4 to $6
2d1bbd7d: calls $4
*** FLOP *** [Qc 6h 2h]
f47f81ff: checks
2d1bbd7d: bets $6
f47f81ff: folds
Uncalled bet ($6) returned to 2d1bbd7d
*** SHOWDOWN ***
2d1bbd7d collected $12 from pot
*** SUMMARY ***
Total pot $12
Board [Qc 6h 2h]
Seat 2: 2d1bbd7d(big blind)won ($12) with Pair of Sixes
Seat 4: f47f81ff(small blind) folded on the Flop
Seat 3: Hero folded before Flop (didn't bet)



Poker Hand #ring_928381346: NLH No Limit ($1/$2) - 2025/06/10 22:35:21
Table 'MR NLH 1/2' 7-max Seat #2 is the button
Seat 2: 2d1bbd7d ($269.21 in chips)
Seat 4: f47f81ff ($364.95 in chips)
Seat 3: Hero ($201 in chips)
Hero: posts small blind $1
f47f81ff: posts big blind $2
*** HOLE CARDS ***
Dealt to 2d1bbd7d 
Dealt to f47f81ff 
Dealt to Hero [Js 2c]
2d1bbd7d: folds
Hero: folds
*** SHOWDOWN ***
f47f81ff collected $3 from pot
*** SUMMARY ***
Total pot $3
Seat 2: 2d1bbd7d folded before Flop (didn't bet)
Seat 4: f47f81ff(big blind)won ($3)
Seat 3: Hero(small blind) folded before Flop



Poker Hand #ring_928380941: NLH No Limit ($1/$2) - 2025/06/10 22:35:08
Table 'MR NLH 1/2' 7-max Seat #4 is the button
Seat 2: 2d1bbd7d ($270.21 in chips)
Seat 4: f47f81ff ($364.95 in chips)
Seat 3: Hero ($200 in chips)
2d1bbd7d: posts small blind $1
Hero: posts big blind $2
*** HOLE CARDS ***
Dealt to 2d1bbd7d 
Dealt to f47f81ff 
Dealt to Hero [Kd 8h]
f47f81ff: folds
2d1bbd7d: folds
*** SHOWDOWN ***
Hero collected $3 from pot
*** SUMMARY ***
Total pot $3
Seat 2: 2d1bbd7d(small blind) folded before Flop
Seat 4: f47f81ff folded before Flop (didn't bet)
Seat 3: Hero(big blind)won ($3)



