Poker Hand #ring_942101119: NLH No Limit ($2/$4) - 2025/06/18 00:37:32
Table 'MR NLH 2/4' 7-max Seat #3 is the button
Seat 3: 51aaf4dd ($1,413.1 in chips)
Seat 5: b53c42b8 ($1,051.87 in chips)
Seat 6: 5d5d96db ($112 in chips)
Seat 7: Hero ($737.73 in chips)
Seat 2: cb3e4890 ($944.92 in chips)
b53c42b8: posts small blind $2
5d5d96db: posts big blind $4
*** HOLE CARDS ***
Dealt to 51aaf4dd 
Dealt to b53c42b8 
Dealt to 5d5d96db 
Dealt to Hero [2d Kh]
Dealt to cb3e4890 
Hero: folds
cb3e4890: calls $4
51aaf4dd: folds
b53c42b8: folds
5d5d96db: checks
*** FLOP *** [Qh 3c Ac]
5d5d96db: checks
cb3e4890: bets $4
5d5d96db: calls $4
*** TURN *** [Qh 3c Ac] [2c]
5d5d96db: bets $9
cb3e4890: folds
Uncalled bet ($9) returned to 5d5d96db
*** SHOWDOWN ***
5d5d96db collected $18 from pot
*** SUMMARY ***
Total pot $18
Board [Qh 3c Ac 2c]
Seat 3: 51aaf4dd folded before Flop (didn't bet)
Seat 5: b53c42b8(small blind) folded before Flop
Seat 6: 5d5d96db(big blind)won ($18) with Ace High Flush
Seat 7: Hero folded before Flop (didn't bet)
Seat 2: cb3e4890 folded on the Turn



Poker Hand #ring_942099532: NLH No Limit ($2/$4) - 2025/06/18 00:36:44
Table 'MR NLH 2/4' 7-max Seat #2 is the button
Seat 3: 51aaf4dd ($1,357.71 in chips)
Seat 5: b53c42b8 ($1,055.87 in chips)
Seat 6: 5d5d96db ($112 in chips)
Seat 7: Hero ($737.73 in chips)
Seat 2: cb3e4890 ($1,002.68 in chips)
51aaf4dd: posts small blind $2
b53c42b8: posts big blind $4
*** HOLE CARDS ***
Dealt to 51aaf4dd 
Dealt to b53c42b8 
Dealt to 5d5d96db 
Dealt to Hero [Qc 3d]
Dealt to cb3e4890 
5d5d96db: folds
Hero: folds
cb3e4890: raises $12 to $16
51aaf4dd: calls $14
b53c42b8: folds
*** FLOP *** [Js Ad Ts]
51aaf4dd: checks
cb3e4890: bets $11.88
51aaf4dd: raises $29.88 to $41.76
cb3e4890: calls $29.88
*** TURN *** [Js Ad Ts] [6c]
51aaf4dd: bets $89.64
cb3e4890: folds
Uncalled bet ($89.64) returned to 51aaf4dd
*** SHOWDOWN ***
51aaf4dd collected $119.52 from pot
*** SUMMARY ***
Total pot $119.52
Board [Js Ad Ts 6c]
Seat 3: 51aaf4dd(small blind)won ($119.52) with Ace-High
Seat 5: b53c42b8(big blind) folded before Flop
Seat 6: 5d5d96db folded before Flop (didn't bet)
Seat 7: Hero folded before Flop (didn't bet)
Seat 2: cb3e4890 folded on the Turn



Poker Hand #ring_942098264: NLH No Limit ($2/$4) - 2025/06/18 00:36:05
Table 'MR NLH 2/4' 7-max Seat #0 is the button
Seat 3: 51aaf4dd ($1,361.71 in chips)
Seat 5: b53c42b8 ($1,055.87 in chips)
Seat 6: 5d5d96db ($112 in chips)
Seat 7: Hero ($774.3 in chips)
Seat 2: cb3e4890 ($966.58 in chips)
cb3e4890: posts small blind $2
51aaf4dd: posts big blind $4
*** HOLE CARDS ***
Dealt to 51aaf4dd 
Dealt to b53c42b8 
Dealt to 5d5d96db 
Dealt to Hero [Ah Js]
Dealt to cb3e4890 
b53c42b8: folds
5d5d96db: folds
Hero: raises $8 to $12
cb3e4890: calls $10
51aaf4dd: folds
*** FLOP *** [8d Ks Qh]
cb3e4890: checks
Hero: checks
*** TURN *** [8d Ks Qh] [5d]
cb3e4890: bets $9.24
Hero: calls $9.24
*** RIVER *** [8d Ks Qh 5d] [Kd]
cb3e4890: bets $15.33
Hero: calls $15.33
cb3e4890: shows [3h 3d]
Hero: shows [Ah Js]
*** SHOWDOWN ***
cb3e4890 collected $77.14 from pot
*** SUMMARY ***
Total pot $77.14
Board [8d Ks Qh 5d Kd]
Seat 3: 51aaf4dd(big blind) folded before Flop
Seat 5: b53c42b8 folded before Flop (didn't bet)
Seat 6: 5d5d96db folded before Flop (didn't bet)
Seat 7: Hero showed [Ah Js] and lost with Pair of Kings
Seat 2: cb3e4890(small blind) showed [3h 3d] and won ($77.14) with Pair of Kings and Pair of Treys



Poker Hand #ring_942097637: NLH No Limit ($2/$4) - 2025/06/18 00:35:47
Table 'MR NLH 2/4' 7-max Seat #7 is the button
Seat 3: 51aaf4dd ($1,361.71 in chips)
Seat 5: b53c42b8 ($1,055.87 in chips)
Seat 6: 5d5d96db ($112 in chips)
Seat 7: Hero ($774.3 in chips)
Seat 2: cb3e4890 ($966.58 in chips)
cb3e4890: posts big blind $4
*** HOLE CARDS ***
Dealt to 51aaf4dd 
Dealt to b53c42b8 
Dealt to 5d5d96db 
Dealt to Hero [4c 8c]
Dealt to cb3e4890 
51aaf4dd: folds
b53c42b8: folds
5d5d96db: folds
Hero: folds
Uncalled bet ($4) returned to cb3e4890
*** SHOWDOWN ***
cb3e4890 collected $0 from pot
*** SUMMARY ***
Total pot $0
Seat 3: 51aaf4dd folded before Flop (didn't bet)
Seat 5: b53c42b8 folded before Flop (didn't bet)
Seat 6: 5d5d96db folded before Flop (didn't bet)
Seat 7: Hero folded before Flop (didn't bet)
Seat 2: cb3e4890(big blind)lost



Poker Hand #ring_942096325: NLH No Limit ($2/$4) - 2025/06/18 00:35:07
Table 'MR NLH 2/4' 7-max Seat #6 is the button
Seat 3: 51aaf4dd ($1,361.71 in chips)
Seat 5: b53c42b8 ($1,055.87 in chips)
Seat 6: 5d5d96db ($112 in chips)
Seat 4: 4835775 ($1,335.43 in chips)
Seat 7: Hero ($770.3 in chips)
Seat 1: 3f4dcf39 ($200 in chips)
Seat 2: cb3e4890 ($966.58 in chips)
Hero: posts small blind $2
3f4dcf39: posts big blind $4
*** HOLE CARDS ***
Dealt to 51aaf4dd 
Dealt to b53c42b8 
Dealt to 5d5d96db 
Dealt to 4835775 
Dealt to Hero [Qd Ad]
Dealt to 3f4dcf39 
Dealt to cb3e4890 
cb3e4890: folds
51aaf4dd: folds
4835775: folds
b53c42b8: folds
5d5d96db: folds
Hero: raises $8 to $12
3f4dcf39: folds
Uncalled bet ($8) returned to Hero
*** SHOWDOWN ***
Hero collected $8 from pot
*** SUMMARY ***
Total pot $8
Seat 3: 51aaf4dd folded before Flop (didn't bet)
Seat 5: b53c42b8 folded before Flop (didn't bet)
Seat 6: 5d5d96db folded before Flop (didn't bet)
Seat 4: 4835775 folded before Flop (didn't bet)
Seat 7: Hero(small blind)won ($8)
Seat 1: 3f4dcf39(big blind) folded before Flop
Seat 2: cb3e4890 folded before Flop (didn't bet)



Poker Hand #ring_942094000: NLH No Limit ($2/$4) - 2025/06/18 00:33:57
Table 'MR NLH 2/4' 7-max Seat #5 is the button
Seat 3: 51aaf4dd ($1,300.38 in chips)
Seat 5: b53c42b8 ($1,113.87 in chips)
Seat 6: 5d5d96db ($114 in chips)
Seat 4: 4835775 ($1,335.43 in chips)
Seat 7: Hero ($774.3 in chips)
Seat 2: cb3e4890 ($970.58 in chips)
5d5d96db: posts small blind $2
Hero: posts big blind $4
*** HOLE CARDS ***
Dealt to 51aaf4dd 
Dealt to b53c42b8 
Dealt to 5d5d96db 
Dealt to 4835775 
Dealt to Hero [9c 6d]
Dealt to cb3e4890 
cb3e4890: calls $4
51aaf4dd: raises $12 to $16
4835775: folds
b53c42b8: raises $42 to $58
5d5d96db: folds
Hero: folds
cb3e4890: folds
51aaf4dd: calls $42
*** FLOP *** [Ah 6c 2h]
51aaf4dd: checks
b53c42b8: checks
*** TURN *** [Ah 6c 2h] [4d]
51aaf4dd: checks
b53c42b8: checks
*** RIVER *** [Ah 6c 2h 4d] [3d]
51aaf4dd: bets $63
b53c42b8: folds
Uncalled bet ($63) returned to 51aaf4dd
*** SHOWDOWN ***
51aaf4dd collected $126 from pot
*** SUMMARY ***
Total pot $126
Board [Ah 6c 2h 4d 3d]
Seat 3: 51aaf4ddwon ($126) with Ace-High
Seat 5: b53c42b8 folded on the River
Seat 6: 5d5d96db(small blind) folded before Flop
Seat 4: 4835775 folded before Flop (didn't bet)
Seat 7: Hero(big blind) folded before Flop
Seat 2: cb3e4890 folded before Flop



Poker Hand #ring_942092426: NLH No Limit ($2/$4) - 2025/06/18 00:33:12
Table 'MR NLH 2/4' 7-max Seat #4 is the button
Seat 3: 51aaf4dd ($1,300.38 in chips)
Seat 5: b53c42b8 ($1,036.43 in chips)
Seat 6: 5d5d96db ($118 in chips)
Seat 4: 4835775 ($1,335.43 in chips)
Seat 7: Hero ($774.3 in chips)
Seat 2: cb3e4890 ($1,052.58 in chips)
b53c42b8: posts small blind $2
5d5d96db: posts big blind $4
*** HOLE CARDS ***
Dealt to 51aaf4dd 
Dealt to b53c42b8 
Dealt to 5d5d96db 
Dealt to 4835775 
Dealt to Hero [8c Ts]
Dealt to cb3e4890 
Hero: folds
cb3e4890: raises $8 to $12
51aaf4dd: folds
4835775: folds
b53c42b8: calls $10
5d5d96db: folds
*** FLOP *** [6c Td Js]
b53c42b8: checks
cb3e4890: checks
*** TURN *** [6c Td Js] [3d]
b53c42b8: checks
cb3e4890: bets $14
b53c42b8: calls $14
*** RIVER *** [6c Td Js 3d] [Qh]
b53c42b8: checks
cb3e4890: bets $56
b53c42b8: calls $56
cb3e4890: shows [8s Ah]
b53c42b8: shows [4s 6h]
*** SHOWDOWN ***
b53c42b8 collected $168 from pot
*** SUMMARY ***
Total pot $168
Board [6c Td Js 3d Qh]
Seat 3: 51aaf4dd folded before Flop (didn't bet)
Seat 5: b53c42b8(small blind) showed [4s 6h] and won ($168) with Pair of Sixes
Seat 6: 5d5d96db(big blind) folded before Flop
Seat 4: 4835775 folded before Flop (didn't bet)
Seat 7: Hero folded before Flop (didn't bet)
Seat 2: cb3e4890 showed [8s Ah] and lost with Ace-High



Poker Hand #ring_942090830: NLH No Limit ($2/$4) - 2025/06/18 00:32:24
Table 'MR NLH 2/4' 7-max Seat #3 is the button
Seat 3: 51aaf4dd ($1,300.38 in chips)
Seat 5: b53c42b8 ($874.55 in chips)
Seat 6: 5d5d96db ($118 in chips)
Seat 4: 4835775 ($1,337.43 in chips)
Seat 7: Hero ($792.3 in chips)
Seat 2: cb3e4890 ($1,210.58 in chips)
4835775: posts small blind $2
b53c42b8: posts big blind $4
*** HOLE CARDS ***
Dealt to 51aaf4dd 
Dealt to b53c42b8 
Dealt to 5d5d96db 
Dealt to 4835775 
Dealt to Hero [4c 4s]
Dealt to cb3e4890 
5d5d96db: folds
Hero: calls $4
cb3e4890: calls $4
51aaf4dd: folds
4835775: folds
b53c42b8: raises $14 to $18
Hero: calls $14
cb3e4890: calls $14
*** FLOP *** [Js 9c Ac]
b53c42b8: bets $56
Hero: folds
cb3e4890: calls $56
*** TURN *** [Js 9c Ac] [6s]
b53c42b8: checks
cb3e4890: bets $84
b53c42b8: calls $84
*** RIVER *** [Js 9c Ac 6s] [8c]
b53c42b8: checks
cb3e4890: checks
cb3e4890: shows [Th 9s]
b53c42b8: shows [Jh 4d]
*** SHOWDOWN ***
b53c42b8 collected $336 from pot
*** SUMMARY ***
Total pot $336
Board [Js 9c Ac 6s 8c]
Seat 3: 51aaf4dd folded before Flop (didn't bet)
Seat 5: b53c42b8(big blind) showed [Jh 4d] and won ($336) with Pair of Jacks
Seat 6: 5d5d96db folded before Flop (didn't bet)
Seat 4: 4835775(small blind) folded before Flop
Seat 7: Hero folded on the Flop
Seat 2: cb3e4890 showed [Th 9s] and lost with Pair of Nines



Poker Hand #ring_942089159: NLH No Limit ($2/$4) - 2025/06/18 00:31:35
Table 'MR NLH 2/4' 7-max Seat #2 is the button
Seat 3: 51aaf4dd ($1,360.38 in chips)
Seat 5: b53c42b8 ($874.55 in chips)
Seat 6: 5d5d96db ($118 in chips)
Seat 4: 4835775 ($1,226.53 in chips)
Seat 7: Hero ($792.3 in chips)
Seat 2: cb3e4890 ($1,270.58 in chips)
51aaf4dd: posts small blind $2
4835775: posts big blind $4
*** HOLE CARDS ***
Dealt to 51aaf4dd 
Dealt to b53c42b8 
Dealt to 5d5d96db 
Dealt to 4835775 
Dealt to Hero [4s 7h]
Dealt to cb3e4890 
b53c42b8: folds
5d5d96db: folds
Hero: folds
cb3e4890: raises $8 to $12
51aaf4dd: calls $10
4835775: raises $48 to $60
cb3e4890: calls $48
51aaf4dd: calls $48
*** FLOP *** [8h 7s 4d]
51aaf4dd: checks
4835775: checks
cb3e4890: checks
*** TURN *** [8h 7s 4d] [Jh]
51aaf4dd: checks
4835775: bets $118.8
cb3e4890: folds
51aaf4dd: folds
Uncalled bet ($118.8) returned to 4835775
cb3e4890: shows [Tc]
51aaf4dd: shows [5d]
*** SHOWDOWN ***
4835775 collected $180 from pot
*** SUMMARY ***
Total pot $180
Board [8h 7s 4d Jh]
Seat 3: 51aaf4dd(small blind) folded on the Turn
Seat 5: b53c42b8 folded before Flop (didn't bet)
Seat 6: 5d5d96db folded before Flop (didn't bet)
Seat 4: 4835775(big blind)won ($180) with Ace-High
Seat 7: Hero folded before Flop (didn't bet)
Seat 2: cb3e4890 folded on the Turn



Poker Hand #ring_942087213: NLH No Limit ($2/$4) - 2025/06/18 00:30:40
Table 'MR NLH 2/4' 7-max Seat #0 is the button
Seat 3: 51aaf4dd ($1,364.38 in chips)
Seat 5: b53c42b8 ($980.09 in chips)
Seat 6: 5d5d96db ($118 in chips)
Seat 4: 4835775 ($1,226.53 in chips)
Seat 7: Hero ($806.3 in chips)
Seat 2: cb3e4890 ($1,158.34 in chips)
cb3e4890: posts small blind $2
51aaf4dd: posts big blind $4
*** HOLE CARDS ***
Dealt to 51aaf4dd 
Dealt to b53c42b8 
Dealt to 5d5d96db 
Dealt to 4835775 
Dealt to Hero [Ah Qh]
Dealt to cb3e4890 
4835775: folds
b53c42b8: raises $10 to $14
5d5d96db: folds
Hero: calls $14
cb3e4890: calls $12
51aaf4dd: folds
*** FLOP *** [6s Ts Js]
cb3e4890: checks
b53c42b8: checks
Hero: checks
*** TURN *** [6s Ts Js] [As]
cb3e4890: checks
b53c42b8: checks
Hero: checks
*** RIVER *** [6s Ts Js As] [5s]
cb3e4890: bets $15.18
b53c42b8: raises $76.36 to $91.54
Hero: folds
cb3e4890: calls $76.36
cb3e4890: shows [9s Qs]
b53c42b8: shows [4h 7c]
*** SHOWDOWN ***
cb3e4890 collected $229.08 from pot
*** SUMMARY ***
Total pot $229.08
Board [6s Ts Js As 5s]
Seat 3: 51aaf4dd(big blind) folded before Flop
Seat 5: b53c42b8 showed [4h 7c] and lost with Ace High Flush
Seat 6: 5d5d96db folded before Flop (didn't bet)
Seat 4: 4835775 folded before Flop (didn't bet)
Seat 7: Hero folded on the River
Seat 2: cb3e4890(small blind) showed [9s Qs] and won ($229.08) with Ace High Flush



Poker Hand #ring_942084786: NLH No Limit ($2/$4) - 2025/06/18 00:29:32
Table 'MR NLH 2/4' 7-max Seat #7 is the button
Seat 3: 51aaf4dd ($1,364.38 in chips)
Seat 1: 889a387f ($264.04 in chips)
Seat 5: b53c42b8 ($736.99 in chips)
Seat 6: 5d5d96db ($118 in chips)
Seat 4: 4835775 ($1,226.53 in chips)
Seat 7: Hero ($806.3 in chips)
Seat 2: cb3e4890 ($1,162.34 in chips)
889a387f: posts small blind $2
cb3e4890: posts big blind $4
*** HOLE CARDS ***
Dealt to 51aaf4dd 
Dealt to 889a387f 
Dealt to b53c42b8 
Dealt to 5d5d96db 
Dealt to 4835775 
Dealt to Hero [Ks 8h]
Dealt to cb3e4890 
51aaf4dd: folds
4835775: folds
b53c42b8: raises $72 to $76
5d5d96db: folds
Hero: folds
889a387f: raises $188.04 to $264.04 and is all-in
cb3e4890: folds
b53c42b8: calls $188.04
889a387f: shows [Ac 2c]
b53c42b8: shows [9c 9s]
*** FLOP *** [Qd 3c 8d]
*** TURN *** [Qd 3c 8d] [Js]
*** RIVER *** [Qd 3c 8d Js] [7s]
*** SHOWDOWN ***
b53c42b8 collected $532.08 from pot
*** SUMMARY ***
Total pot $532.08
Board [Qd 3c 8d Js 7s]
Seat 3: 51aaf4dd folded before Flop (didn't bet)
Seat 1: 889a387f(small blind) showed [Ac 2c] and lost with Ace-High
Seat 5: b53c42b8 showed [9c 9s] and won ($532.08) with Pair of Nines
Seat 6: 5d5d96db folded before Flop (didn't bet)
Seat 4: 4835775 folded before Flop (didn't bet)
Seat 7: Hero folded before Flop (didn't bet)
Seat 2: cb3e4890(big blind) folded before Flop



Poker Hand #ring_942082912: NLH No Limit ($2/$4) - 2025/06/18 00:28:39
Table 'MR NLH 2/4' 7-max Seat #6 is the button
Seat 3: 51aaf4dd ($1,364.38 in chips)
Seat 1: 889a387f ($137.76 in chips)
Seat 5: b53c42b8 ($874.75 in chips)
Seat 6: 5d5d96db ($118 in chips)
Seat 4: 4835775 ($1,226.53 in chips)
Seat 7: Hero ($808.3 in chips)
Seat 2: cb3e4890 ($1,162.34 in chips)
Hero: posts small blind $2
889a387f: posts big blind $4
*** HOLE CARDS ***
Dealt to 51aaf4dd 
Dealt to 889a387f 
Dealt to b53c42b8 
Dealt to 5d5d96db 
Dealt to 4835775 
Dealt to Hero [7s Ah]
Dealt to cb3e4890 
cb3e4890: folds
51aaf4dd: folds
4835775: folds
b53c42b8: raises $176.78 to $180.78
5d5d96db: folds
Hero: folds
889a387f: calls $133.76 and is all-in
Uncalled bet ($43.02) returned to b53c42b8
889a387f: shows [Tc Ac]
b53c42b8: shows [3h 4c]
*** FLOP *** [7c 6c 6s]
*** TURN *** [7c 6c 6s] [Qd]
*** RIVER *** [7c 6c 6s Qd] [Qc]
cb3e4890: shows [4d]
*** SHOWDOWN ***
889a387f collected $277.52 from pot
*** SUMMARY ***
Total pot $277.52
Board [7c 6c 6s Qd Qc]
Seat 3: 51aaf4dd folded before Flop (didn't bet)
Seat 1: 889a387f(big blind) showed [Tc Ac] and won ($277.52) with Ace High Flush
Seat 5: b53c42b8 showed [3h 4c] and lost with Pair of Queens and Pair of Sixes
Seat 6: 5d5d96db folded before Flop (didn't bet)
Seat 4: 4835775 folded before Flop (didn't bet)
Seat 7: Hero(small blind) folded before Flop
Seat 2: cb3e4890 folded before Flop (didn't bet)



Poker Hand #ring_942081954: NLH No Limit ($2/$4) - 2025/06/18 00:28:12
Table 'MR NLH 2/4' 7-max Seat #5 is the button
Seat 3: 51aaf4dd ($1,364.38 in chips)
Seat 1: 889a387f ($137.76 in chips)
Seat 5: b53c42b8 ($858.75 in chips)
Seat 6: 5d5d96db ($120 in chips)
Seat 4: 4835775 ($1,236.53 in chips)
Seat 7: Hero ($812.3 in chips)
Seat 2: cb3e4890 ($1,162.34 in chips)
5d5d96db: posts small blind $2
Hero: posts big blind $4
*** HOLE CARDS ***
Dealt to 51aaf4dd 
Dealt to 889a387f 
Dealt to b53c42b8 
Dealt to 5d5d96db 
Dealt to 4835775 
Dealt to Hero [5h 3c]
Dealt to cb3e4890 
889a387f: folds
cb3e4890: folds
51aaf4dd: folds
4835775: raises $6 to $10
b53c42b8: raises $82 to $92
5d5d96db: folds
Hero: folds
4835775: folds
Uncalled bet ($82) returned to b53c42b8
*** SHOWDOWN ***
b53c42b8 collected $26 from pot
*** SUMMARY ***
Total pot $26
Seat 3: 51aaf4dd folded before Flop (didn't bet)
Seat 1: 889a387f folded before Flop (didn't bet)
Seat 5: b53c42b8won ($26)
Seat 6: 5d5d96db(small blind) folded before Flop
Seat 4: 4835775 folded before Flop
Seat 7: Hero(big blind) folded before Flop
Seat 2: cb3e4890 folded before Flop (didn't bet)



Poker Hand #ring_942081004: NLH No Limit ($2/$4) - 2025/06/18 00:27:44
Table 'MR NLH 2/4' 7-max Seat #4 is the button
Seat 3: 51aaf4dd ($1,364.38 in chips)
Seat 1: 889a387f ($137.76 in chips)
Seat 5: b53c42b8 ($830.75 in chips)
Seat 6: 5d5d96db ($124 in chips)
Seat 4: 4835775 ($1,236.53 in chips)
Seat 7: Hero ($824.3 in chips)
Seat 2: cb3e4890 ($1,174.34 in chips)
b53c42b8: posts small blind $2
5d5d96db: posts big blind $4
*** HOLE CARDS ***
Dealt to 51aaf4dd 
Dealt to 889a387f 
Dealt to b53c42b8 
Dealt to 5d5d96db 
Dealt to 4835775 
Dealt to Hero [5s 4s]
Dealt to cb3e4890 
Hero: raises $8 to $12
889a387f: folds
cb3e4890: calls $12
51aaf4dd: folds
4835775: folds
b53c42b8: raises $102 to $114
5d5d96db: folds
Hero: folds
cb3e4890: folds
Uncalled bet ($102) returned to b53c42b8
cb3e4890: shows [9s Ts]
*** SHOWDOWN ***
b53c42b8 collected $40 from pot
*** SUMMARY ***
Total pot $40
Seat 3: 51aaf4dd folded before Flop (didn't bet)
Seat 1: 889a387f folded before Flop (didn't bet)
Seat 5: b53c42b8(small blind)won ($40)
Seat 6: 5d5d96db(big blind) folded before Flop
Seat 4: 4835775 folded before Flop (didn't bet)
Seat 7: Hero folded before Flop
Seat 2: cb3e4890 folded before Flop



Poker Hand #ring_942080075: NLH No Limit ($2/$4) - 2025/06/18 00:27:18
Table 'MR NLH 2/4' 7-max Seat #3 is the button
Seat 3: 51aaf4dd ($1,364.38 in chips)
Seat 1: 889a387f ($137.76 in chips)
Seat 5: b53c42b8 ($800 in chips)
Seat 6: 5d5d96db ($140 in chips)
Seat 4: 4835775 ($1,238.53 in chips)
Seat 7: Hero ($824.3 in chips)
Seat 2: cb3e4890 ($1,190.34 in chips)
4835775: posts small blind $2
b53c42b8: posts big blind $4
*** HOLE CARDS ***
Dealt to 51aaf4dd 
Dealt to 889a387f 
Dealt to b53c42b8 
Dealt to 5d5d96db 
Dealt to 4835775 
Dealt to Hero [5s 3d]
Dealt to cb3e4890 
5d5d96db: calls $4
Hero: folds
889a387f: folds
cb3e4890: raises $12 to $16
51aaf4dd: folds
4835775: folds
b53c42b8: calls $12
5d5d96db: calls $12
*** FLOP *** [Td 5c 7s]
b53c42b8: bets $68.6
5d5d96db: folds
cb3e4890: folds
Uncalled bet ($68.6) returned to b53c42b8
*** SHOWDOWN ***
b53c42b8 collected $50 from pot
*** SUMMARY ***
Total pot $50
Board [Td 5c 7s]
Seat 3: 51aaf4dd folded before Flop (didn't bet)
Seat 1: 889a387f folded before Flop (didn't bet)
Seat 5: b53c42b8(big blind)won ($50) with Pair of Tens
Seat 6: 5d5d96db folded on the Flop
Seat 4: 4835775(small blind) folded before Flop
Seat 7: Hero folded before Flop (didn't bet)
Seat 2: cb3e4890 folded on the Flop



Poker Hand #ring_942078730: NLH No Limit ($2/$4) - 2025/06/18 00:26:40
Table 'MR NLH 2/4' 7-max Seat #2 is the button
Seat 3: 51aaf4dd ($1,366.38 in chips)
Seat 1: 889a387f ($145.76 in chips)
Seat 6: 5d5d96db ($140 in chips)
Seat 4: 4835775 ($1,203.77 in chips)
Seat 7: Hero ($824.3 in chips)
Seat 2: cb3e4890 ($1,219.14 in chips)
51aaf4dd: posts small blind $2
4835775: posts big blind $4
*** HOLE CARDS ***
Dealt to 51aaf4dd 
Dealt to 889a387f 
Dealt to 5d5d96db 
Dealt to 4835775 
Dealt to Hero [8s Kh]
Dealt to cb3e4890 
5d5d96db: folds
Hero: folds
889a387f: raises $4 to $8
cb3e4890: calls $8
51aaf4dd: folds
4835775: raises $20.8 to $28.8
889a387f: folds
cb3e4890: calls $20.8
*** FLOP *** [5h Ah 8d]
4835775: bets $44.62
cb3e4890: folds
Uncalled bet ($44.62) returned to 4835775
*** SHOWDOWN ***
4835775 collected $67.6 from pot
*** SUMMARY ***
Total pot $67.6
Board [5h Ah 8d]
Seat 3: 51aaf4dd(small blind) folded before Flop
Seat 1: 889a387f folded before Flop
Seat 6: 5d5d96db folded before Flop (didn't bet)
Seat 4: 4835775(big blind)won ($67.6) with Pair of Aces
Seat 7: Hero folded before Flop (didn't bet)
Seat 2: cb3e4890 folded on the Flop



Poker Hand #ring_942076839: NLH No Limit ($2/$4) - 2025/06/18 00:25:46
Table 'MR NLH 2/4' 7-max Seat #1 is the button
Seat 3: 51aaf4dd ($1,370.38 in chips)
Seat 1: 889a387f ($155.76 in chips)
Seat 6: 5d5d96db ($150 in chips)
Seat 4: 4835775 ($1,213.77 in chips)
Seat 7: Hero ($824.3 in chips)
Seat 2: cb3e4890 ($1,188.12 in chips)
cb3e4890: posts small blind $2
51aaf4dd: posts big blind $4
*** HOLE CARDS ***
Dealt to 51aaf4dd 
Dealt to 889a387f 
Dealt to 5d5d96db 
Dealt to 4835775 
Dealt to Hero [6h 3h]
Dealt to cb3e4890 
4835775: raises $6 to $10
5d5d96db: calls $10
Hero: folds
889a387f: calls $10
cb3e4890: calls $8
51aaf4dd: folds
*** FLOP *** [Qd 6s 4s]
cb3e4890: checks
4835775: checks
5d5d96db: checks
889a387f: checks
*** TURN *** [Qd 6s 4s] [6d]
cb3e4890: bets $33
4835775: folds
5d5d96db: folds
889a387f: folds
Uncalled bet ($33) returned to cb3e4890
*** SHOWDOWN ***
cb3e4890 collected $44 from pot
*** SUMMARY ***
Total pot $44
Board [Qd 6s 4s 6d]
Seat 3: 51aaf4dd(big blind) folded before Flop
Seat 1: 889a387f folded on the Turn
Seat 6: 5d5d96db folded on the Turn
Seat 4: 4835775 folded on the Turn
Seat 7: Hero folded before Flop (didn't bet)
Seat 2: cb3e4890(small blind)won ($44) with Three Sixes



Poker Hand #ring_942075674: NLH No Limit ($2/$4) - 2025/06/18 00:25:11
Table 'MR NLH 2/4' 7-max Seat #7 is the button
Seat 3: 51aaf4dd ($1,370.38 in chips)
Seat 1: 889a387f ($82.07 in chips)
Seat 6: 5d5d96db ($150 in chips)
Seat 4: 4835775 ($1,213.77 in chips)
Seat 7: Hero ($824.3 in chips)
Seat 2: cb3e4890 ($1,270.19 in chips)
889a387f: posts small blind $2
cb3e4890: posts big blind $4
*** HOLE CARDS ***
Dealt to 51aaf4dd 
Dealt to 889a387f 
Dealt to 5d5d96db 
Dealt to 4835775 
Dealt to Hero [Ah 4d]
Dealt to cb3e4890 
51aaf4dd: folds
4835775: folds
5d5d96db: folds
Hero: folds
889a387f: raises $78.07 to $82.07 and is all-in
cb3e4890: calls $78.07
889a387f: shows [Kh Js]
cb3e4890: shows [8c As]
*** FLOP *** [Kc 9h 7c]
*** TURN *** [Kc 9h 7c] [Ks]
*** RIVER *** [Kc 9h 7c Ks] [9c]
*** SHOWDOWN ***
889a387f collected $164.14 from pot
*** SUMMARY ***
Total pot $164.14
Board [Kc 9h 7c Ks 9c]
Seat 3: 51aaf4dd folded before Flop (didn't bet)
Seat 1: 889a387f(small blind) showed [Kh Js] and won ($164.14) with Kings Full over Nines
Seat 6: 5d5d96db folded before Flop (didn't bet)
Seat 4: 4835775 folded before Flop (didn't bet)
Seat 7: Hero folded before Flop (didn't bet)
Seat 2: cb3e4890(big blind) showed [8c As] and lost with Pair of Kings and Pair of Nines



Poker Hand #ring_942074231: NLH No Limit ($2/$4) - 2025/06/18 00:24:30
Table 'MR NLH 2/4' 7-max Seat #6 is the button
Seat 3: 51aaf4dd ($1,382.38 in chips)
Seat 1: 889a387f ($86.07 in chips)
Seat 6: 5d5d96db ($200 in chips)
Seat 4: 4835775 ($1,213.77 in chips)
Seat 7: Hero ($764.52 in chips)
Seat 2: cb3e4890 ($1,270.19 in chips)
Hero: posts small blind $2
889a387f: posts big blind $4
5d5d96db: posts big blind $4
*** HOLE CARDS ***
Dealt to 51aaf4dd 
Dealt to 889a387f 
Dealt to 5d5d96db 
Dealt to 4835775 
Dealt to Hero [Ad As]
Dealt to cb3e4890 
cb3e4890: folds
51aaf4dd: raises $8 to $12
4835775: folds
5d5d96db: calls $8
Hero: raises $38 to $50
889a387f: folds
51aaf4dd: folds
5d5d96db: calls $38
*** FLOP *** [Ac Jc Ks]
Hero: checks
5d5d96db: checks
*** TURN *** [Ac Jc Ks] [7c]
Hero: bets $58
5d5d96db: folds
Uncalled bet ($58) returned to Hero
*** SHOWDOWN ***
Hero collected $116 from pot
*** SUMMARY ***
Total pot $116
Board [Ac Jc Ks 7c]
Seat 3: 51aaf4dd folded before Flop
Seat 1: 889a387f(big blind) folded before Flop
Seat 6: 5d5d96db folded on the Turn
Seat 4: 4835775 folded before Flop (didn't bet)
Seat 7: Hero(small blind)won ($116) with Three Aces
Seat 2: cb3e4890 folded before Flop (didn't bet)



Poker Hand #ring_942073240: NLH No Limit ($2/$4) - 2025/06/18 00:24:01
Table 'MR NLH 2/4' 7-max Seat #4 is the button
Seat 3: 51aaf4dd ($1,382.38 in chips)
Seat 1: 889a387f ($78.79 in chips)
Seat 4: 4835775 ($1,213.77 in chips)
Seat 7: Hero ($772.52 in chips)
Seat 2: cb3e4890 ($1,270.19 in chips)
Hero: posts big blind $4
*** HOLE CARDS ***
Dealt to 51aaf4dd 
Dealt to 889a387f 
Dealt to 4835775 
Dealt to Hero [4s Qs]
Dealt to cb3e4890 
889a387f: raises $4 to $8
cb3e4890: folds
51aaf4dd: folds
4835775: folds
Hero: calls $4
*** FLOP *** [9d Tc 5s]
Hero: checks
889a387f: bets $12
Hero: folds
Uncalled bet ($12) returned to 889a387f
*** SHOWDOWN ***
889a387f collected $16 from pot
*** SUMMARY ***
Total pot $16
Board [9d Tc 5s]
Seat 3: 51aaf4dd folded before Flop (didn't bet)
Seat 1: 889a387fwon ($16) with Pair of Nines
Seat 4: 4835775 folded before Flop (didn't bet)
Seat 7: Hero(big blind) folded on the Flop
Seat 2: cb3e4890 folded before Flop (didn't bet)



Poker Hand #ring_942071790: NLH No Limit ($2/$4) - 2025/06/18 00:23:20
Table 'MR NLH 2/4' 7-max Seat #3 is the button
Seat 3: 51aaf4dd ($1,400.38 in chips)
Seat 1: 889a387f ($78.79 in chips)
Seat 6: 5d5d96db ($185.83 in chips)
Seat 4: 4835775 ($1,215.77 in chips)
Seat 7: Hero ($772.52 in chips)
Seat 2: cb3e4890 ($1,082.98 in chips)
4835775: posts small blind $2
5d5d96db: posts big blind $4
*** HOLE CARDS ***
Dealt to 51aaf4dd 
Dealt to 889a387f 
Dealt to 5d5d96db 
Dealt to 4835775 
Dealt to Hero [9d Tc]
Dealt to cb3e4890 
Hero: folds
889a387f: folds
cb3e4890: calls $4
51aaf4dd: raises $14 to $18
4835775: folds
5d5d96db: calls $14
cb3e4890: calls $14
*** FLOP *** [9s 2d 3h]
5d5d96db: checks
cb3e4890: checks
51aaf4dd: checks
*** TURN *** [9s 2d 3h] [6c]
5d5d96db: bets $28
cb3e4890: calls $28
51aaf4dd: folds
*** RIVER *** [9s 2d 3h 6c] [8s]
5d5d96db: bets $56
cb3e4890: raises $168 to $224
5d5d96db: calls $83.83 and is all-in
Uncalled bet ($84.17) returned to cb3e4890
cb3e4890: shows [6h 8c]
5d5d96db: shows [9h Th]
*** SHOWDOWN ***
cb3e4890 collected $391.66 from pot
*** SUMMARY ***
Total pot $391.66
Board [9s 2d 3h 6c 8s]
Seat 3: 51aaf4dd folded on the Turn
Seat 1: 889a387f folded before Flop (didn't bet)
Seat 6: 5d5d96db(big blind) showed [9h Th] and lost with Pair of Nines
Seat 4: 4835775(small blind) folded before Flop
Seat 7: Hero folded before Flop (didn't bet)
Seat 2: cb3e4890 showed [6h 8c] and won ($391.66) with Pair of Eights and Pair of Sixes



Poker Hand #ring_942069714: NLH No Limit ($2/$4) - 2025/06/18 00:22:21
Table 'MR NLH 2/4' 7-max Seat #2 is the button
Seat 3: 51aaf4dd ($1,437.48 in chips)
Seat 1: 889a387f ($78.79 in chips)
Seat 6: 5d5d96db ($222.93 in chips)
Seat 4: 4835775 ($1,229.77 in chips)
Seat 7: Hero ($786.52 in chips)
Seat 2: cb3e4890 ($988.04 in chips)
51aaf4dd: posts small blind $2
4835775: posts big blind $4
*** HOLE CARDS ***
Dealt to 51aaf4dd 
Dealt to 889a387f 
Dealt to 5d5d96db 
Dealt to 4835775 
Dealt to Hero [7h 7s]
Dealt to cb3e4890 
5d5d96db: calls $4
Hero: raises $10 to $14
889a387f: folds
cb3e4890: calls $14
51aaf4dd: calls $12
4835775: calls $10
5d5d96db: calls $10
*** FLOP *** [Ts Kd 2d]
51aaf4dd: checks
4835775: checks
5d5d96db: checks
Hero: checks
cb3e4890: checks
*** TURN *** [Ts Kd 2d] [Th]
51aaf4dd: checks
4835775: checks
5d5d96db: bets $23.1
Hero: folds
cb3e4890: calls $23.1
51aaf4dd: calls $23.1
4835775: folds
*** RIVER *** [Ts Kd 2d Th] [4h]
51aaf4dd: checks
5d5d96db: checks
cb3e4890: bets $104.47
51aaf4dd: folds
5d5d96db: folds
Uncalled bet ($104.47) returned to cb3e4890
cb3e4890: shows [Ac Jd]
*** SHOWDOWN ***
cb3e4890 collected $139.3 from pot
*** SUMMARY ***
Total pot $139.3
Board [Ts Kd 2d Th 4h]
Seat 3: 51aaf4dd(small blind) folded on the River
Seat 1: 889a387f folded before Flop (didn't bet)
Seat 6: 5d5d96db folded on the River
Seat 4: 4835775(big blind) folded on the Turn
Seat 7: Hero folded on the Turn
Seat 2: cb3e4890 showed [Ac Jd] and won ($139.3) with Pair of Tens



Poker Hand #ring_942067769: NLH No Limit ($2/$4) - 2025/06/18 00:21:26
Table 'MR NLH 2/4' 7-max Seat #1 is the button
Seat 3: 51aaf4dd ($1,449.48 in chips)
Seat 1: 889a387f ($78.79 in chips)
Seat 6: 5d5d96db ($222.93 in chips)
Seat 4: 4835775 ($1,229.77 in chips)
Seat 7: Hero ($816.52 in chips)
Seat 2: cb3e4890 ($950.28 in chips)
cb3e4890: posts small blind $2
51aaf4dd: posts big blind $4
*** HOLE CARDS ***
Dealt to 51aaf4dd 
Dealt to 889a387f 
Dealt to 5d5d96db 
Dealt to 4835775 
Dealt to Hero [As 2s]
Dealt to cb3e4890 
4835775: folds
5d5d96db: folds
Hero: raises $8 to $12
889a387f: folds
cb3e4890: calls $10
51aaf4dd: calls $8
*** FLOP *** [Kd Td 6h]
cb3e4890: checks
51aaf4dd: checks
Hero: bets $18
cb3e4890: calls $18
51aaf4dd: folds
*** TURN *** [Kd Td 6h] [Ts]
cb3e4890: checks
Hero: checks
*** RIVER *** [Kd Td 6h Ts] [7h]
cb3e4890: bets $23.76
Hero: folds
Uncalled bet ($23.76) returned to cb3e4890
*** SHOWDOWN ***
cb3e4890 collected $72 from pot
*** SUMMARY ***
Total pot $72
Board [Kd Td 6h Ts 7h]
Seat 3: 51aaf4dd(big blind) folded on the Flop
Seat 1: 889a387f folded before Flop (didn't bet)
Seat 6: 5d5d96db folded before Flop (didn't bet)
Seat 4: 4835775 folded before Flop (didn't bet)
Seat 7: Hero folded on the River
Seat 2: cb3e4890(small blind)won ($72) with Pair of Tens and Pair of Sixes



Poker Hand #ring_942066585: NLH No Limit ($2/$4) - 2025/06/18 00:20:53
Table 'MR NLH 2/4' 7-max Seat #7 is the button
Seat 3: 51aaf4dd ($1,449.48 in chips)
Seat 1: 889a387f ($80.79 in chips)
Seat 6: 5d5d96db ($222.93 in chips)
Seat 4: 4835775 ($1,258.93 in chips)
Seat 7: Hero ($816.52 in chips)
Seat 2: cb3e4890 ($922.83 in chips)
889a387f: posts small blind $2
cb3e4890: posts big blind $4
*** HOLE CARDS ***
Dealt to 51aaf4dd 
Dealt to 889a387f 
Dealt to 5d5d96db 
Dealt to 4835775 
Dealt to Hero [4d Ac]
Dealt to cb3e4890 
51aaf4dd: folds
4835775: raises $8 to $12
5d5d96db: folds
Hero: folds
889a387f: folds
cb3e4890: calls $8
*** FLOP *** [Js 9s 5c]
cb3e4890: checks
4835775: bets $17.16
cb3e4890: calls $17.16
*** TURN *** [Js 9s 5c] [6d]
cb3e4890: checks
4835775: checks
*** RIVER *** [Js 9s 5c 6d] [4s]
cb3e4890: bets $30.16
4835775: folds
Uncalled bet ($30.16) returned to cb3e4890
*** SHOWDOWN ***
cb3e4890 collected $60.32 from pot
*** SUMMARY ***
Total pot $60.32
Board [Js 9s 5c 6d 4s]
Seat 3: 51aaf4dd folded before Flop (didn't bet)
Seat 1: 889a387f(small blind) folded before Flop
Seat 6: 5d5d96db folded before Flop (didn't bet)
Seat 4: 4835775 folded on the River
Seat 7: Hero folded before Flop (didn't bet)
Seat 2: cb3e4890(big blind)won ($60.32) with Three Sixes



Poker Hand #ring_942063931: NLH No Limit ($2/$4) - 2025/06/18 00:19:38
Table 'MR NLH 2/4' 7-max Seat #6 is the button
Seat 3: 51aaf4dd ($1,468.48 in chips)
Seat 1: 889a387f ($184.53 in chips)
Seat 6: 5d5d96db ($103.74 in chips)
Seat 4: 4835775 ($1,258.93 in chips)
Seat 7: Hero ($820.52 in chips)
Seat 2: cb3e4890 ($926.83 in chips)
Hero: posts small blind $2
889a387f: posts big blind $4
*** HOLE CARDS ***
Dealt to 51aaf4dd 
Dealt to 889a387f 
Dealt to 5d5d96db 
Dealt to 4835775 
Dealt to Hero [4s Ts]
Dealt to cb3e4890 
cb3e4890: calls $4
51aaf4dd: calls $4
4835775: folds
5d5d96db: calls $4
Hero: calls $2
889a387f: checks
*** FLOP *** [Qc 2s 6d]
Hero: checks
889a387f: bets $15
cb3e4890: folds
51aaf4dd: calls $15
5d5d96db: raises $21.45 to $36.45
Hero: folds
889a387f: raises $144.08 to $180.53 and is all-in
51aaf4dd: folds
5d5d96db: calls $63.29 and is all-in
Uncalled bet ($80.79) returned to 889a387f
889a387f: shows [5s Qd] (Pair of Queens)
5d5d96db: shows [6h 6c] (Three Sixes)
*** TURN *** [Qc 2s 6d] [5h]
*** RIVER *** [Qc 2s 6d 5h] [3h]
*** SHOWDOWN ***
5d5d96db collected $234.48 from pot
*** SUMMARY ***
Total pot $234.48
Board [Qc 2s 6d 5h 3h]
Seat 3: 51aaf4dd folded on the Flop
Seat 1: 889a387f(big blind) showed [5s Qd] and lost with Pair of Queens and Pair of Fives
Seat 6: 5d5d96db showed [6h 6c] and won ($234.48) with Three Sixes
Seat 4: 4835775 folded before Flop (didn't bet)
Seat 7: Hero(small blind) folded on the Flop
Seat 2: cb3e4890 folded on the Flop



Poker Hand #ring_942061705: NLH No Limit ($2/$4) - 2025/06/18 00:18:36
Table 'MR NLH 2/4' 7-max Seat #4 is the button
Seat 3: 51aaf4dd ($1,468.48 in chips)
Seat 1: 889a387f ($184.53 in chips)
Seat 6: 5d5d96db ($105.74 in chips)
Seat 4: 4835775 ($1,258.93 in chips)
Seat 7: Hero ($917.02 in chips)
Seat 2: cb3e4890 ($838.1 in chips)
5d5d96db: posts small blind $2
Hero: posts big blind $4
*** HOLE CARDS ***
Dealt to 51aaf4dd 
Dealt to 889a387f 
Dealt to 5d5d96db 
Dealt to 4835775 
Dealt to Hero [Ks 9s]
Dealt to cb3e4890 
889a387f: folds
cb3e4890: raises $8 to $12
51aaf4dd: folds
4835775: folds
5d5d96db: folds
Hero: calls $8
*** FLOP *** [4s Jc Qd]
Hero: checks
cb3e4890: bets $19.5
Hero: calls $19.5
*** TURN *** [4s Jc Qd] [As]
Hero: checks
cb3e4890: checks
*** RIVER *** [4s Jc Qd As] [Kh]
Hero: checks
cb3e4890: bets $65
Hero: calls $65
cb3e4890: shows [Tc Qs]
Hero: shows [Ks 9s]
*** SHOWDOWN ***
cb3e4890 collected $195 from pot
*** SUMMARY ***
Total pot $195
Board [4s Jc Qd As Kh]
Seat 3: 51aaf4dd folded before Flop (didn't bet)
Seat 1: 889a387f folded before Flop (didn't bet)
Seat 6: 5d5d96db(small blind) folded before Flop
Seat 4: 4835775 folded before Flop (didn't bet)
Seat 7: Hero(big blind) showed [Ks 9s] and lost with Pair of Kings
Seat 2: cb3e4890 showed [Tc Qs] and won ($195) with Aces-High Straight



Poker Hand #ring_942061050: NLH No Limit ($2/$4) - 2025/06/18 00:18:16
Table 'MR NLH 2/4' 7-max Seat #3 is the button
Seat 3: 51aaf4dd ($1,468.48 in chips)
Seat 1: 889a387f ($184.53 in chips)
Seat 6: 5d5d96db ($103.74 in chips)
Seat 4: 4835775 ($1,260.93 in chips)
Seat 7: Hero ($917.02 in chips)
Seat 2: cb3e4890 ($838.1 in chips)
4835775: posts small blind $2
5d5d96db: posts big blind $4
*** HOLE CARDS ***
Dealt to 51aaf4dd 
Dealt to 889a387f 
Dealt to 5d5d96db 
Dealt to 4835775 
Dealt to Hero [3c 2c]
Dealt to cb3e4890 
Hero: folds
889a387f: folds
cb3e4890: folds
51aaf4dd: folds
4835775: folds
*** SHOWDOWN ***
5d5d96db collected $6 from pot
*** SUMMARY ***
Total pot $6
Seat 3: 51aaf4dd folded before Flop (didn't bet)
Seat 1: 889a387f folded before Flop (didn't bet)
Seat 6: 5d5d96db(big blind)won ($6)
Seat 4: 4835775(small blind) folded before Flop
Seat 7: Hero folded before Flop (didn't bet)
Seat 2: cb3e4890 folded before Flop (didn't bet)



Poker Hand #ring_942058884: NLH No Limit ($2/$4) - 2025/06/18 00:17:14
Table 'MR NLH 2/4' 7-max Seat #2 is the button
Seat 3: 51aaf4dd ($1,470.48 in chips)
Seat 1: 889a387f ($210.39 in chips)
Seat 6: 5d5d96db ($103.74 in chips)
Seat 4: 4835775 ($1,264.93 in chips)
Seat 7: Hero ($942.88 in chips)
Seat 2: cb3e4890 ($785.14 in chips)
51aaf4dd: posts small blind $2
4835775: posts big blind $4
*** HOLE CARDS ***
Dealt to 51aaf4dd 
Dealt to 889a387f 
Dealt to 5d5d96db 
Dealt to 4835775 
Dealt to Hero [8d 8h]
Dealt to cb3e4890 
5d5d96db: folds
Hero: raises $8 to $12
889a387f: calls $12
cb3e4890: raises $13.86 to $25.86
51aaf4dd: folds
4835775: folds
Hero: calls $13.86
889a387f: calls $13.86
*** FLOP *** [Qh 2s 9h]
Hero: checks
889a387f: checks
cb3e4890: bets $62.68
Hero: folds
889a387f: folds
Uncalled bet ($62.68) returned to cb3e4890
*** SHOWDOWN ***
cb3e4890 collected $83.58 from pot
*** SUMMARY ***
Total pot $83.58
Board [Qh 2s 9h]
Seat 3: 51aaf4dd(small blind) folded before Flop
Seat 1: 889a387f folded on the Flop
Seat 6: 5d5d96db folded before Flop (didn't bet)
Seat 4: 4835775(big blind) folded before Flop
Seat 7: Hero folded on the Flop
Seat 2: cb3e4890won ($83.58) with Pair of Aces



Poker Hand #ring_942058133: NLH No Limit ($2/$4) - 2025/06/18 00:16:53
Table 'MR NLH 2/4' 7-max Seat #1 is the button
Seat 3: 51aaf4dd ($1,474.48 in chips)
Seat 1: 889a387f ($210.39 in chips)
Seat 6: 5d5d96db ($103.74 in chips)
Seat 4: 4835775 ($1,268.93 in chips)
Seat 7: Hero ($942.88 in chips)
Seat 2: cb3e4890 ($777.14 in chips)
cb3e4890: posts small blind $2
51aaf4dd: posts big blind $4
*** HOLE CARDS ***
Dealt to 51aaf4dd 
Dealt to 889a387f 
Dealt to 5d5d96db 
Dealt to 4835775 
Dealt to Hero [9d 2d]
Dealt to cb3e4890 
4835775: calls $4
5d5d96db: folds
Hero: folds
889a387f: folds
cb3e4890: raises $12 to $16
51aaf4dd: folds
4835775: folds
Uncalled bet ($12) returned to cb3e4890
*** SHOWDOWN ***
cb3e4890 collected $12 from pot
*** SUMMARY ***
Total pot $12
Seat 3: 51aaf4dd(big blind) folded before Flop
Seat 1: 889a387f folded before Flop (didn't bet)
Seat 6: 5d5d96db folded before Flop (didn't bet)
Seat 4: 4835775 folded before Flop
Seat 7: Hero folded before Flop (didn't bet)
Seat 2: cb3e4890(small blind)won ($12)



Poker Hand #ring_942057365: NLH No Limit ($2/$4) - 2025/06/18 00:16:30
Table 'MR NLH 2/4' 7-max Seat #7 is the button
Seat 3: 51aaf4dd ($1,474.48 in chips)
Seat 1: 889a387f ($220.39 in chips)
Seat 6: 5d5d96db ($103.74 in chips)
Seat 4: 4835775 ($1,268.93 in chips)
Seat 7: Hero ($942.88 in chips)
Seat 2: cb3e4890 ($767.14 in chips)
889a387f: posts small blind $2
cb3e4890: posts big blind $4
*** HOLE CARDS ***
Dealt to 51aaf4dd 
Dealt to 889a387f 
Dealt to 5d5d96db 
Dealt to 4835775 
Dealt to Hero [4h Qd]
Dealt to cb3e4890 
51aaf4dd: folds
4835775: folds
5d5d96db: folds
Hero: folds
889a387f: raises $6 to $10
cb3e4890: raises $15 to $25
889a387f: folds
Uncalled bet ($15) returned to cb3e4890
*** SHOWDOWN ***
cb3e4890 collected $20 from pot
*** SUMMARY ***
Total pot $20
Seat 3: 51aaf4dd folded before Flop (didn't bet)
Seat 1: 889a387f(small blind) folded before Flop
Seat 6: 5d5d96db folded before Flop (didn't bet)
Seat 4: 4835775 folded before Flop (didn't bet)
Seat 7: Hero folded before Flop (didn't bet)
Seat 2: cb3e4890(big blind)won ($20)



Poker Hand #ring_942056596: NLH No Limit ($2/$4) - 2025/06/18 00:16:09
Table 'MR NLH 2/4' 7-max Seat #6 is the button
Seat 3: 51aaf4dd ($1,468.48 in chips)
Seat 1: 889a387f ($224.39 in chips)
Seat 6: 5d5d96db ($103.74 in chips)
Seat 4: 4835775 ($1,268.93 in chips)
Seat 7: Hero ($944.88 in chips)
Seat 2: cb3e4890 ($767.14 in chips)
Hero: posts small blind $2
889a387f: posts big blind $4
*** HOLE CARDS ***
Dealt to 51aaf4dd 
Dealt to 889a387f 
Dealt to 5d5d96db 
Dealt to 4835775 
Dealt to Hero [9h 7c]
Dealt to cb3e4890 
cb3e4890: folds
51aaf4dd: raises $8 to $12
4835775: folds
5d5d96db: folds
Hero: folds
889a387f: folds
Uncalled bet ($8) returned to 51aaf4dd
*** SHOWDOWN ***
51aaf4dd collected $10 from pot
*** SUMMARY ***
Total pot $10
Seat 3: 51aaf4ddwon ($10)
Seat 1: 889a387f(big blind) folded before Flop
Seat 6: 5d5d96db folded before Flop (didn't bet)
Seat 4: 4835775 folded before Flop (didn't bet)
Seat 7: Hero(small blind) folded before Flop
Seat 2: cb3e4890 folded before Flop (didn't bet)



Poker Hand #ring_942055552: NLH No Limit ($2/$4) - 2025/06/18 00:15:38
Table 'MR NLH 2/4' 7-max Seat #4 is the button
Seat 3: 51aaf4dd ($1,468.48 in chips)
Seat 1: 889a387f ($213.38 in chips)
Seat 6: 5d5d96db ($105.74 in chips)
Seat 4: 4835775 ($1,268.93 in chips)
Seat 7: Hero ($954.88 in chips)
Seat 2: cb3e4890 ($767.14 in chips)
5d5d96db: posts small blind $2
Hero: posts big blind $4
*** HOLE CARDS ***
Dealt to 51aaf4dd 
Dealt to 889a387f 
Dealt to 5d5d96db 
Dealt to 4835775 
Dealt to Hero [6d 4s]
Dealt to cb3e4890 
889a387f: raises $6 to $10
cb3e4890: folds
51aaf4dd: folds
4835775: folds
5d5d96db: folds
Hero: calls $6
*** FLOP *** [Kd Qc 6h]
Hero: checks
889a387f: bets $16.5
Hero: folds
Uncalled bet ($16.5) returned to 889a387f
*** SHOWDOWN ***
889a387f collected $22 from pot
*** SUMMARY ***
Total pot $22
Board [Kd Qc 6h]
Seat 3: 51aaf4dd folded before Flop (didn't bet)
Seat 1: 889a387fwon ($22) with Pair of Kings
Seat 6: 5d5d96db(small blind) folded before Flop
Seat 4: 4835775 folded before Flop (didn't bet)
Seat 7: Hero(big blind) folded on the Flop
Seat 2: cb3e4890 folded before Flop (didn't bet)



Poker Hand #ring_942054783: NLH No Limit ($2/$4) - 2025/06/18 00:15:17
Table 'MR NLH 2/4' 7-max Seat #3 is the button
Seat 3: 51aaf4dd ($1,468.48 in chips)
Seat 1: 889a387f ($213.38 in chips)
Seat 6: 5d5d96db ($109.74 in chips)
Seat 4: 4835775 ($1,270.93 in chips)
Seat 7: Hero ($948.88 in chips)
Seat 2: cb3e4890 ($767.14 in chips)
4835775: posts small blind $2
5d5d96db: posts big blind $4
*** HOLE CARDS ***
Dealt to 51aaf4dd 
Dealt to 889a387f 
Dealt to 5d5d96db 
Dealt to 4835775 
Dealt to Hero [Ks As]
Dealt to cb3e4890 
Hero: raises $8 to $12
889a387f: folds
cb3e4890: folds
51aaf4dd: folds
4835775: folds
5d5d96db: folds
Uncalled bet ($8) returned to Hero
*** SHOWDOWN ***
Hero collected $10 from pot
*** SUMMARY ***
Total pot $10
Seat 3: 51aaf4dd folded before Flop (didn't bet)
Seat 1: 889a387f folded before Flop (didn't bet)
Seat 6: 5d5d96db(big blind) folded before Flop
Seat 4: 4835775(small blind) folded before Flop
Seat 7: Herowon ($10)
Seat 2: cb3e4890 folded before Flop (didn't bet)



Poker Hand #ring_942053577: NLH No Limit ($2/$4) - 2025/06/18 00:14:42
Table 'MR NLH 2/4' 7-max Seat #2 is the button
Seat 3: 51aaf4dd ($1,494.48 in chips)
Seat 1: 889a387f ($213.38 in chips)
Seat 6: 5d5d96db ($109.74 in chips)
Seat 4: 4835775 ($1,274.93 in chips)
Seat 7: Hero ($948.88 in chips)
Seat 2: cb3e4890 ($740.66 in chips)
51aaf4dd: posts small blind $2
4835775: posts big blind $4
*** HOLE CARDS ***
Dealt to 51aaf4dd 
Dealt to 889a387f 
Dealt to 5d5d96db 
Dealt to 4835775 
Dealt to Hero [Kh 4s]
Dealt to cb3e4890 
5d5d96db: folds
Hero: folds
889a387f: folds
cb3e4890: raises $8 to $12
51aaf4dd: calls $10
4835775: folds
*** FLOP *** [Jc Ah 8c]
51aaf4dd: checks
cb3e4890: bets $14
51aaf4dd: calls $14
*** TURN *** [Jc Ah 8c] [8h]
51aaf4dd: checks
cb3e4890: bets $42
51aaf4dd: folds
Uncalled bet ($42) returned to cb3e4890
cb3e4890: shows [2c]
*** SHOWDOWN ***
cb3e4890 collected $56 from pot
*** SUMMARY ***
Total pot $56
Board [Jc Ah 8c 8h]
Seat 3: 51aaf4dd(small blind) folded on the Turn
Seat 1: 889a387f folded before Flop (didn't bet)
Seat 6: 5d5d96db folded before Flop (didn't bet)
Seat 4: 4835775(big blind) folded before Flop
Seat 7: Hero folded before Flop (didn't bet)
Seat 2: cb3e4890 showed [2c] and won ($56) with Pair of Eights



Poker Hand #ring_942052860: NLH No Limit ($2/$4) - 2025/06/18 00:14:22
Table 'MR NLH 2/4' 7-max Seat #1 is the button
Seat 3: 51aaf4dd ($1,498.48 in chips)
Seat 1: 889a387f ($207.38 in chips)
Seat 6: 5d5d96db ($109.74 in chips)
Seat 4: 4835775 ($1,274.93 in chips)
Seat 7: Hero ($948.88 in chips)
Seat 2: cb3e4890 ($742.66 in chips)
cb3e4890: posts small blind $2
51aaf4dd: posts big blind $4
*** HOLE CARDS ***
Dealt to 51aaf4dd 
Dealt to 889a387f 
Dealt to 5d5d96db 
Dealt to 4835775 
Dealt to Hero [Jd 6s]
Dealt to cb3e4890 
4835775: folds
5d5d96db: folds
Hero: folds
889a387f: raises $6 to $10
cb3e4890: folds
51aaf4dd: folds
Uncalled bet ($6) returned to 889a387f
*** SHOWDOWN ***
889a387f collected $10 from pot
*** SUMMARY ***
Total pot $10
Seat 3: 51aaf4dd(big blind) folded before Flop
Seat 1: 889a387fwon ($10)
Seat 6: 5d5d96db folded before Flop (didn't bet)
Seat 4: 4835775 folded before Flop (didn't bet)
Seat 7: Hero folded before Flop (didn't bet)
Seat 2: cb3e4890(small blind) folded before Flop



Poker Hand #ring_942051243: NLH No Limit ($2/$4) - 2025/06/18 00:13:34
Table 'MR NLH 2/4' 7-max Seat #7 is the button
Seat 3: 51aaf4dd ($1,498.48 in chips)
Seat 1: 889a387f ($230.62 in chips)
Seat 6: 5d5d96db ($109.74 in chips)
Seat 4: 4835775 ($1,274.93 in chips)
Seat 7: Hero ($948.88 in chips)
Seat 2: cb3e4890 ($722.51 in chips)
889a387f: posts small blind $2
cb3e4890: posts big blind $4
*** HOLE CARDS ***
Dealt to 51aaf4dd 
Dealt to 889a387f 
Dealt to 5d5d96db 
Dealt to 4835775 
Dealt to Hero [Kd 2h]
Dealt to cb3e4890 
51aaf4dd: folds
4835775: folds
5d5d96db: folds
Hero: folds
889a387f: raises $10 to $14
cb3e4890: calls $10
*** FLOP *** [Js As 9s]
889a387f: bets $9.24
cb3e4890: calls $9.24
*** TURN *** [Js As 9s] [9d]
889a387f: checks
cb3e4890: bets $23.24
889a387f: folds
Uncalled bet ($23.24) returned to cb3e4890
cb3e4890: shows [Kc Qd]
*** SHOWDOWN ***
cb3e4890 collected $46.48 from pot
*** SUMMARY ***
Total pot $46.48
Board [Js As 9s 9d]
Seat 3: 51aaf4dd folded before Flop (didn't bet)
Seat 1: 889a387f(small blind) folded on the Turn
Seat 6: 5d5d96db folded before Flop (didn't bet)
Seat 4: 4835775 folded before Flop (didn't bet)
Seat 7: Hero folded before Flop (didn't bet)
Seat 2: cb3e4890(big blind) showed [Kc Qd] and won ($46.48) with Pair of Nines



Poker Hand #ring_942050183: NLH No Limit ($2/$4) - 2025/06/18 00:13:04
Table 'MR NLH 2/4' 7-max Seat #6 is the button
Seat 3: 51aaf4dd ($1,498.48 in chips)
Seat 1: 889a387f ($207.87 in chips)
Seat 6: 5d5d96db ($109.74 in chips)
Seat 4: 4835775 ($1,274.93 in chips)
Seat 5: da06ee29 ($329.36 in chips)
Seat 7: Hero ($950.88 in chips)
Seat 2: cb3e4890 ($722.51 in chips)
Hero: posts small blind $2
889a387f: posts big blind $4
*** HOLE CARDS ***
Dealt to 51aaf4dd 
Dealt to 889a387f 
Dealt to 5d5d96db 
Dealt to 4835775 
Dealt to da06ee29 
Dealt to Hero [Qh 5c]
Dealt to cb3e4890 
cb3e4890: folds
51aaf4dd: folds
4835775: folds
da06ee29: calls $4
5d5d96db: folds
Hero: folds
889a387f: raises $20 to $24
da06ee29: calls $20
*** FLOP *** [Tc 4s Qc]
889a387f: bets $16.5
da06ee29: folds
Uncalled bet ($16.5) returned to 889a387f
cb3e4890: shows [Qs 4h]
*** SHOWDOWN ***
889a387f collected $50 from pot
*** SUMMARY ***
Total pot $50
Board [Tc 4s Qc]
Seat 3: 51aaf4dd folded before Flop (didn't bet)
Seat 1: 889a387f(big blind)won ($50) with Ace-High
Seat 6: 5d5d96db folded before Flop (didn't bet)
Seat 4: 4835775 folded before Flop (didn't bet)
Seat 5: da06ee29 folded on the Flop
Seat 7: Hero(small blind) folded before Flop
Seat 2: cb3e4890 folded before Flop (didn't bet)



Poker Hand #ring_942048469: NLH No Limit ($2/$4) - 2025/06/18 00:12:14
Table 'MR NLH 2/4' 7-max Seat #5 is the button
Seat 3: 51aaf4dd ($1,498.48 in chips)
Seat 1: 889a387f ($207.87 in chips)
Seat 6: 5d5d96db ($111.74 in chips)
Seat 4: 4835775 ($1,274.93 in chips)
Seat 5: da06ee29 ($705.16 in chips)
Seat 7: Hero ($954.88 in chips)
Seat 2: cb3e4890 ($375.8 in chips)
5d5d96db: posts small blind $2
Hero: posts big blind $4
*** HOLE CARDS ***
Dealt to 51aaf4dd 
Dealt to 889a387f 
Dealt to 5d5d96db 
Dealt to 4835775 
Dealt to da06ee29 
Dealt to Hero [4s 9d]
Dealt to cb3e4890 
889a387f: folds
cb3e4890: raises $8 to $12
51aaf4dd: folds
4835775: folds
da06ee29: calls $12
5d5d96db: folds
Hero: folds
*** FLOP *** [Jh 7c 7s]
cb3e4890: bets $15
da06ee29: raises $30 to $45
cb3e4890: calls $30
*** TURN *** [Jh 7c 7s] [Tc]
cb3e4890: checks
da06ee29: bets $60
cb3e4890: calls $60
*** RIVER *** [Jh 7c 7s Tc] [5c]
cb3e4890: checks
da06ee29: bets $180
cb3e4890: raises $78.8 to $258.8 and is all-in
da06ee29: calls $78.8
cb3e4890: shows [Kd Ks]
da06ee29: shows [5d 6d]
*** SHOWDOWN ***
cb3e4890 collected $757.6 from pot
*** SUMMARY ***
Total pot $757.6
Board [Jh 7c 7s Tc 5c]
Seat 3: 51aaf4dd folded before Flop (didn't bet)
Seat 1: 889a387f folded before Flop (didn't bet)
Seat 6: 5d5d96db(small blind) folded before Flop
Seat 4: 4835775 folded before Flop (didn't bet)
Seat 5: da06ee29 showed [5d 6d] and lost with Pair of Sevens and Pair of Fives
Seat 7: Hero(big blind) folded before Flop
Seat 2: cb3e4890 showed [Kd Ks] and won ($757.6) with Pair of Kings and Pair of Sevens



Poker Hand #ring_942047208: NLH No Limit ($2/$4) - 2025/06/18 00:11:38
Table 'MR NLH 2/4' 7-max Seat #4 is the button
Seat 3: 51aaf4dd ($1,462.35 in chips)
Seat 1: 889a387f ($207.87 in chips)
Seat 6: 5d5d96db ($115.74 in chips)
Seat 4: 4835775 ($1,274.93 in chips)
Seat 5: da06ee29 ($707.16 in chips)
Seat 7: Hero ($954.88 in chips)
Seat 2: cb3e4890 ($410.3 in chips)
da06ee29: posts small blind $2
5d5d96db: posts big blind $4
*** HOLE CARDS ***
Dealt to 51aaf4dd 
Dealt to 889a387f 
Dealt to 5d5d96db 
Dealt to 4835775 
Dealt to da06ee29 
Dealt to Hero [3h 4c]
Dealt to cb3e4890 
Hero: folds
889a387f: folds
cb3e4890: raises $8 to $12
51aaf4dd: raises $22.5 to $34.5
4835775: folds
da06ee29: folds
5d5d96db: folds
cb3e4890: calls $22.5
*** FLOP *** [9h Ac 5h]
cb3e4890: checks
51aaf4dd: bets $24.75
cb3e4890: folds
Uncalled bet ($24.75) returned to 51aaf4dd
*** SHOWDOWN ***
51aaf4dd collected $75 from pot
*** SUMMARY ***
Total pot $75
Board [9h Ac 5h]
Seat 3: 51aaf4ddwon ($75) with Pair of Aces
Seat 1: 889a387f folded before Flop (didn't bet)
Seat 6: 5d5d96db(big blind) folded before Flop
Seat 4: 4835775 folded before Flop (didn't bet)
Seat 5: da06ee29(small blind) folded before Flop
Seat 7: Hero folded before Flop (didn't bet)
Seat 2: cb3e4890 folded on the Flop



Poker Hand #ring_942045655: NLH No Limit ($2/$4) - 2025/06/18 00:10:52
Table 'MR NLH 2/4' 7-max Seat #3 is the button
Seat 3: 51aaf4dd ($1,369.71 in chips)
Seat 1: 889a387f ($207.87 in chips)
Seat 6: 5d5d96db ($115.74 in chips)
Seat 4: 4835775 ($1,276.93 in chips)
Seat 5: da06ee29 ($711.16 in chips)
Seat 7: Hero ($954.88 in chips)
Seat 2: cb3e4890 ($506.9 in chips)
4835775: posts small blind $2
da06ee29: posts big blind $4
*** HOLE CARDS ***
Dealt to 51aaf4dd 
Dealt to 889a387f 
Dealt to 5d5d96db 
Dealt to 4835775 
Dealt to da06ee29 
Dealt to Hero [9s 2h]
Dealt to cb3e4890 
5d5d96db: folds
Hero: folds
889a387f: folds
cb3e4890: raises $8 to $12
51aaf4dd: calls $12
4835775: folds
da06ee29: folds
*** FLOP *** [8s Jc 8c]
cb3e4890: bets $9.9
51aaf4dd: calls $9.9
*** TURN *** [8s Jc 8c] [Th]
cb3e4890: bets $24.9
51aaf4dd: calls $24.9
*** RIVER *** [8s Jc 8c Th] [Qc]
cb3e4890: checks
51aaf4dd: bets $49.8
cb3e4890: calls $49.8
cb3e4890: shows [Js 6s]
51aaf4dd: shows [Kc 9c]
*** SHOWDOWN ***
51aaf4dd collected $199.2 from pot
*** SUMMARY ***
Total pot $199.2
Board [8s Jc 8c Th Qc]
Seat 3: 51aaf4dd showed [Kc 9c] and won ($199.2) with King High Flush
Seat 1: 889a387f folded before Flop (didn't bet)
Seat 6: 5d5d96db folded before Flop (didn't bet)
Seat 4: 4835775(small blind) folded before Flop
Seat 5: da06ee29(big blind) folded before Flop
Seat 7: Hero folded before Flop (didn't bet)
Seat 2: cb3e4890 showed [Js 6s] and lost with Pair of Jacks and Pair of Eights



Poker Hand #ring_942045066: NLH No Limit ($2/$4) - 2025/06/18 00:10:35
Table 'MR NLH 2/4' 7-max Seat #2 is the button
Seat 3: 51aaf4dd ($1,371.71 in chips)
Seat 1: 889a387f ($207.87 in chips)
Seat 6: 5d5d96db ($115.74 in chips)
Seat 4: 4835775 ($1,274.93 in chips)
Seat 5: da06ee29 ($711.16 in chips)
Seat 7: Hero ($954.88 in chips)
Seat 2: cb3e4890 ($506.9 in chips)
51aaf4dd: posts small blind $2
4835775: posts big blind $4
*** HOLE CARDS ***
Dealt to 51aaf4dd 
Dealt to 889a387f 
Dealt to 5d5d96db 
Dealt to 4835775 
Dealt to da06ee29 
Dealt to Hero [9h 2s]
Dealt to cb3e4890 
da06ee29: folds
5d5d96db: folds
Hero: folds
889a387f: folds
cb3e4890: folds
51aaf4dd: folds
*** SHOWDOWN ***
4835775 collected $6 from pot
*** SUMMARY ***
Total pot $6
Seat 3: 51aaf4dd(small blind) folded before Flop
Seat 1: 889a387f folded before Flop (didn't bet)
Seat 6: 5d5d96db folded before Flop (didn't bet)
Seat 4: 4835775(big blind)won ($6)
Seat 5: da06ee29 folded before Flop (didn't bet)
Seat 7: Hero folded before Flop (didn't bet)
Seat 2: cb3e4890 folded before Flop (didn't bet)



Poker Hand #ring_942043883: NLH No Limit ($2/$4) - 2025/06/18 00:10:00
Table 'MR NLH 2/4' 7-max Seat #1 is the button
Seat 3: 51aaf4dd ($1,375.71 in chips)
Seat 1: 889a387f ($207.87 in chips)
Seat 6: 5d5d96db ($131.74 in chips)
Seat 4: 4835775 ($1,274.93 in chips)
Seat 5: da06ee29 ($711.16 in chips)
Seat 7: Hero ($954.88 in chips)
Seat 2: cb3e4890 ($488.52 in chips)
cb3e4890: posts small blind $2
51aaf4dd: posts big blind $4
*** HOLE CARDS ***
Dealt to 51aaf4dd 
Dealt to 889a387f 
Dealt to 5d5d96db 
Dealt to 4835775 
Dealt to da06ee29 
Dealt to Hero [9h Td]
Dealt to cb3e4890 
4835775: folds
da06ee29: folds
5d5d96db: calls $4
Hero: folds
889a387f: folds
cb3e4890: raises $12 to $16
51aaf4dd: folds
5d5d96db: calls $12
*** FLOP *** [Jc Qc 9d]
cb3e4890: bets $18
5d5d96db: folds
Uncalled bet ($18) returned to cb3e4890
cb3e4890: shows [9s Th]
*** SHOWDOWN ***
cb3e4890 collected $36 from pot
*** SUMMARY ***
Total pot $36
Board [Jc Qc 9d]
Seat 3: 51aaf4dd(big blind) folded before Flop
Seat 1: 889a387f folded before Flop (didn't bet)
Seat 6: 5d5d96db folded on the Flop
Seat 4: 4835775 folded before Flop (didn't bet)
Seat 5: da06ee29 folded before Flop (didn't bet)
Seat 7: Hero folded before Flop (didn't bet)
Seat 2: cb3e4890(small blind) showed [9s Th] and won ($36) with Pair of Nines



Poker Hand #ring_942042572: NLH No Limit ($2/$4) - 2025/06/18 00:09:24
Table 'MR NLH 2/4' 7-max Seat #7 is the button
Seat 3: 51aaf4dd ($1,375.71 in chips)
Seat 1: 889a387f ($211.87 in chips)
Seat 6: 5d5d96db ($113.36 in chips)
Seat 4: 4835775 ($1,274.93 in chips)
Seat 5: da06ee29 ($711.16 in chips)
Seat 7: Hero ($954.88 in chips)
Seat 2: cb3e4890 ($504.52 in chips)
889a387f: posts small blind $2
cb3e4890: posts big blind $4
*** HOLE CARDS ***
Dealt to 51aaf4dd 
Dealt to 889a387f 
Dealt to 5d5d96db 
Dealt to 4835775 
Dealt to da06ee29 
Dealt to Hero [8c 2h]
Dealt to cb3e4890 
51aaf4dd: folds
4835775: folds
da06ee29: folds
5d5d96db: calls $4
Hero: folds
889a387f: calls $2
cb3e4890: raises $12 to $16
5d5d96db: calls $12
889a387f: folds
*** FLOP *** [Qd Qc Ac]
cb3e4890: checks
5d5d96db: bets $18
cb3e4890: folds
Uncalled bet ($18) returned to 5d5d96db
*** SHOWDOWN ***
5d5d96db collected $36 from pot
*** SUMMARY ***
Total pot $36
Board [Qd Qc Ac]
Seat 3: 51aaf4dd folded before Flop (didn't bet)
Seat 1: 889a387f(small blind) folded before Flop
Seat 6: 5d5d96dbwon ($36) with Pair of Aces and Pair of Queens
Seat 4: 4835775 folded before Flop (didn't bet)
Seat 5: da06ee29 folded before Flop (didn't bet)
Seat 7: Hero folded before Flop (didn't bet)
Seat 2: cb3e4890(big blind) folded on the Flop



Poker Hand #ring_942041516: NLH No Limit ($2/$4) - 2025/06/18 00:08:52
Table 'MR NLH 2/4' 7-max Seat #6 is the button
Seat 3: 51aaf4dd ($1,375.71 in chips)
Seat 1: 889a387f ($215.87 in chips)
Seat 6: 5d5d96db ($113.36 in chips)
Seat 4: 4835775 ($1,274.93 in chips)
Seat 5: da06ee29 ($705.61 in chips)
Seat 7: Hero ($956.88 in chips)
Seat 2: cb3e4890 ($504.52 in chips)
Hero: posts small blind $2
889a387f: posts big blind $4
*** HOLE CARDS ***
Dealt to 51aaf4dd 
Dealt to 889a387f 
Dealt to 5d5d96db 
Dealt to 4835775 
Dealt to da06ee29 
Dealt to Hero [4s 9c]
Dealt to cb3e4890 
cb3e4890: folds
51aaf4dd: folds
4835775: folds
da06ee29: calls $4
5d5d96db: folds
Hero: folds
889a387f: checks
*** FLOP *** [Ac 2s Kc]
889a387f: checks
da06ee29: bets $10
889a387f: folds
Uncalled bet ($10) returned to da06ee29
*** SHOWDOWN ***
da06ee29 collected $10 from pot
*** SUMMARY ***
Total pot $10
Board [Ac 2s Kc]
Seat 3: 51aaf4dd folded before Flop (didn't bet)
Seat 1: 889a387f(big blind) folded on the Flop
Seat 6: 5d5d96db folded before Flop (didn't bet)
Seat 4: 4835775 folded before Flop (didn't bet)
Seat 5: da06ee29won ($10) with Pair of Kings
Seat 7: Hero(small blind) folded before Flop
Seat 2: cb3e4890 folded before Flop (didn't bet)



Poker Hand #ring_942040082: NLH No Limit ($2/$4) - 2025/06/18 00:08:12
Table 'MR NLH 2/4' 7-max Seat #5 is the button
Seat 3: 51aaf4dd ($1,375.71 in chips)
Seat 1: 889a387f ($215.87 in chips)
Seat 6: 5d5d96db ($115.36 in chips)
Seat 4: 4835775 ($1,274.93 in chips)
Seat 5: da06ee29 ($705.61 in chips)
Seat 7: Hero ($988.38 in chips)
Seat 2: cb3e4890 ($474.94 in chips)
5d5d96db: posts small blind $2
Hero: posts big blind $4
*** HOLE CARDS ***
Dealt to 51aaf4dd 
Dealt to 889a387f 
Dealt to 5d5d96db 
Dealt to 4835775 
Dealt to da06ee29 
Dealt to Hero [6c 7s]
Dealt to cb3e4890 
889a387f: folds
cb3e4890: raises $8 to $12
51aaf4dd: folds
4835775: folds
da06ee29: folds
5d5d96db: folds
Hero: calls $8
*** FLOP *** [Ad 7h 3d]
Hero: checks
cb3e4890: bets $19.5
Hero: calls $19.5
*** TURN *** [Ad 7h 3d] [Th]
Hero: checks
cb3e4890: bets $32.5
Hero: folds
Uncalled bet ($32.5) returned to cb3e4890
cb3e4890: shows [6d 5d]
*** SHOWDOWN ***
cb3e4890 collected $65 from pot
*** SUMMARY ***
Total pot $65
Board [Ad 7h 3d Th]
Seat 3: 51aaf4dd folded before Flop (didn't bet)
Seat 1: 889a387f folded before Flop (didn't bet)
Seat 6: 5d5d96db(small blind) folded before Flop
Seat 4: 4835775 folded before Flop (didn't bet)
Seat 5: da06ee29 folded before Flop (didn't bet)
Seat 7: Hero(big blind) folded on the Turn
Seat 2: cb3e4890 showed [6d 5d] and won ($65) with Ace-High



Poker Hand #ring_942038563: NLH No Limit ($2/$4) - 2025/06/18 00:07:29
Table 'MR NLH 2/4' 7-max Seat #4 is the button
Seat 3: 51aaf4dd ($1,375.71 in chips)
Seat 1: 889a387f ($215.87 in chips)
Seat 6: 5d5d96db ($119.36 in chips)
Seat 4: 4835775 ($1,274.93 in chips)
Seat 5: da06ee29 ($707.61 in chips)
Seat 7: Hero ($982.38 in chips)
Seat 2: cb3e4890 ($474.94 in chips)
da06ee29: posts small blind $2
5d5d96db: posts big blind $4
*** HOLE CARDS ***
Dealt to 51aaf4dd 
Dealt to 889a387f 
Dealt to 5d5d96db 
Dealt to 4835775 
Dealt to da06ee29 
Dealt to Hero [Ah Kd]
Dealt to cb3e4890 
Hero: raises $8 to $12
889a387f: folds
cb3e4890: folds
51aaf4dd: folds
4835775: folds
da06ee29: folds
5d5d96db: folds
Uncalled bet ($8) returned to Hero
*** SHOWDOWN ***
Hero collected $10 from pot
*** SUMMARY ***
Total pot $10
Seat 3: 51aaf4dd folded before Flop (didn't bet)
Seat 1: 889a387f folded before Flop (didn't bet)
Seat 6: 5d5d96db(big blind) folded before Flop
Seat 4: 4835775 folded before Flop (didn't bet)
Seat 5: da06ee29(small blind) folded before Flop
Seat 7: Herowon ($10)
Seat 2: cb3e4890 folded before Flop (didn't bet)



Poker Hand #ring_942037268: NLH No Limit ($2/$4) - 2025/06/18 00:06:52
Table 'MR NLH 2/4' 7-max Seat #3 is the button
Seat 3: 51aaf4dd ($1,332.76 in chips)
Seat 1: 889a387f ($215.87 in chips)
Seat 6: 5d5d96db ($119.36 in chips)
Seat 4: 4835775 ($1,276.93 in chips)
Seat 5: da06ee29 ($711.61 in chips)
Seat 7: Hero ($982.38 in chips)
Seat 2: cb3e4890 ($516.94 in chips)
4835775: posts small blind $2
da06ee29: posts big blind $4
*** HOLE CARDS ***
Dealt to 51aaf4dd 
Dealt to 889a387f 
Dealt to 5d5d96db 
Dealt to 4835775 
Dealt to da06ee29 
Dealt to Hero [7c 2d]
Dealt to cb3e4890 
5d5d96db: folds
Hero: folds
889a387f: folds
cb3e4890: raises $8 to $12
51aaf4dd: raises $30 to $42
4835775: folds
da06ee29: folds
cb3e4890: calls $30
*** FLOP *** [3d 4h Kc]
cb3e4890: checks
51aaf4dd: bets $29.7
cb3e4890: folds
Uncalled bet ($29.7) returned to 51aaf4dd
da06ee29: shows [Jc]
*** SHOWDOWN ***
51aaf4dd collected $90 from pot
*** SUMMARY ***
Total pot $90
Board [3d 4h Kc]
Seat 3: 51aaf4ddwon ($90) with Pair of Kings
Seat 1: 889a387f folded before Flop (didn't bet)
Seat 6: 5d5d96db folded before Flop (didn't bet)
Seat 4: 4835775(small blind) folded before Flop
Seat 5: da06ee29(big blind) folded before Flop
Seat 7: Hero folded before Flop (didn't bet)
Seat 2: cb3e4890 folded on the Flop



Poker Hand #ring_942036087: NLH No Limit ($2/$4) - 2025/06/18 00:06:19
Table 'MR NLH 2/4' 7-max Seat #2 is the button
Seat 3: 51aaf4dd ($1,334.76 in chips)
Seat 1: 889a387f ($215.87 in chips)
Seat 6: 5d5d96db ($119.36 in chips)
Seat 4: 4835775 ($1,292.93 in chips)
Seat 5: da06ee29 ($711.61 in chips)
Seat 7: Hero ($982.38 in chips)
Seat 2: cb3e4890 ($500.47 in chips)
51aaf4dd: posts small blind $2
4835775: posts big blind $4
cb3e4890: posts big blind $4
*** HOLE CARDS ***
Dealt to 51aaf4dd 
Dealt to 889a387f 
Dealt to 5d5d96db 
Dealt to 4835775 
Dealt to da06ee29 
Dealt to Hero [6h 7d]
Dealt to cb3e4890 
da06ee29: folds
5d5d96db: folds
Hero: folds
889a387f: folds
cb3e4890: raises $12 to $16
51aaf4dd: folds
4835775: calls $12
*** FLOP *** [Qh 5s As]
4835775: checks
cb3e4890: bets $25.5
4835775: folds
Uncalled bet ($25.5) returned to cb3e4890
*** SHOWDOWN ***
cb3e4890 collected $34 from pot
*** SUMMARY ***
Total pot $34
Board [Qh 5s As]
Seat 3: 51aaf4dd(small blind) folded before Flop
Seat 1: 889a387f folded before Flop (didn't bet)
Seat 6: 5d5d96db folded before Flop (didn't bet)
Seat 4: 4835775(big blind) folded on the Flop
Seat 5: da06ee29 folded before Flop (didn't bet)
Seat 7: Hero folded before Flop (didn't bet)
Seat 2: cb3e4890won ($34) with Ace-High



Poker Hand #ring_942033496: NLH No Limit ($2/$4) - 2025/06/18 00:05:05
Table 'MR NLH 2/4' 7-max Seat #1 is the button
Seat 3: 51aaf4dd ($1,338.76 in chips)
Seat 1: 889a387f ($215.87 in chips)
Seat 6: 5d5d96db ($119.36 in chips)
Seat 4: 4835775 ($1,359.99 in chips)
Seat 5: da06ee29 ($711.61 in chips)
Seat 7: Hero ($918.53 in chips)
51aaf4dd: posts big blind $4
*** HOLE CARDS ***
Dealt to 51aaf4dd 
Dealt to 889a387f 
Dealt to 5d5d96db 
Dealt to 4835775 
Dealt to da06ee29 
Dealt to Hero [Ts Ks]
4835775: raises $10 to $14
da06ee29: folds
5d5d96db: folds
Hero: calls $14
889a387f: folds
51aaf4dd: folds
*** FLOP *** [5d 3d Th]
4835775: bets $10.56
Hero: calls $10.56
*** TURN *** [5d 3d Th] [Jh]
4835775: bets $42.5
Hero: calls $42.5
*** RIVER *** [5d 3d Th Jh] [8h]
4835775: checks
Hero: checks
4835775: shows [Qd Ac]
Hero: shows [Ts Ks]
*** SHOWDOWN ***
Hero collected $138.12 from pot
*** SUMMARY ***
Total pot $138.12
Board [5d 3d Th Jh 8h]
Seat 3: 51aaf4dd(big blind) folded before Flop
Seat 1: 889a387f folded before Flop (didn't bet)
Seat 6: 5d5d96db folded before Flop (didn't bet)
Seat 4: 4835775 showed [Qd Ac] and lost with Ace-High
Seat 5: da06ee29 folded before Flop (didn't bet)
Seat 7: Hero showed [Ts Ks] and won ($138.12) with Pair of Tens



Poker Hand #ring_942031099: NLH No Limit ($2/$4) - 2025/06/18 00:03:56
Table 'MR NLH 2/4' 7-max Seat #7 is the button
Seat 3: 51aaf4dd ($959.89 in chips)
Seat 1: 889a387f ($227.87 in chips)
Seat 6: 5d5d96db ($119.36 in chips)
Seat 4: 4835775 ($1,359.99 in chips)
Seat 5: da06ee29 ($711.61 in chips)
Seat 7: Hero ($918.53 in chips)
Seat 2: cb3e4890 ($404.84 in chips)
889a387f: posts small blind $2
cb3e4890: posts big blind $4
*** HOLE CARDS ***
Dealt to 51aaf4dd 
Dealt to 889a387f 
Dealt to 5d5d96db 
Dealt to 4835775 
Dealt to da06ee29 
Dealt to Hero [Jh Qs]
Dealt to cb3e4890 
51aaf4dd: raises $8 to $12
4835775: folds
da06ee29: folds
5d5d96db: folds
Hero: folds
889a387f: calls $10
cb3e4890: calls $8
*** FIRST FLOP *** [8h 9d Kc]
889a387f: checks
cb3e4890: checks
51aaf4dd: bets $18
889a387f: folds
cb3e4890: raises $54 to $72
51aaf4dd: calls $54
*** FIRST TURN *** [8h 9d Kc] [8d]
cb3e4890: bets $320.84 and is all-in
51aaf4dd: calls $320.84
cb3e4890: shows [Jc Ks]
51aaf4dd: shows [9h Kh]
*** FIRST RIVER *** [8h 9d Kc 8d] [3h]
*** SECOND RIVER *** [8h 9d Kc 8d] [7h]
*** FIRST SHOWDOWN ***
51aaf4dd collected $411.35 from pot
*** SECOND SHOWDOWN ***
51aaf4dd collected $410.33 from pot
*** SUMMARY ***
Total pot $821.68
Hand was run two timesFIRST Board [8h 9d Kc 8d 3h]
SECOND Board [7h]
Seat 3: 51aaf4dd showed [9h Kh] and won ($821.68) with Pair of Kings and Pair of Nines / Pair of Kings and Pair of Nines
Seat 1: 889a387f(small blind) folded on the Flop
Seat 6: 5d5d96db folded before Flop (didn't bet)
Seat 4: 4835775 folded before Flop (didn't bet)
Seat 5: da06ee29 folded before Flop (didn't bet)
Seat 7: Hero folded before Flop (didn't bet)
Seat 2: cb3e4890(big blind) showed [Jc Ks] and lost with Pair of Kings and Pair of Eights / Pair of Kings and Pair of Eights



Poker Hand #ring_942030041: NLH No Limit ($2/$4) - 2025/06/18 00:03:26
Table 'MR NLH 2/4' 7-max Seat #6 is the button
Seat 3: 51aaf4dd ($959.89 in chips)
Seat 1: 889a387f ($231.87 in chips)
Seat 6: 5d5d96db ($119.36 in chips)
Seat 4: 4835775 ($1,359.99 in chips)
Seat 5: da06ee29 ($711.61 in chips)
Seat 7: Hero ($922.53 in chips)
Seat 2: cb3e4890 ($397.38 in chips)
Hero: posts small blind $2
889a387f: posts big blind $4
*** HOLE CARDS ***
Dealt to 51aaf4dd 
Dealt to 889a387f 
Dealt to 5d5d96db 
Dealt to 4835775 
Dealt to da06ee29 
Dealt to Hero [4h 5c]
Dealt to cb3e4890 
cb3e4890: calls $4
51aaf4dd: folds
4835775: folds
da06ee29: folds
5d5d96db: folds
Hero: calls $2
889a387f: checks
*** FLOP *** [2c 8c Td]
Hero: checks
889a387f: checks
cb3e4890: bets $12
Hero: folds
889a387f: folds
Uncalled bet ($12) returned to cb3e4890
*** SHOWDOWN ***
cb3e4890 collected $12 from pot
*** SUMMARY ***
Total pot $12
Board [2c 8c Td]
Seat 3: 51aaf4dd folded before Flop (didn't bet)
Seat 1: 889a387f(big blind) folded on the Flop
Seat 6: 5d5d96db folded before Flop (didn't bet)
Seat 4: 4835775 folded before Flop (didn't bet)
Seat 5: da06ee29 folded before Flop (didn't bet)
Seat 7: Hero(small blind) folded on the Flop
Seat 2: cb3e4890won ($12) with Ten-High



Poker Hand #ring_942028820: NLH No Limit ($2/$4) - 2025/06/18 00:02:51
Table 'MR NLH 2/4' 7-max Seat #5 is the button
Seat 3: 51aaf4dd ($959.89 in chips)
Seat 1: 889a387f ($231.87 in chips)
Seat 6: 5d5d96db ($121.36 in chips)
Seat 4: 4835775 ($1,359.99 in chips)
Seat 5: da06ee29 ($711.61 in chips)
Seat 7: Hero ($926.53 in chips)
Seat 2: cb3e4890 ($391.38 in chips)
5d5d96db: posts small blind $2
Hero: posts big blind $4
*** HOLE CARDS ***
Dealt to 51aaf4dd 
Dealt to 889a387f 
Dealt to 5d5d96db 
Dealt to 4835775 
Dealt to da06ee29 
Dealt to Hero [9c 5s]
Dealt to cb3e4890 
889a387f: folds
cb3e4890: raises $26 to $30
51aaf4dd: folds
4835775: folds
da06ee29: folds
5d5d96db: folds
Hero: folds
Uncalled bet ($26) returned to cb3e4890
*** SHOWDOWN ***
cb3e4890 collected $10 from pot
*** SUMMARY ***
Total pot $10
Seat 3: 51aaf4dd folded before Flop (didn't bet)
Seat 1: 889a387f folded before Flop (didn't bet)
Seat 6: 5d5d96db(small blind) folded before Flop
Seat 4: 4835775 folded before Flop (didn't bet)
Seat 5: da06ee29 folded before Flop (didn't bet)
Seat 7: Hero(big blind) folded before Flop
Seat 2: cb3e4890won ($10)



Poker Hand #ring_942024517: NLH No Limit ($2/$4) - 2025/06/18 00:00:48
Table 'MR NLH 2/4' 7-max Seat #4 is the button
Seat 3: 51aaf4dd ($919.67 in chips)
Seat 1: 889a387f ($231.87 in chips)
Seat 6: 5d5d96db ($125.36 in chips)
Seat 4: 4835775 ($1,359.99 in chips)
Seat 5: da06ee29 ($713.61 in chips)
Seat 7: Hero ($926.53 in chips)
Seat 2: cb3e4890 ($430.38 in chips)
da06ee29: posts small blind $2
5d5d96db: posts big blind $4
*** HOLE CARDS ***
Dealt to 51aaf4dd 
Dealt to 889a387f 
Dealt to 5d5d96db 
Dealt to 4835775 
Dealt to da06ee29 
Dealt to Hero [Qd 8c]
Dealt to cb3e4890 
Hero: folds
889a387f: folds
cb3e4890: calls $4
51aaf4dd: raises $14 to $18
4835775: folds
da06ee29: folds
5d5d96db: folds
cb3e4890: calls $14
*** FLOP *** [4h 7d 5c]
cb3e4890: checks
51aaf4dd: checks
*** TURN *** [4h 7d 5c] [Kd]
cb3e4890: checks
51aaf4dd: bets $21
cb3e4890: calls $21
*** RIVER *** [4h 7d 5c Kd] [8s]
cb3e4890: checks
51aaf4dd: checks
cb3e4890: shows [As 3h]
51aaf4dd: shows [Jc Kc]
*** SHOWDOWN ***
51aaf4dd collected $84 from pot
*** SUMMARY ***
Total pot $84
Board [4h 7d 5c Kd 8s]
Seat 3: 51aaf4dd showed [Jc Kc] and won ($84) with Pair of Kings
Seat 1: 889a387f folded before Flop (didn't bet)
Seat 6: 5d5d96db(big blind) folded before Flop
Seat 4: 4835775 folded before Flop (didn't bet)
Seat 5: da06ee29(small blind) folded before Flop
Seat 7: Hero folded before Flop (didn't bet)
Seat 2: cb3e4890 showed [As 3h] and lost with Ace-High



Poker Hand #ring_942022607: NLH No Limit ($2/$4) - 2025/06/17 23:59:54
Table 'MR NLH 2/4' 7-max Seat #3 is the button
Seat 3: 51aaf4dd ($919.67 in chips)
Seat 1: 889a387f ($296.27 in chips)
Seat 6: 5d5d96db ($125.36 in chips)
Seat 4: 4835775 ($1,361.99 in chips)
Seat 5: da06ee29 ($723.61 in chips)
Seat 7: Hero ($926.53 in chips)
Seat 2: cb3e4890 ($361.31 in chips)
4835775: posts small blind $2
da06ee29: posts big blind $4
*** HOLE CARDS ***
Dealt to 51aaf4dd 
Dealt to 889a387f 
Dealt to 5d5d96db 
Dealt to 4835775 
Dealt to da06ee29 
Dealt to Hero [3c 8s]
Dealt to cb3e4890 
5d5d96db: folds
Hero: folds
889a387f: raises $6 to $10
cb3e4890: calls $10
51aaf4dd: folds
4835775: folds
da06ee29: calls $6
*** FLOP *** [3h 8c Ks]
da06ee29: checks
889a387f: bets $10.56
cb3e4890: calls $10.56
da06ee29: folds
*** TURN *** [3h 8c Ks] [9h]
889a387f: bets $39.84
cb3e4890: calls $39.84
*** RIVER *** [3h 8c Ks 9h] [3s]
889a387f: bets $4
cb3e4890: calls $4
889a387f: shows [2h Qh]
cb3e4890: shows [6c Kc]
*** SHOWDOWN ***
cb3e4890 collected $140.8 from pot
*** SUMMARY ***
Total pot $140.8
Board [3h 8c Ks 9h 3s]
Seat 3: 51aaf4dd folded before Flop (didn't bet)
Seat 1: 889a387f showed [2h Qh] and lost with Pair of Treys
Seat 6: 5d5d96db folded before Flop (didn't bet)
Seat 4: 4835775(small blind) folded before Flop
Seat 5: da06ee29(big blind) folded on the Flop
Seat 7: Hero folded before Flop (didn't bet)
Seat 2: cb3e4890 showed [6c Kc] and won ($140.8) with Pair of Kings and Pair of Treys



Poker Hand #ring_942019231: NLH No Limit ($2/$4) - 2025/06/17 23:58:20
Table 'MR NLH 2/4' 7-max Seat #2 is the button
Seat 3: 51aaf4dd ($808.92 in chips)
Seat 1: 889a387f ($300.27 in chips)
Seat 6: 5d5d96db ($125.36 in chips)
Seat 4: 4835775 ($1,365.99 in chips)
Seat 5: da06ee29 ($727.61 in chips)
Seat 7: Hero ($926.53 in chips)
Seat 2: cb3e4890 ($471.51 in chips)
51aaf4dd: posts small blind $2
4835775: posts big blind $4
889a387f: posts big blind $4
*** HOLE CARDS ***
Dealt to 51aaf4dd 
Dealt to 889a387f 
Dealt to 5d5d96db 
Dealt to 4835775 
Dealt to da06ee29 
Dealt to Hero [Ah 9d]
Dealt to cb3e4890 
da06ee29: calls $4
5d5d96db: folds
Hero: folds
889a387f: checks
cb3e4890: raises $18 to $22
51aaf4dd: raises $42 to $64
4835775: folds
da06ee29: folds
889a387f: folds
cb3e4890: calls $42
*** FLOP *** [Qd 2h 8c]
51aaf4dd: bets $46.2
cb3e4890: calls $46.2
*** TURN *** [Qd 2h 8c] [Th]
51aaf4dd: bets $116.2
cb3e4890: folds
Uncalled bet ($116.2) returned to 51aaf4dd
*** SHOWDOWN ***
51aaf4dd collected $232.4 from pot
*** SUMMARY ***
Total pot $232.4
Board [Qd 2h 8c Th]
Seat 3: 51aaf4dd(small blind)won ($232.4) with Ace-High
Seat 1: 889a387f folded before Flop
Seat 6: 5d5d96db folded before Flop (didn't bet)
Seat 4: 4835775(big blind) folded before Flop
Seat 5: da06ee29 folded before Flop
Seat 7: Hero folded before Flop (didn't bet)
Seat 2: cb3e4890 folded on the Turn



Poker Hand #ring_942018016: NLH No Limit ($2/$4) - 2025/06/17 23:57:46
Table 'MR NLH 2/4' 7-max Seat #7 is the button
Seat 3: 51aaf4dd ($812.92 in chips)
Seat 6: 5d5d96db ($125.36 in chips)
Seat 4: 4835775 ($1,387.99 in chips)
Seat 5: da06ee29 ($727.61 in chips)
Seat 7: Hero ($926.53 in chips)
Seat 2: cb3e4890 ($448.67 in chips)
cb3e4890: posts small blind $2
51aaf4dd: posts big blind $4
*** HOLE CARDS ***
Dealt to 51aaf4dd 
Dealt to 5d5d96db 
Dealt to 4835775 
Dealt to da06ee29 
Dealt to Hero [9c 5s]
Dealt to cb3e4890 
4835775: raises $6 to $10
da06ee29: folds
5d5d96db: folds
Hero: folds
cb3e4890: raises $12 to $22
51aaf4dd: folds
4835775: calls $12
*** FLOP *** [Tc 8c 6s]
cb3e4890: bets $36
4835775: folds
Uncalled bet ($36) returned to cb3e4890
cb3e4890: shows [Ks]
*** SHOWDOWN ***
cb3e4890 collected $48 from pot
*** SUMMARY ***
Total pot $48
Board [Tc 8c 6s]
Seat 3: 51aaf4dd(big blind) folded before Flop
Seat 6: 5d5d96db folded before Flop (didn't bet)
Seat 4: 4835775 folded on the Flop
Seat 5: da06ee29 folded before Flop (didn't bet)
Seat 7: Hero folded before Flop (didn't bet)
Seat 2: cb3e4890(small blind) showed [Ks] and won ($48) with Pair of Tens



Poker Hand #ring_942014649: NLH No Limit ($2/$4) - 2025/06/17 23:56:11
Table 'MR NLH 2/4' 7-max Seat #6 is the button
Seat 3: 51aaf4dd ($812.92 in chips)
Seat 6: 5d5d96db ($125.36 in chips)
Seat 4: 4835775 ($1,439.99 in chips)
Seat 5: da06ee29 ($500 in chips)
Seat 7: Hero ($930.53 in chips)
Seat 2: cb3e4890 ($641.11 in chips)
Hero: posts small blind $2
cb3e4890: posts big blind $4
da06ee29: posts big blind $4
*** HOLE CARDS ***
Dealt to 51aaf4dd 
Dealt to 5d5d96db 
Dealt to 4835775 
Dealt to da06ee29 
Dealt to Hero [7d 9c]
Dealt to cb3e4890 
51aaf4dd: folds
4835775: calls $4
da06ee29: checks
5d5d96db: folds
Hero: calls $2
cb3e4890: raises $16 to $20
4835775: calls $16
da06ee29: calls $16
Hero: folds
*** FLOP *** [Th 5h Js]
cb3e4890: bets $32
4835775: calls $32
da06ee29: raises $52.8 to $84.8
cb3e4890: calls $52.8
4835775: folds
*** TURN *** [Th 5h Js] [6s]
cb3e4890: checks
da06ee29: bets $87.64
cb3e4890: calls $87.64
*** RIVER *** [Th 5h Js 6s] [4d]
cb3e4890: checks
da06ee29: bets $145.49
cb3e4890: folds
Uncalled bet ($145.49) returned to da06ee29
*** SHOWDOWN ***
da06ee29 collected $440.88 from pot
*** SUMMARY ***
Total pot $440.88
Board [Th 5h Js 6s 4d]
Seat 3: 51aaf4dd folded before Flop (didn't bet)
Seat 6: 5d5d96db folded before Flop (didn't bet)
Seat 4: 4835775 folded on the Flop
Seat 5: da06ee29won ($440.88) with King-High
Seat 7: Hero(small blind) folded before Flop
Seat 2: cb3e4890(big blind) folded on the River



Poker Hand #ring_942013541: NLH No Limit ($2/$4) - 2025/06/17 23:55:41
Table 'MR NLH 2/4' 7-max Seat #4 is the button
Seat 3: 51aaf4dd ($812.92 in chips)
Seat 6: 5d5d96db ($127.36 in chips)
Seat 4: 4835775 ($1,375.11 in chips)
Seat 7: Hero ($946.53 in chips)
Seat 2: cb3e4890 ($694.61 in chips)
5d5d96db: posts small blind $2
Hero: posts big blind $4
*** HOLE CARDS ***
Dealt to 51aaf4dd 
Dealt to 5d5d96db 
Dealt to 4835775 
Dealt to Hero [Th Jh]
Dealt to cb3e4890 
cb3e4890: raises $12 to $16
51aaf4dd: folds
4835775: calls $16
5d5d96db: folds
Hero: calls $12
*** FLOP *** [6c 8d 5c]
Hero: checks
cb3e4890: bets $37.5
4835775: raises $100 to $137.5
Hero: folds
cb3e4890: folds
Uncalled bet ($100) returned to 4835775
*** SHOWDOWN ***
4835775 collected $125 from pot
*** SUMMARY ***
Total pot $125
Board [6c 8d 5c]
Seat 3: 51aaf4dd folded before Flop (didn't bet)
Seat 6: 5d5d96db(small blind) folded before Flop
Seat 4: 4835775won ($125) with Pair of Eights and Pair of Sixes
Seat 7: Hero(big blind) folded on the Flop
Seat 2: cb3e4890 folded on the Flop



Poker Hand #ring_942012798: NLH No Limit ($2/$4) - 2025/06/17 23:55:20
Table 'MR NLH 2/4' 7-max Seat #3 is the button
Seat 3: 51aaf4dd ($812.92 in chips)
Seat 6: 5d5d96db ($131.36 in chips)
Seat 4: 4835775 ($1,377.11 in chips)
Seat 7: Hero ($946.53 in chips)
Seat 2: cb3e4890 ($688.61 in chips)
4835775: posts small blind $2
5d5d96db: posts big blind $4
*** HOLE CARDS ***
Dealt to 51aaf4dd 
Dealt to 5d5d96db 
Dealt to 4835775 
Dealt to Hero [Th Ks]
Dealt to cb3e4890 
Hero: folds
cb3e4890: raises $10 to $14
51aaf4dd: folds
4835775: folds
5d5d96db: folds
Uncalled bet ($10) returned to cb3e4890
*** SHOWDOWN ***
cb3e4890 collected $10 from pot
*** SUMMARY ***
Total pot $10
Seat 3: 51aaf4dd folded before Flop (didn't bet)
Seat 6: 5d5d96db(big blind) folded before Flop
Seat 4: 4835775(small blind) folded before Flop
Seat 7: Hero folded before Flop (didn't bet)
Seat 2: cb3e4890won ($10)



Poker Hand #ring_942011880: NLH No Limit ($2/$4) - 2025/06/17 23:54:54
Table 'MR NLH 2/4' 7-max Seat #2 is the button
Seat 3: 51aaf4dd ($802 in chips)
Seat 6: 5d5d96db ($131.36 in chips)
Seat 4: 4835775 ($1,389.11 in chips)
Seat 7: Hero ($946.53 in chips)
Seat 2: cb3e4890 ($688.61 in chips)
51aaf4dd: posts small blind $2
4835775: posts big blind $4
*** HOLE CARDS ***
Dealt to 51aaf4dd 
Dealt to 5d5d96db 
Dealt to 4835775 
Dealt to Hero [Qc 7s]
Dealt to cb3e4890 
5d5d96db: folds
Hero: folds
cb3e4890: folds
51aaf4dd: raises $8 to $12
4835775: calls $8
*** FLOP *** [6s Ac 4s]
51aaf4dd: bets $12
4835775: folds
Uncalled bet ($12) returned to 51aaf4dd
*** SHOWDOWN ***
51aaf4dd collected $24 from pot
*** SUMMARY ***
Total pot $24
Board [6s Ac 4s]
Seat 3: 51aaf4dd(small blind)won ($24) with Ace-High
Seat 6: 5d5d96db folded before Flop (didn't bet)
Seat 4: 4835775(big blind) folded on the Flop
Seat 7: Hero folded before Flop (didn't bet)
Seat 2: cb3e4890 folded before Flop (didn't bet)



Poker Hand #ring_942011173: NLH No Limit ($2/$4) - 2025/06/17 23:54:33
Table 'MR NLH 2/4' 7-max Seat #7 is the button
Seat 3: 51aaf4dd ($800 in chips)
Seat 6: 5d5d96db ($131.36 in chips)
Seat 4: 4835775 ($1,389.11 in chips)
Seat 7: Hero ($946.53 in chips)
Seat 2: cb3e4890 ($690.61 in chips)
cb3e4890: posts small blind $2
51aaf4dd: posts big blind $4
*** HOLE CARDS ***
Dealt to 51aaf4dd 
Dealt to 5d5d96db 
Dealt to 4835775 
Dealt to Hero [Jd 2s]
Dealt to cb3e4890 
4835775: folds
5d5d96db: folds
Hero: folds
cb3e4890: folds
*** SHOWDOWN ***
51aaf4dd collected $6 from pot
*** SUMMARY ***
Total pot $6
Seat 3: 51aaf4dd(big blind)won ($6)
Seat 6: 5d5d96db folded before Flop (didn't bet)
Seat 4: 4835775 folded before Flop (didn't bet)
Seat 7: Hero folded before Flop (didn't bet)
Seat 2: cb3e4890(small blind) folded before Flop



Poker Hand #ring_942009955: NLH No Limit ($2/$4) - 2025/06/17 23:53:58
Table 'MR NLH 2/4' 7-max Seat #6 is the button
Seat 3: 51aaf4dd ($800 in chips)
Seat 6: 5d5d96db ($161.36 in chips)
Seat 4: 4835775 ($1,389.11 in chips)
Seat 7: Hero ($958.53 in chips)
Seat 2: cb3e4890 ($652.85 in chips)
Hero: posts small blind $2
cb3e4890: posts big blind $4
*** HOLE CARDS ***
Dealt to 51aaf4dd 
Dealt to 5d5d96db 
Dealt to 4835775 
Dealt to Hero [9d Jh]
Dealt to cb3e4890 
51aaf4dd: folds
4835775: folds
5d5d96db: calls $4
Hero: calls $2
cb3e4890: raises $8 to $12
5d5d96db: calls $8
Hero: calls $8
*** FLOP *** [8d 3h As]
Hero: checks
cb3e4890: bets $18
5d5d96db: calls $18
Hero: folds
*** TURN *** [8d 3h As] [7h]
cb3e4890: bets $36
5d5d96db: folds
Uncalled bet ($36) returned to cb3e4890
cb3e4890: shows [8c]
*** SHOWDOWN ***
cb3e4890 collected $72 from pot
*** SUMMARY ***
Total pot $72
Board [8d 3h As 7h]
Seat 3: 51aaf4dd folded before Flop (didn't bet)
Seat 6: 5d5d96db folded on the Turn
Seat 4: 4835775 folded before Flop (didn't bet)
Seat 7: Hero(small blind) folded on the Flop
Seat 2: cb3e4890(big blind) showed [8c] and won ($72) with Pair of Eights



Poker Hand #ring_942007731: NLH No Limit ($2/$4) - 2025/06/17 23:52:55
Table 'MR NLH 2/4' 7-max Seat #4 is the button
Seat 3: 51aaf4dd ($800 in chips)
Seat 1: b4244bb3 ($248 in chips)
Seat 6: 5d5d96db ($55.34 in chips)
Seat 4: 4835775 ($1,389.11 in chips)
Seat 7: Hero ($962.53 in chips)
Seat 2: cb3e4890 ($581.6 in chips)
5d5d96db: posts small blind $2
Hero: posts big blind $4
b4244bb3: posts big blind $4
*** HOLE CARDS ***
Dealt to 51aaf4dd 
Dealt to b4244bb3 
Dealt to 5d5d96db 
Dealt to 4835775 
Dealt to Hero [5c 7d]
Dealt to cb3e4890 
b4244bb3: raises $12 to $16
cb3e4890: calls $16
51aaf4dd: folds
4835775: folds
5d5d96db: raises $39.34 to $55.34 and is all-in
Hero: folds
b4244bb3: calls $39.34
cb3e4890: raises $206.66 to $262
b4244bb3: calls $192.66 and is all-in
Uncalled bet ($14) returned to cb3e4890
b4244bb3: shows [5h 6h]
cb3e4890: shows [4d 4c]
5d5d96db: shows [Ad Ac]
*** FLOP *** [7h Kd Jc]
*** TURN *** [7h Kd Jc] [Tc]
cb3e4890: Chooses to EV Cashout
Pays Cashout Risk: $206.86
*** RIVER *** [7h Kd Jc Tc] [9d]
cb3e4890: EV Cashout ($319.25)
*** SHOWDOWN ***
5d5d96db collected $170.02 from pot
cb3e4890 collected $385.32 from pot
*** SUMMARY ***
Total pot $555.34
Board [7h Kd Jc Tc 9d]
Seat 3: 51aaf4dd folded before Flop (didn't bet)
Seat 1: b4244bb3 showed [5h 6h] and lost with King-High
Seat 6: 5d5d96db(small blind) showed [Ad Ac] and won ($170.02) with Pair of Aces
Seat 4: 4835775 folded before Flop (didn't bet)
Seat 7: Hero(big blind) folded before Flop
Seat 2: cb3e4890 showed [4d 4c] and lost with Pair of Fours



Poker Hand #ring_942007188: NLH No Limit ($2/$4) - 2025/06/17 23:52:40
Table 'MR NLH 2/4' 7-max Seat #3 is the button
Seat 3: 51aaf4dd ($800 in chips)
Seat 6: 5d5d96db ($59.34 in chips)
Seat 4: 4835775 ($1,391.11 in chips)
Seat 7: Hero ($962.53 in chips)
Seat 2: cb3e4890 ($575.6 in chips)
4835775: posts small blind $2
5d5d96db: posts big blind $4
*** HOLE CARDS ***
Dealt to 51aaf4dd 
Dealt to 5d5d96db 
Dealt to 4835775 
Dealt to Hero [7c Td]
Dealt to cb3e4890 
Hero: folds
cb3e4890: raises $12 to $16
51aaf4dd: folds
4835775: folds
5d5d96db: folds
Uncalled bet ($12) returned to cb3e4890
*** SHOWDOWN ***
cb3e4890 collected $10 from pot
*** SUMMARY ***
Total pot $10
Seat 3: 51aaf4dd folded before Flop (didn't bet)
Seat 6: 5d5d96db(big blind) folded before Flop
Seat 4: 4835775(small blind) folded before Flop
Seat 7: Hero folded before Flop (didn't bet)
Seat 2: cb3e4890won ($10)



Poker Hand #ring_942004534: NLH No Limit ($2/$4) - 2025/06/17 23:51:25
Table 'MR NLH 2/4' 7-max Seat #2 is the button
Seat 3: 51aaf4dd ($800 in chips)
Seat 1: b4244bb3 ($203.41 in chips)
Seat 6: 5d5d96db ($59.34 in chips)
Seat 4: 4835775 ($877.17 in chips)
Seat 7: Hero ($962.53 in chips)
Seat 2: cb3e4890 ($919.6 in chips)
51aaf4dd: posts small blind $2
4835775: posts big blind $4
*** HOLE CARDS ***
Dealt to 51aaf4dd 
Dealt to b4244bb3 
Dealt to 5d5d96db 
Dealt to 4835775 
Dealt to Hero [2s Kd]
Dealt to cb3e4890 
5d5d96db: folds
Hero: folds
b4244bb3: raises $4 to $8
cb3e4890: calls $8
51aaf4dd: calls $6
4835775: calls $4
*** FLOP *** [8h Kh 5h]
51aaf4dd: checks
4835775: checks
b4244bb3: bets $32
cb3e4890: calls $32
51aaf4dd: folds
4835775: calls $32
*** TURN *** [8h Kh 5h] [6s]
4835775: checks
b4244bb3: bets $96
cb3e4890: calls $96
4835775: raises $208 to $304
b4244bb3: calls $67.41 and is all-in
cb3e4890: calls $208
*** RIVER *** [8h Kh 5h 6s] [2d]
4835775: bets $533.17 and is all-in
cb3e4890: folds
Uncalled bet ($533.17) returned to 4835775
b4244bb3: shows [9c 9d]
4835775: shows [2h Ah]
cb3e4890: shows [Kc 5s]
*** SHOWDOWN ***
4835775 collected $618.23 from pot
4835775 collected $281.18 from pot
*** SUMMARY ***
Total pot $899.41
Board [8h Kh 5h 6s 2d]
Seat 3: 51aaf4dd(small blind) folded on the Flop
Seat 1: b4244bb3 showed [9c 9d] and lost with Pair of Nines
Seat 6: 5d5d96db folded before Flop (didn't bet)
Seat 4: 4835775(big blind) showed [2h Ah] and won ($618.23) with Ace High Flush
Seat 7: Hero folded before Flop (didn't bet)
Seat 2: cb3e4890 folded on the River



Poker Hand #ring_942002577: NLH No Limit ($2/$4) - 2025/06/17 23:50:30
Table 'MR NLH 2/4' 7-max Seat #1 is the button
Seat 3: 51aaf4dd ($790 in chips)
Seat 1: b4244bb3 ($271.41 in chips)
Seat 6: 5d5d96db ($59.34 in chips)
Seat 4: 4835775 ($877.17 in chips)
Seat 7: Hero ($962.53 in chips)
Seat 2: cb3e4890 ($854.9 in chips)
cb3e4890: posts small blind $2
51aaf4dd: posts big blind $4
*** HOLE CARDS ***
Dealt to 51aaf4dd 
Dealt to b4244bb3 
Dealt to 5d5d96db 
Dealt to 4835775 
Dealt to Hero [Qc Ts]
Dealt to cb3e4890 
4835775: folds
5d5d96db: folds
Hero: folds
b4244bb3: raises $8 to $12
cb3e4890: calls $10
51aaf4dd: folds
*** FLOP *** [2h 8h Jd]
cb3e4890: checks
b4244bb3: bets $21
cb3e4890: calls $21
*** TURN *** [2h 8h Jd] [4c]
cb3e4890: checks
b4244bb3: bets $35
cb3e4890: calls $35
*** RIVER *** [2h 8h Jd 4c] [7h]
cb3e4890: checks
b4244bb3: checks
b4244bb3: shows [Ks Qs]
cb3e4890: shows [6h 2d]
*** SHOWDOWN ***
cb3e4890 collected $140 from pot
*** SUMMARY ***
Total pot $140
Board [2h 8h Jd 4c 7h]
Seat 3: 51aaf4dd(big blind) folded before Flop
Seat 1: b4244bb3 showed [Ks Qs] and lost with King-High
Seat 6: 5d5d96db folded before Flop (didn't bet)
Seat 4: 4835775 folded before Flop (didn't bet)
Seat 7: Hero folded before Flop (didn't bet)
Seat 2: cb3e4890(small blind) showed [6h 2d] and won ($140) with Pair of Twos



Poker Hand #ring_942000770: NLH No Limit ($2/$4) - 2025/06/17 23:49:40
Table 'MR NLH 2/4' 7-max Seat #7 is the button
Seat 3: 51aaf4dd ($800 in chips)
Seat 1: b4244bb3 ($297.91 in chips)
Seat 6: 5d5d96db ($69.34 in chips)
Seat 4: 4835775 ($903.67 in chips)
Seat 7: Hero ($962.53 in chips)
Seat 2: cb3e4890 ($787.37 in chips)
b4244bb3: posts small blind $2
cb3e4890: posts big blind $4
*** HOLE CARDS ***
Dealt to 51aaf4dd 
Dealt to b4244bb3 
Dealt to 5d5d96db 
Dealt to 4835775 
Dealt to Hero [5c Ts]
Dealt to cb3e4890 
51aaf4dd: calls $4
4835775: raises $6 to $10
5d5d96db: calls $10
Hero: folds
b4244bb3: calls $8
cb3e4890: calls $6
51aaf4dd: calls $6
*** FLOP *** [7s 2c Th]
b4244bb3: checks
cb3e4890: checks
51aaf4dd: checks
4835775: bets $16.5
5d5d96db: folds
b4244bb3: calls $16.5
cb3e4890: calls $16.5
51aaf4dd: folds
*** TURN *** [7s 2c Th] [3h]
b4244bb3: checks
cb3e4890: checks
4835775: checks
*** RIVER *** [7s 2c Th 3h] [Qc]
b4244bb3: checks
cb3e4890: bets $49.75
4835775: folds
b4244bb3: folds
Uncalled bet ($49.75) returned to cb3e4890
cb3e4890: shows [5h 3c]
*** SHOWDOWN ***
cb3e4890 collected $99.5 from pot
*** SUMMARY ***
Total pot $99.5
Board [7s 2c Th 3h Qc]
Seat 3: 51aaf4dd folded on the Flop
Seat 1: b4244bb3(small blind) folded on the River
Seat 6: 5d5d96db folded on the Flop
Seat 4: 4835775 folded on the River
Seat 7: Hero folded before Flop (didn't bet)
Seat 2: cb3e4890(big blind) showed [5h 3c] and won ($99.5) with Pair of Treys



Poker Hand #ring_941999485: NLH No Limit ($2/$4) - 2025/06/17 23:49:03
Table 'MR NLH 2/4' 7-max Seat #6 is the button
Seat 3: 51aaf4dd ($794 in chips)
Seat 1: b4244bb3 ($285.08 in chips)
Seat 6: 5d5d96db ($69.34 in chips)
Seat 4: 4835775 ($903.67 in chips)
Seat 7: Hero ($964.53 in chips)
Seat 2: cb3e4890 ($787.37 in chips)
Hero: posts small blind $2
b4244bb3: posts big blind $4
*** HOLE CARDS ***
Dealt to 51aaf4dd 
Dealt to b4244bb3 
Dealt to 5d5d96db 
Dealt to 4835775 
Dealt to Hero [Jc 2s]
Dealt to cb3e4890 
cb3e4890: folds
51aaf4dd: raises $8 to $12
4835775: folds
5d5d96db: folds
Hero: folds
b4244bb3: calls $8
*** FLOP *** [5c 2h 3d]
b4244bb3: checks
51aaf4dd: checks
*** TURN *** [5c 2h 3d] [Qh]
b4244bb3: bets $19.5
51aaf4dd: folds
Uncalled bet ($19.5) returned to b4244bb3
*** SHOWDOWN ***
b4244bb3 collected $26 from pot
*** SUMMARY ***
Total pot $26
Board [5c 2h 3d Qh]
Seat 3: 51aaf4dd folded on the Turn
Seat 1: b4244bb3(big blind)won ($26) with Pair of Queens
Seat 6: 5d5d96db folded before Flop (didn't bet)
Seat 4: 4835775 folded before Flop (didn't bet)
Seat 7: Hero(small blind) folded before Flop
Seat 2: cb3e4890 folded before Flop (didn't bet)



Poker Hand #ring_941997263: NLH No Limit ($2/$4) - 2025/06/17 23:47:59
Table 'MR NLH 2/4' 7-max Seat #4 is the button
Seat 3: 51aaf4dd ($794 in chips)
Seat 1: b4244bb3 ($285.08 in chips)
Seat 6: 5d5d96db ($71.34 in chips)
Seat 4: 4835775 ($915.67 in chips)
Seat 7: Hero ($1,014.53 in chips)
Seat 2: cb3e4890 ($729.5 in chips)
5d5d96db: posts small blind $2
Hero: posts big blind $4
*** HOLE CARDS ***
Dealt to 51aaf4dd 
Dealt to b4244bb3 
Dealt to 5d5d96db 
Dealt to 4835775 
Dealt to Hero [6d 5s]
Dealt to cb3e4890 
b4244bb3: folds
cb3e4890: calls $4
51aaf4dd: folds
4835775: raises $8 to $12
5d5d96db: folds
Hero: calls $8
cb3e4890: calls $8
*** FLOP *** [6s 3s 4s]
Hero: checks
cb3e4890: checks
4835775: checks
*** TURN *** [6s 3s 4s] [9s]
Hero: checks
cb3e4890: checks
4835775: checks
*** RIVER *** [6s 3s 4s 9s] [8s]
Hero: checks
cb3e4890: bets $38
4835775: folds
Hero: calls $38
cb3e4890: shows [Qs 2s]
Hero: shows [6d 5s]
*** SHOWDOWN ***
cb3e4890 collected $114 from pot
*** SUMMARY ***
Total pot $114
Board [6s 3s 4s 9s 8s]
Seat 3: 51aaf4dd folded before Flop (didn't bet)
Seat 1: b4244bb3 folded before Flop (didn't bet)
Seat 6: 5d5d96db(small blind) folded before Flop
Seat 4: 4835775 folded on the River
Seat 7: Hero(big blind) showed [6d 5s] and lost with Nine High Flush
Seat 2: cb3e4890 showed [Qs 2s] and won ($114) with Queen High Flush



Poker Hand #ring_941995915: NLH No Limit ($2/$4) - 2025/06/17 23:47:20
Table 'MR NLH 2/4' 7-max Seat #3 is the button
Seat 3: 51aaf4dd ($794 in chips)
Seat 1: b4244bb3 ($285.08 in chips)
Seat 6: 5d5d96db ($75.34 in chips)
Seat 4: 4835775 ($917.67 in chips)
Seat 7: Hero ($985.23 in chips)
Seat 2: cb3e4890 ($756.5 in chips)
4835775: posts small blind $2
5d5d96db: posts big blind $4
*** HOLE CARDS ***
Dealt to 51aaf4dd 
Dealt to b4244bb3 
Dealt to 5d5d96db 
Dealt to 4835775 
Dealt to Hero [8d 6d]
Dealt to cb3e4890 
Hero: raises $8 to $12
b4244bb3: folds
cb3e4890: calls $12
51aaf4dd: folds
4835775: folds
5d5d96db: folds
*** FLOP *** [Ks 6c Jc]
Hero: checks
cb3e4890: checks
*** TURN *** [Ks 6c Jc] [Js]
Hero: checks
cb3e4890: bets $15
Hero: calls $15
*** RIVER *** [Ks 6c Jc Js] [5c]
Hero: checks
cb3e4890: checks
cb3e4890: shows [3s 3c]
Hero: shows [8d 6d]
*** SHOWDOWN ***
Hero collected $60 from pot
*** SUMMARY ***
Total pot $60
Board [Ks 6c Jc Js 5c]
Seat 3: 51aaf4dd folded before Flop (didn't bet)
Seat 1: b4244bb3 folded before Flop (didn't bet)
Seat 6: 5d5d96db(big blind) folded before Flop
Seat 4: 4835775(small blind) folded before Flop
Seat 7: Hero showed [8d 6d] and won ($60) with Pair of Jacks and Pair of Sixes
Seat 2: cb3e4890 showed [3s 3c] and lost with Pair of Jacks and Pair of Treys



Poker Hand #ring_941994441: NLH No Limit ($2/$4) - 2025/06/17 23:46:38
Table 'MR NLH 2/4' 7-max Seat #2 is the button
Seat 3: 51aaf4dd ($796 in chips)
Seat 1: b4244bb3 ($176.8 in chips)
Seat 6: 5d5d96db ($91.34 in chips)
Seat 4: 4835775 ($921.67 in chips)
Seat 7: Hero ($985.23 in chips)
Seat 2: cb3e4890 ($853.5 in chips)
51aaf4dd: posts small blind $2
4835775: posts big blind $4
*** HOLE CARDS ***
Dealt to 51aaf4dd 
Dealt to b4244bb3 
Dealt to 5d5d96db 
Dealt to 4835775 
Dealt to Hero [Ac 2s]
Dealt to cb3e4890 
5d5d96db: calls $4
Hero: folds
b4244bb3: raises $12 to $16
cb3e4890: calls $16
51aaf4dd: folds
4835775: folds
5d5d96db: calls $12
*** FLOP *** [5c 4h Th]
5d5d96db: checks
b4244bb3: bets $27
cb3e4890: raises $54 to $81
5d5d96db: folds
b4244bb3: calls $54
*** TURN *** [5c 4h Th] [9s]
b4244bb3: checks
cb3e4890: checks
*** RIVER *** [5c 4h Th 9s] [6s]
b4244bb3: bets $79.8 and is all-in
cb3e4890: folds
Uncalled bet ($79.8) returned to b4244bb3
*** SHOWDOWN ***
b4244bb3 collected $216 from pot
*** SUMMARY ***
Total pot $216
Board [5c 4h Th 9s 6s]
Seat 3: 51aaf4dd(small blind) folded before Flop
Seat 1: b4244bb3won ($216) with King-High
Seat 6: 5d5d96db folded on the Flop
Seat 4: 4835775(big blind) folded before Flop
Seat 7: Hero folded before Flop (didn't bet)
Seat 2: cb3e4890 folded on the River



Poker Hand #ring_941993049: NLH No Limit ($2/$4) - 2025/06/17 23:45:59
Table 'MR NLH 2/4' 7-max Seat #1 is the button
Seat 3: 51aaf4dd ($800 in chips)
Seat 1: b4244bb3 ($107.77 in chips)
Seat 6: 5d5d96db ($91.34 in chips)
Seat 4: 4835775 ($957.17 in chips)
Seat 7: Hero ($985.23 in chips)
Seat 2: cb3e4890 ($889 in chips)
cb3e4890: posts small blind $2
51aaf4dd: posts big blind $4
*** HOLE CARDS ***
Dealt to 51aaf4dd 
Dealt to b4244bb3 
Dealt to 5d5d96db 
Dealt to 4835775 
Dealt to Hero [4h Qd]
Dealt to cb3e4890 
4835775: raises $6 to $10
5d5d96db: folds
Hero: folds
b4244bb3: calls $10
cb3e4890: raises $25.5 to $35.5
51aaf4dd: folds
4835775: calls $25.5
b4244bb3: calls $25.5
*** FLOP *** [6c 3d 7c]
cb3e4890: checks
4835775: checks
b4244bb3: bets $72.27 and is all-in
cb3e4890: folds
4835775: folds
Uncalled bet ($72.27) returned to b4244bb3
cb3e4890: shows [Js As]
*** SHOWDOWN ***
b4244bb3 collected $110.5 from pot
*** SUMMARY ***
Total pot $110.5
Board [6c 3d 7c]
Seat 3: 51aaf4dd(big blind) folded before Flop
Seat 1: b4244bb3won ($110.5) with Seven-High
Seat 6: 5d5d96db folded before Flop (didn't bet)
Seat 4: 4835775 folded on the Flop
Seat 7: Hero folded before Flop (didn't bet)
Seat 2: cb3e4890(small blind) folded on the Flop



Poker Hand #ring_941991414: NLH No Limit ($2/$4) - 2025/06/17 23:45:12
Table 'MR NLH 2/4' 7-max Seat #7 is the button
Seat 3: 51aaf4dd ($780 in chips)
Seat 1: b4244bb3 ($147.77 in chips)
Seat 6: 5d5d96db ($91.34 in chips)
Seat 4: 4835775 ($967.17 in chips)
Seat 7: Hero ($995.23 in chips)
Seat 2: cb3e4890 ($834.5 in chips)
b4244bb3: posts small blind $2
cb3e4890: posts big blind $4
*** HOLE CARDS ***
Dealt to 51aaf4dd 
Dealt to b4244bb3 
Dealt to 5d5d96db 
Dealt to 4835775 
Dealt to Hero [Ad Js]
Dealt to cb3e4890 
51aaf4dd: folds
4835775: raises $6 to $10
5d5d96db: folds
Hero: calls $10
b4244bb3: calls $8
cb3e4890: calls $6
*** FLOP *** [5d 2s 2h]
b4244bb3: checks
cb3e4890: checks
4835775: checks
Hero: checks
*** TURN *** [5d 2s 2h] [6d]
b4244bb3: checks
cb3e4890: bets $30
4835775: folds
Hero: folds
b4244bb3: calls $30
*** RIVER *** [5d 2s 2h 6d] [8s]
b4244bb3: checks
cb3e4890: bets $100
b4244bb3: folds
Uncalled bet ($100) returned to cb3e4890
cb3e4890: shows [Qd]
*** SHOWDOWN ***
cb3e4890 collected $100 from pot
*** SUMMARY ***
Total pot $100
Board [5d 2s 2h 6d 8s]
Seat 3: 51aaf4dd folded before Flop (didn't bet)
Seat 1: b4244bb3(small blind) folded on the River
Seat 6: 5d5d96db folded before Flop (didn't bet)
Seat 4: 4835775 folded on the Turn
Seat 7: Hero folded on the Turn
Seat 2: cb3e4890(big blind) showed [Qd] and won ($100) with Three Twos



Poker Hand #ring_941989906: NLH No Limit ($2/$4) - 2025/06/17 23:44:28
Table 'MR NLH 2/4' 7-max Seat #6 is the button
Seat 3: 51aaf4dd ($780 in chips)
Seat 1: b4244bb3 ($193.27 in chips)
Seat 6: 5d5d96db ($91.34 in chips)
Seat 4: 4835775 ($967.17 in chips)
Seat 7: Hero ($1,009.23 in chips)
Seat 2: cb3e4890 ($780.72 in chips)
Hero: posts small blind $2
b4244bb3: posts big blind $4
*** HOLE CARDS ***
Dealt to 51aaf4dd 
Dealt to b4244bb3 
Dealt to 5d5d96db 
Dealt to 4835775 
Dealt to Hero [9h 9d]
Dealt to cb3e4890 
cb3e4890: calls $4
51aaf4dd: folds
4835775: folds
5d5d96db: folds
Hero: raises $10 to $14
b4244bb3: calls $10
cb3e4890: calls $10
*** FLOP *** [Ah 4c Kd]
Hero: checks
b4244bb3: checks
cb3e4890: bets $31.5
Hero: folds
b4244bb3: calls $31.5
*** TURN *** [Ah 4c Kd] [2s]
b4244bb3: checks
cb3e4890: bets $105
b4244bb3: folds
Uncalled bet ($105) returned to cb3e4890
cb3e4890: shows [Qc 8s]
*** SHOWDOWN ***
cb3e4890 collected $105 from pot
*** SUMMARY ***
Total pot $105
Board [Ah 4c Kd 2s]
Seat 3: 51aaf4dd folded before Flop (didn't bet)
Seat 1: b4244bb3(big blind) folded on the Turn
Seat 6: 5d5d96db folded before Flop (didn't bet)
Seat 4: 4835775 folded before Flop (didn't bet)
Seat 7: Hero(small blind) folded on the Flop
Seat 2: cb3e4890 showed [Qc 8s] and won ($105) with Ace-High



Poker Hand #ring_941988792: NLH No Limit ($2/$4) - 2025/06/17 23:43:54
Table 'MR NLH 2/4' 7-max Seat #4 is the button
Seat 3: 51aaf4dd ($780 in chips)
Seat 1: b4244bb3 ($193.27 in chips)
Seat 6: 5d5d96db ($70.5 in chips)
Seat 4: 4835775 ($967.17 in chips)
Seat 7: Hero ($1,033.23 in chips)
Seat 2: cb3e4890 ($780.72 in chips)
5d5d96db: posts small blind $2
Hero: posts big blind $4
*** HOLE CARDS ***
Dealt to 51aaf4dd 
Dealt to b4244bb3 
Dealt to 5d5d96db 
Dealt to 4835775 
Dealt to Hero [7h 6h]
Dealt to cb3e4890 
b4244bb3: folds
cb3e4890: folds
51aaf4dd: folds
4835775: folds
5d5d96db: calls $2
Hero: raises $8 to $12
5d5d96db: calls $8
*** FLOP *** [8c Jc Ts]
5d5d96db: checks
Hero: bets $12
5d5d96db: raises $46.5 to $58.5 and is all-in
Hero: folds
Uncalled bet ($46.5) returned to 5d5d96db
cb3e4890: shows [Jd]
*** SHOWDOWN ***
5d5d96db collected $48 from pot
*** SUMMARY ***
Total pot $48
Board [8c Jc Ts]
Seat 3: 51aaf4dd folded before Flop (didn't bet)
Seat 1: b4244bb3 folded before Flop (didn't bet)
Seat 6: 5d5d96db(small blind)won ($48) with King-High
Seat 4: 4835775 folded before Flop (didn't bet)
Seat 7: Hero(big blind) folded on the Flop
Seat 2: cb3e4890 folded before Flop (didn't bet)



Poker Hand #ring_941987232: NLH No Limit ($2/$4) - 2025/06/17 23:43:10
Table 'MR NLH 2/4' 7-max Seat #3 is the button
Seat 3: 51aaf4dd ($794 in chips)
Seat 1: b4244bb3 ($193.27 in chips)
Seat 6: 5d5d96db ($200 in chips)
Seat 4: 4835775 ($969.17 in chips)
Seat 7: Hero ($1,033.23 in chips)
Seat 2: cb3e4890 ($648.59 in chips)
4835775: posts small blind $2
5d5d96db: posts big blind $4
*** HOLE CARDS ***
Dealt to 51aaf4dd 
Dealt to b4244bb3 
Dealt to 5d5d96db 
Dealt to 4835775 
Dealt to Hero [2s 6s]
Dealt to cb3e4890 
Hero: folds
b4244bb3: folds
cb3e4890: raises $10 to $14
51aaf4dd: calls $14
4835775: folds
5d5d96db: calls $10
*** FLOP *** [6c Jd Ac]
5d5d96db: checks
cb3e4890: bets $33
51aaf4dd: folds
5d5d96db: calls $33
*** TURN *** [6c Jd Ac] [7h]
5d5d96db: checks
cb3e4890: bets $82.5
5d5d96db: calls $82.5
*** RIVER *** [6c Jd Ac 7h] [8d]
5d5d96db: checks
cb3e4890: bets $90.75
5d5d96db: folds
Uncalled bet ($90.75) returned to cb3e4890
cb3e4890: shows [Kh]
*** SHOWDOWN ***
cb3e4890 collected $275 from pot
*** SUMMARY ***
Total pot $275
Board [6c Jd Ac 7h 8d]
Seat 3: 51aaf4dd folded on the Flop
Seat 1: b4244bb3 folded before Flop (didn't bet)
Seat 6: 5d5d96db(big blind) folded on the River
Seat 4: 4835775(small blind) folded before Flop
Seat 7: Hero folded before Flop (didn't bet)
Seat 2: cb3e4890 showed [Kh] and won ($275) with Pair of Aces



Poker Hand #ring_941985271: NLH No Limit ($2/$4) - 2025/06/17 23:42:13
Table 'MR NLH 2/4' 7-max Seat #2 is the button
Seat 3: 51aaf4dd ($796 in chips)
Seat 1: b4244bb3 ($193.27 in chips)
Seat 4: 4835775 ($973.17 in chips)
Seat 7: Hero ($538.48 in chips)
Seat 2: cb3e4890 ($1,187.07 in chips)
51aaf4dd: posts small blind $2
4835775: posts big blind $4
*** HOLE CARDS ***
Dealt to 51aaf4dd 
Dealt to b4244bb3 
Dealt to 4835775 
Dealt to Hero [2s As]
Dealt to cb3e4890 
Hero: raises $8 to $12
b4244bb3: folds
cb3e4890: raises $22.5 to $34.5
51aaf4dd: folds
4835775: folds
Hero: calls $22.5
*** FLOP *** [Js 7s 4s]
Hero: checks
cb3e4890: bets $56.24
Hero: calls $56.24
*** TURN *** [Js 7s 4s] [2d]
Hero: checks
cb3e4890: bets $1,096.33 and is all-in
Hero: calls $447.74 and is all-in
Uncalled bet ($648.59) returned to cb3e4890
cb3e4890: shows [Kh Kd]
Hero: shows [2s As]
*** RIVER *** [Js 7s 4s 2d] [6s]
*** SHOWDOWN ***
Hero collected $1,082.96 from pot
*** SUMMARY ***
Total pot $1,082.96
Board [Js 7s 4s 2d 6s]
Seat 3: 51aaf4dd(small blind) folded before Flop
Seat 1: b4244bb3 folded before Flop (didn't bet)
Seat 4: 4835775(big blind) folded before Flop
Seat 7: Hero showed [2s As] and won ($1,082.96) with Ace High Flush
Seat 2: cb3e4890 showed [Kh Kd] and lost with Pair of Kings



Poker Hand #ring_941984201: NLH No Limit ($2/$4) - 2025/06/17 23:41:44
Table 'MR NLH 2/4' 7-max Seat #1 is the button
Seat 3: 51aaf4dd ($800 in chips)
Seat 1: b4244bb3 ($149.87 in chips)
Seat 4: 4835775 ($973.17 in chips)
Seat 7: Hero ($570.48 in chips)
Seat 2: cb3e4890 ($1,199.07 in chips)
cb3e4890: posts small blind $2
51aaf4dd: posts big blind $4
*** HOLE CARDS ***
Dealt to 51aaf4dd 
Dealt to b4244bb3 
Dealt to 4835775 
Dealt to Hero [7d 6d]
Dealt to cb3e4890 
4835775: folds
Hero: raises $8 to $12
b4244bb3: calls $12
cb3e4890: calls $10
51aaf4dd: folds
*** FLOP *** [4h Ad Tc]
cb3e4890: checks
Hero: bets $20
b4244bb3: raises $26.4 to $46.4
cb3e4890: folds
Hero: folds
Uncalled bet ($26.4) returned to b4244bb3
*** SHOWDOWN ***
b4244bb3 collected $80 from pot
*** SUMMARY ***
Total pot $80
Board [4h Ad Tc]
Seat 3: 51aaf4dd(big blind) folded before Flop
Seat 1: b4244bb3won ($80) with Pair of Aces
Seat 4: 4835775 folded before Flop (didn't bet)
Seat 7: Hero folded on the Flop
Seat 2: cb3e4890(small blind) folded on the Flop



Poker Hand #ring_941981905: NLH No Limit ($2/$4) - 2025/06/17 23:40:39
Table 'MR NLH 2/4' 7-max Seat #7 is the button
Seat 3: 51aaf4dd ($800 in chips)
Seat 1: b4244bb3 ($151.87 in chips)
Seat 6: 5d5d96db ($111.77 in chips)
Seat 4: 4835775 ($973.17 in chips)
Seat 7: Hero ($570.48 in chips)
Seat 2: cb3e4890 ($1,096.44 in chips)
b4244bb3: posts small blind $2
cb3e4890: posts big blind $4
*** HOLE CARDS ***
Dealt to 51aaf4dd 
Dealt to b4244bb3 
Dealt to 5d5d96db 
Dealt to 4835775 
Dealt to Hero [3c Ts]
Dealt to cb3e4890 
51aaf4dd: folds
4835775: folds
5d5d96db: calls $4
Hero: folds
b4244bb3: folds
cb3e4890: checks
*** FLOP *** [3s Jh Ah]
cb3e4890: bets $5
5d5d96db: raises $6.6 to $11.6
cb3e4890: calls $6.6
*** TURN *** [3s Jh Ah] [6d]
cb3e4890: checks
5d5d96db: bets $16.6
cb3e4890: raises $151.68 to $168.28
5d5d96db: calls $79.57 and is all-in
Uncalled bet ($72.11) returned to cb3e4890
cb3e4890: shows [3h 6s]
5d5d96db: shows [2d Ad]
*** RIVER *** [3s Jh Ah 6d] [9s]
*** SHOWDOWN ***
cb3e4890 collected $225.54 from pot
*** SUMMARY ***
Total pot $225.54
Board [3s Jh Ah 6d 9s]
Seat 3: 51aaf4dd folded before Flop (didn't bet)
Seat 1: b4244bb3(small blind) folded before Flop
Seat 6: 5d5d96db showed [2d Ad] and lost with Pair of Aces
Seat 4: 4835775 folded before Flop (didn't bet)
Seat 7: Hero folded before Flop (didn't bet)
Seat 2: cb3e4890(big blind) showed [3h 6s] and won ($225.54) with Pair of Sixes and Pair of Treys



Poker Hand #ring_941980172: NLH No Limit ($2/$4) - 2025/06/17 23:39:49
Table 'MR NLH 2/4' 7-max Seat #6 is the button
Seat 3: 51aaf4dd ($800 in chips)
Seat 1: b4244bb3 ($163.87 in chips)
Seat 6: 5d5d96db ($111.77 in chips)
Seat 4: 4835775 ($973.17 in chips)
Seat 5: 8bd6b956 ($915.23 in chips)
Seat 7: Hero ($582.48 in chips)
Seat 2: cb3e4890 ($998.08 in chips)
Hero: posts small blind $2
b4244bb3: posts big blind $4
*** HOLE CARDS ***
Dealt to 51aaf4dd 
Dealt to b4244bb3 
Dealt to 5d5d96db 
Dealt to 4835775 
Dealt to 8bd6b956 
Dealt to Hero [Jd Kc]
Dealt to cb3e4890 
cb3e4890: raises $8 to $12
51aaf4dd: folds
4835775: folds
8bd6b956: calls $12
5d5d96db: folds
Hero: calls $10
b4244bb3: calls $8
*** FLOP *** [6h Td 3s]
Hero: checks
b4244bb3: checks
cb3e4890: bets $24
8bd6b956: calls $24
Hero: folds
b4244bb3: folds
*** TURN *** [6h Td 3s] [2d]
cb3e4890: checks
8bd6b956: checks
*** RIVER *** [6h Td 3s 2d] [As]
cb3e4890: bets $48
8bd6b956: calls $48
cb3e4890: shows [Ac 7h]
8bd6b956: shows [Js Ts]
*** SHOWDOWN ***
cb3e4890 collected $192 from pot
*** SUMMARY ***
Total pot $192
Board [6h Td 3s 2d As]
Seat 3: 51aaf4dd folded before Flop (didn't bet)
Seat 1: b4244bb3(big blind) folded on the Flop
Seat 6: 5d5d96db folded before Flop (didn't bet)
Seat 4: 4835775 folded before Flop (didn't bet)
Seat 5: 8bd6b956 showed [Js Ts] and lost with Pair of Tens
Seat 7: Hero(small blind) folded on the Flop
Seat 2: cb3e4890 showed [Ac 7h] and won ($192) with Pair of Aces



Poker Hand #ring_941978445: NLH No Limit ($2/$4) - 2025/06/17 23:39:00
Table 'MR NLH 2/4' 7-max Seat #5 is the button
Seat 3: 51aaf4dd ($800 in chips)
Seat 1: b4244bb3 ($163.87 in chips)
Seat 6: 5d5d96db ($113.77 in chips)
Seat 4: 4835775 ($800 in chips)
Seat 5: 8bd6b956 ($915.23 in chips)
Seat 7: Hero ($596.48 in chips)
Seat 2: cb3e4890 ($1,172.68 in chips)
5d5d96db: posts small blind $2
Hero: posts big blind $4
*** HOLE CARDS ***
Dealt to 51aaf4dd 
Dealt to b4244bb3 
Dealt to 5d5d96db 
Dealt to 4835775 
Dealt to 8bd6b956 
Dealt to Hero [2s 3s]
Dealt to cb3e4890 
b4244bb3: folds
cb3e4890: calls $4
51aaf4dd: folds
4835775: raises $10 to $14
8bd6b956: folds
5d5d96db: folds
Hero: calls $10
cb3e4890: calls $10
*** FLOP *** [Jd Ad Jc]
Hero: checks
cb3e4890: bets $22
4835775: calls $22
Hero: folds
*** TURN *** [Jd Ad Jc] [4s]
cb3e4890: bets $29.04
4835775: calls $29.04
*** RIVER *** [Jd Ad Jc 4s] [5s]
cb3e4890: bets $109.56
4835775: calls $109.56
cb3e4890: shows [7d Th]
4835775: shows [As Kc]
*** SHOWDOWN ***
4835775 collected $365.2 from pot
*** SUMMARY ***
Total pot $365.2
Board [Jd Ad Jc 4s 5s]
Seat 3: 51aaf4dd folded before Flop (didn't bet)
Seat 1: b4244bb3 folded before Flop (didn't bet)
Seat 6: 5d5d96db(small blind) folded before Flop
Seat 4: 4835775 showed [As Kc] and won ($365.2) with Pair of Aces and Pair of Jacks
Seat 5: 8bd6b956 folded before Flop (didn't bet)
Seat 7: Hero(big blind) folded on the Flop
Seat 2: cb3e4890 showed [7d Th] and lost with Pair of Jacks



Poker Hand #ring_941976114: NLH No Limit ($2/$4) - 2025/06/17 23:37:56
Table 'MR NLH 2/4' 7-max Seat #4 is the button
Seat 3: 51aaf4dd ($800 in chips)
Seat 1: b4244bb3 ($163.87 in chips)
Seat 6: 5d5d96db ($146.27 in chips)
Seat 4: 4835775 ($846.68 in chips)
Seat 5: 8bd6b956 ($463.45 in chips)
Seat 7: Hero ($596.48 in chips)
Seat 2: cb3e4890 ($1,172.68 in chips)
8bd6b956: posts small blind $2
5d5d96db: posts big blind $4
*** HOLE CARDS ***
Dealt to 51aaf4dd 
Dealt to b4244bb3 
Dealt to 5d5d96db 
Dealt to 4835775 
Dealt to 8bd6b956 
Dealt to Hero [8s Jc]
Dealt to cb3e4890 
Hero: folds
b4244bb3: folds
cb3e4890: folds
51aaf4dd: folds
4835775: raises $6 to $10
8bd6b956: calls $8
5d5d96db: calls $6
*** FLOP *** [Kc 2c 4c]
8bd6b956: checks
5d5d96db: bets $22.5
4835775: calls $22.5
8bd6b956: calls $22.5
*** TURN *** [Kc 2c 4c] [2s]
8bd6b956: checks
5d5d96db: checks
4835775: bets $814.18 and is all-in
8bd6b956: calls $430.95 and is all-in
5d5d96db: folds
Uncalled bet ($383.23) returned to 4835775
4835775: shows [Qh Ac]
8bd6b956: shows [4h 4d]
*** RIVER *** [Kc 2c 4c 2s] [6d]
*** SHOWDOWN ***
8bd6b956 collected $959.4 from pot
*** SUMMARY ***
Total pot $959.4
Board [Kc 2c 4c 2s 6d]
Seat 3: 51aaf4dd folded before Flop (didn't bet)
Seat 1: b4244bb3 folded before Flop (didn't bet)
Seat 6: 5d5d96db(big blind) folded on the Turn
Seat 4: 4835775 showed [Qh Ac] and lost with Pair of Twos
Seat 5: 8bd6b956(small blind) showed [4h 4d] and won ($959.4) with Fours Full over Twos
Seat 7: Hero folded before Flop (didn't bet)
Seat 2: cb3e4890 folded before Flop (didn't bet)



Poker Hand #ring_941974799: NLH No Limit ($2/$4) - 2025/06/17 23:37:19
Table 'MR NLH 2/4' 7-max Seat #3 is the button
Seat 3: 51aaf4dd ($800 in chips)
Seat 1: b4244bb3 ($163.87 in chips)
Seat 6: 5d5d96db ($150.27 in chips)
Seat 4: 4835775 ($800 in chips)
Seat 5: 8bd6b956 ($467.45 in chips)
Seat 7: Hero ($596.48 in chips)
Seat 2: cb3e4890 ($1,172.68 in chips)
4835775: posts small blind $2
8bd6b956: posts big blind $4
*** HOLE CARDS ***
Dealt to 51aaf4dd 
Dealt to b4244bb3 
Dealt to 5d5d96db 
Dealt to 4835775 
Dealt to 8bd6b956 
Dealt to Hero [Th Qc]
Dealt to cb3e4890 
5d5d96db: calls $4
Hero: folds
b4244bb3: folds
cb3e4890: folds
51aaf4dd: raises $14 to $18
4835775: raises $26 to $44
8bd6b956: folds
5d5d96db: folds
51aaf4dd: calls $26
*** FLOP *** [7d 7s 2h]
4835775: bets $31.68
51aaf4dd: folds
Uncalled bet ($31.68) returned to 4835775
*** SHOWDOWN ***
4835775 collected $96 from pot
*** SUMMARY ***
Total pot $96
Board [7d 7s 2h]
Seat 3: 51aaf4dd folded on the Flop
Seat 1: b4244bb3 folded before Flop (didn't bet)
Seat 6: 5d5d96db folded before Flop
Seat 4: 4835775(small blind)won ($96) with Pair of Sevens
Seat 5: 8bd6b956(big blind) folded before Flop
Seat 7: Hero folded before Flop (didn't bet)
Seat 2: cb3e4890 folded before Flop (didn't bet)



Poker Hand #ring_941973226: NLH No Limit ($2/$4) - 2025/06/17 23:36:34
Table 'MR NLH 2/4' 7-max Seat #2 is the button
Seat 3: 51aaf4dd ($788 in chips)
Seat 1: b4244bb3 ($404.87 in chips)
Seat 6: 5d5d96db ($150.27 in chips)
Seat 4: 4835775 ($800 in chips)
Seat 5: 8bd6b956 ($467.45 in chips)
Seat 7: Hero ($596.48 in chips)
Seat 2: cb3e4890 ($939.09 in chips)
51aaf4dd: posts small blind $2
4835775: posts big blind $4
*** HOLE CARDS ***
Dealt to 51aaf4dd 
Dealt to b4244bb3 
Dealt to 5d5d96db 
Dealt to 4835775 
Dealt to 8bd6b956 
Dealt to Hero [Kd 3d]
Dealt to cb3e4890 
8bd6b956: folds
5d5d96db: folds
Hero: folds
b4244bb3: raises $8 to $12
cb3e4890: calls $12
51aaf4dd: calls $10
4835775: folds
*** FLOP *** [7c 2s Th]
51aaf4dd: checks
b4244bb3: bets $40
cb3e4890: calls $40
51aaf4dd: folds
*** TURN *** [7c 2s Th] [Kh]
b4244bb3: checks
cb3e4890: checks
*** RIVER *** [7c 2s Th Kh] [9c]
b4244bb3: bets $90
cb3e4890: raises $99 to $189
b4244bb3: calls $99
b4244bb3: shows [Jh Tc]
cb3e4890: shows [8h Js]
*** SHOWDOWN ***
cb3e4890 collected $498 from pot
*** SUMMARY ***
Total pot $498
Board [7c 2s Th Kh 9c]
Seat 3: 51aaf4dd(small blind) folded on the Flop
Seat 1: b4244bb3 showed [Jh Tc] and lost with Pair of Tens
Seat 6: 5d5d96db folded before Flop (didn't bet)
Seat 4: 4835775(big blind) folded before Flop
Seat 5: 8bd6b956 folded before Flop (didn't bet)
Seat 7: Hero folded before Flop (didn't bet)
Seat 2: cb3e4890 showed [8h Js] and won ($498) with Jacks-High Straight



Poker Hand #ring_941971735: NLH No Limit ($2/$4) - 2025/06/17 23:35:53
Table 'MR NLH 2/4' 7-max Seat #1 is the button
Seat 3: 51aaf4dd ($764 in chips)
Seat 1: b4244bb3 ($420.87 in chips)
Seat 6: 5d5d96db ($166.27 in chips)
Seat 4: 4835775 ($800 in chips)
Seat 5: 8bd6b956 ($467.45 in chips)
Seat 7: Hero ($596.48 in chips)
Seat 2: cb3e4890 ($894.97 in chips)
cb3e4890: posts small blind $2
51aaf4dd: posts big blind $4
*** HOLE CARDS ***
Dealt to 51aaf4dd 
Dealt to b4244bb3 
Dealt to 5d5d96db 
Dealt to 4835775 
Dealt to 8bd6b956 
Dealt to Hero [6h 3d]
Dealt to cb3e4890 
4835775: folds
8bd6b956: folds
5d5d96db: calls $4
Hero: folds
b4244bb3: calls $4
cb3e4890: raises $12 to $16
51aaf4dd: calls $12
5d5d96db: calls $12
b4244bb3: calls $12
*** FLOP *** [2s Jd Jh]
cb3e4890: bets $21.12
51aaf4dd: folds
5d5d96db: folds
b4244bb3: folds
Uncalled bet ($21.12) returned to cb3e4890
*** SHOWDOWN ***
cb3e4890 collected $64 from pot
*** SUMMARY ***
Total pot $64
Board [2s Jd Jh]
Seat 3: 51aaf4dd(big blind) folded on the Flop
Seat 1: b4244bb3 folded on the Flop
Seat 6: 5d5d96db folded on the Flop
Seat 4: 4835775 folded before Flop (didn't bet)
Seat 5: 8bd6b956 folded before Flop (didn't bet)
Seat 7: Hero folded before Flop (didn't bet)
Seat 2: cb3e4890(small blind)won ($64) with Pair of Jacks



Poker Hand #ring_941969711: NLH No Limit ($2/$4) - 2025/06/17 23:34:54
Table 'MR NLH 2/4' 7-max Seat #7 is the button
Seat 3: 51aaf4dd ($800 in chips)
Seat 1: b4244bb3 ($422.87 in chips)
Seat 6: 5d5d96db ($166.27 in chips)
Seat 4: 4835775 ($798 in chips)
Seat 5: 8bd6b956 ($467.45 in chips)
Seat 7: Hero ($596.48 in chips)
Seat 2: cb3e4890 ($450.09 in chips)
b4244bb3: posts small blind $2
cb3e4890: posts big blind $4
*** HOLE CARDS ***
Dealt to 51aaf4dd 
Dealt to b4244bb3 
Dealt to 5d5d96db 
Dealt to 4835775 
Dealt to 8bd6b956 
Dealt to Hero [8h 7c]
Dealt to cb3e4890 
51aaf4dd: raises $8 to $12
4835775: raises $24 to $36
8bd6b956: folds
5d5d96db: folds
Hero: folds
b4244bb3: folds
cb3e4890: calls $32
51aaf4dd: calls $24
*** FLOP *** [5d Ts 9h]
cb3e4890: checks
51aaf4dd: checks
4835775: bets $72.6
cb3e4890: calls $72.6
51aaf4dd: folds
*** TURN *** [5d Ts 9h] [Qs]
cb3e4890: checks
4835775: bets $689.4 and is all-in
cb3e4890: calls $341.49 and is all-in
Uncalled bet ($347.91) returned to 4835775
cb3e4890: shows [Kc Jc]
4835775: shows [8d 7d]
*** RIVER *** [5d Ts 9h Qs] [8c]
*** SHOWDOWN ***
cb3e4890 collected $938.18 from pot
*** SUMMARY ***
Total pot $938.18
Board [5d Ts 9h Qs 8c]
Seat 3: 51aaf4dd folded on the Flop
Seat 1: b4244bb3(small blind) folded before Flop
Seat 6: 5d5d96db folded before Flop (didn't bet)
Seat 4: 4835775 showed [8d 7d] and lost with Pair of Eights
Seat 5: 8bd6b956 folded before Flop (didn't bet)
Seat 7: Hero folded before Flop (didn't bet)
Seat 2: cb3e4890(big blind) showed [Kc Jc] and won ($938.18) with Kings-High Straight



Poker Hand #ring_941968323: NLH No Limit ($2/$4) - 2025/06/17 23:34:15
Table 'MR NLH 2/4' 7-max Seat #6 is the button
Seat 3: 51aaf4dd ($800 in chips)
Seat 1: b4244bb3 ($426.87 in chips)
Seat 6: 5d5d96db ($166.27 in chips)
Seat 4: 4835775 ($798 in chips)
Seat 5: 8bd6b956 ($430.87 in chips)
Seat 7: Hero ($598.48 in chips)
Seat 2: cb3e4890 ($485.09 in chips)
Hero: posts small blind $2
b4244bb3: posts big blind $4
*** HOLE CARDS ***
Dealt to 51aaf4dd 
Dealt to b4244bb3 
Dealt to 5d5d96db 
Dealt to 4835775 
Dealt to 8bd6b956 
Dealt to Hero [Js 2c]
Dealt to cb3e4890 
cb3e4890: raises $12 to $16
51aaf4dd: folds
4835775: folds
8bd6b956: raises $19 to $35
5d5d96db: folds
Hero: folds
b4244bb3: folds
cb3e4890: calls $19
*** FLOP *** [3d 9d Ah]
cb3e4890: checks
8bd6b956: bets $57
cb3e4890: folds
Uncalled bet ($57) returned to 8bd6b956
cb3e4890: shows [Ks Jh]
8bd6b956: shows [7d 7s]
*** SHOWDOWN ***
8bd6b956 collected $76 from pot
*** SUMMARY ***
Total pot $76
Board [3d 9d Ah]
Seat 3: 51aaf4dd folded before Flop (didn't bet)
Seat 1: b4244bb3(big blind) folded before Flop
Seat 6: 5d5d96db folded before Flop (didn't bet)
Seat 4: 4835775 folded before Flop (didn't bet)
Seat 5: 8bd6b956 showed [7d 7s] and won ($76) with Pair of Sevens
Seat 7: Hero(small blind) folded before Flop
Seat 2: cb3e4890 folded on the Flop



Poker Hand #ring_941965876: NLH No Limit ($2/$4) - 2025/06/17 23:33:05
Table 'MR NLH 2/4' 7-max Seat #5 is the button
Seat 3: 51aaf4dd ($800 in chips)
Seat 1: b4244bb3 ($347.99 in chips)
Seat 6: 5d5d96db ($182.27 in chips)
Seat 4: 4835775 ($798 in chips)
Seat 5: 8bd6b956 ($446.87 in chips)
Seat 7: Hero ($602.48 in chips)
Seat 2: cb3e4890 ($535.09 in chips)
5d5d96db: posts small blind $2
Hero: posts big blind $4
*** HOLE CARDS ***
Dealt to 51aaf4dd 
Dealt to b4244bb3 
Dealt to 5d5d96db 
Dealt to 4835775 
Dealt to 8bd6b956 
Dealt to Hero [Jh 7d]
Dealt to cb3e4890 
b4244bb3: raises $12 to $16
cb3e4890: calls $16
51aaf4dd: folds
4835775: folds
8bd6b956: calls $16
5d5d96db: calls $14
Hero: folds
*** FLOP *** [2d Qh 4c]
5d5d96db: checks
b4244bb3: bets $34
cb3e4890: calls $34
8bd6b956: folds
5d5d96db: folds
*** TURN *** [2d Qh 4c] [5c]
b4244bb3: bets $102
cb3e4890: folds
Uncalled bet ($102) returned to b4244bb3
*** SHOWDOWN ***
b4244bb3 collected $136 from pot
*** SUMMARY ***
Total pot $136
Board [2d Qh 4c 5c]
Seat 3: 51aaf4dd folded before Flop (didn't bet)
Seat 1: b4244bb3won ($136) with Pair of Queens
Seat 6: 5d5d96db(small blind) folded on the Flop
Seat 4: 4835775 folded before Flop (didn't bet)
Seat 5: 8bd6b956 folded on the Flop
Seat 7: Hero(big blind) folded before Flop
Seat 2: cb3e4890 folded on the Turn



Poker Hand #ring_941964779: NLH No Limit ($2/$4) - 2025/06/17 23:32:34
Table 'MR NLH 2/4' 7-max Seat #4 is the button
Seat 3: 51aaf4dd ($800 in chips)
Seat 1: b4244bb3 ($347.99 in chips)
Seat 6: 5d5d96db ($186.27 in chips)
Seat 4: 4835775 ($798 in chips)
Seat 5: 8bd6b956 ($448.87 in chips)
Seat 7: Hero ($602.48 in chips)
Seat 2: cb3e4890 ($518.44 in chips)
8bd6b956: posts small blind $2
5d5d96db: posts big blind $4
*** HOLE CARDS ***
Dealt to 51aaf4dd 
Dealt to b4244bb3 
Dealt to 5d5d96db 
Dealt to 4835775 
Dealt to 8bd6b956 
Dealt to Hero [2h Jc]
Dealt to cb3e4890 
Hero: folds
b4244bb3: folds
cb3e4890: raises $8 to $12
51aaf4dd: calls $12
4835775: folds
8bd6b956: folds
5d5d96db: folds
*** FLOP *** [9c Ts Th]
cb3e4890: bets $22.5
51aaf4dd: folds
Uncalled bet ($22.5) returned to cb3e4890
cb3e4890: shows [2d]
*** SHOWDOWN ***
cb3e4890 collected $30 from pot
*** SUMMARY ***
Total pot $30
Board [9c Ts Th]
Seat 3: 51aaf4dd folded on the Flop
Seat 1: b4244bb3 folded before Flop (didn't bet)
Seat 6: 5d5d96db(big blind) folded before Flop
Seat 4: 4835775 folded before Flop (didn't bet)
Seat 5: 8bd6b956(small blind) folded before Flop
Seat 7: Hero folded before Flop (didn't bet)
Seat 2: cb3e4890 showed [2d] and won ($30) with Pair of Tens and Pair of Twos



Poker Hand #ring_941962914: NLH No Limit ($2/$4) - 2025/06/17 23:31:40
Table 'MR NLH 2/4' 7-max Seat #3 is the button
Seat 3: 51aaf4dd ($800 in chips)
Seat 1: b4244bb3 ($347.99 in chips)
Seat 6: 5d5d96db ($186.27 in chips)
Seat 4: 4835775 ($800 in chips)
Seat 5: 8bd6b956 ($560.61 in chips)
Seat 7: Hero ($602.48 in chips)
Seat 2: cb3e4890 ($404.38 in chips)
4835775: posts small blind $2
8bd6b956: posts big blind $4
*** HOLE CARDS ***
Dealt to 51aaf4dd 
Dealt to b4244bb3 
Dealt to 5d5d96db 
Dealt to 4835775 
Dealt to 8bd6b956 
Dealt to Hero [Th 8c]
Dealt to cb3e4890 
5d5d96db: folds
Hero: folds
b4244bb3: folds
cb3e4890: raises $8 to $12
51aaf4dd: calls $12
4835775: folds
8bd6b956: calls $8
*** FLOP *** [9h 3c Tc]
8bd6b956: checks
cb3e4890: bets $28.5
51aaf4dd: folds
8bd6b956: calls $28.5
*** TURN *** [9h 3c Tc] [4h]
8bd6b956: checks
cb3e4890: bets $71.24
8bd6b956: calls $71.24
*** RIVER *** [9h 3c Tc 4h] [4d]
8bd6b956: checks
cb3e4890: checks
cb3e4890: shows [Jc 9c]
8bd6b956: shows [Kh Jh]
*** SHOWDOWN ***
cb3e4890 collected $237.48 from pot
*** SUMMARY ***
Total pot $237.48
Board [9h 3c Tc 4h 4d]
Seat 3: 51aaf4dd folded on the Flop
Seat 1: b4244bb3 folded before Flop (didn't bet)
Seat 6: 5d5d96db folded before Flop (didn't bet)
Seat 4: 4835775(small blind) folded before Flop
Seat 5: 8bd6b956(big blind) showed [Kh Jh] and lost with Pair of Fours
Seat 7: Hero folded before Flop (didn't bet)
Seat 2: cb3e4890 showed [Jc 9c] and won ($237.48) with Pair of Nines and Pair of Fours



Poker Hand #ring_941959890: NLH No Limit ($2/$4) - 2025/06/17 23:30:11
Table 'MR NLH 2/4' 7-max Seat #2 is the button
Seat 3: 51aaf4dd ($861.2 in chips)
Seat 1: b4244bb3 ($347.99 in chips)
Seat 6: 5d5d96db ($186.27 in chips)
Seat 4: 4835775 ($800 in chips)
Seat 5: 8bd6b956 ($560.61 in chips)
Seat 7: Hero ($438.37 in chips)
Seat 2: cb3e4890 ($416.38 in chips)
51aaf4dd: posts small blind $2
4835775: posts big blind $4
*** HOLE CARDS ***
Dealt to 51aaf4dd 
Dealt to b4244bb3 
Dealt to 5d5d96db 
Dealt to 4835775 
Dealt to 8bd6b956 
Dealt to Hero [9h Th]
Dealt to cb3e4890 
8bd6b956: folds
5d5d96db: folds
Hero: raises $8 to $12
b4244bb3: folds
cb3e4890: calls $12
51aaf4dd: calls $10
4835775: folds
*** FLOP *** [6c Jh 7s]
51aaf4dd: checks
Hero: bets $20
cb3e4890: folds
51aaf4dd: calls $20
*** TURN *** [6c Jh 7s] [4c]
51aaf4dd: checks
Hero: bets $64
51aaf4dd: calls $64
*** RIVER *** [6c Jh 7s 4c] [3s]
51aaf4dd: bets $68.64
Hero: raises $113.75 to $182.39
51aaf4dd: folds
Uncalled bet ($113.75) returned to Hero
cb3e4890: shows [2h 5c]
*** SHOWDOWN ***
Hero collected $345.28 from pot
*** SUMMARY ***
Total pot $345.28
Board [6c Jh 7s 4c 3s]
Seat 3: 51aaf4dd(small blind) folded on the River
Seat 1: b4244bb3 folded before Flop (didn't bet)
Seat 6: 5d5d96db folded before Flop (didn't bet)
Seat 4: 4835775(big blind) folded before Flop
Seat 5: 8bd6b956 folded before Flop (didn't bet)
Seat 7: Herowon ($345.28) with Jack-High
Seat 2: cb3e4890 folded on the Flop



Poker Hand #ring_941958316: NLH No Limit ($2/$4) - 2025/06/17 23:29:25
Table 'MR NLH 2/4' 7-max Seat #1 is the button
Seat 3: 51aaf4dd ($865.2 in chips)
Seat 1: b4244bb3 ($363.99 in chips)
Seat 6: 5d5d96db ($202.27 in chips)
Seat 4: 4835775 ($800 in chips)
Seat 5: 8bd6b956 ($560.61 in chips)
Seat 7: Hero ($438.37 in chips)
Seat 2: cb3e4890 ($383.72 in chips)
cb3e4890: posts small blind $2
51aaf4dd: posts big blind $4
*** HOLE CARDS ***
Dealt to 51aaf4dd 
Dealt to b4244bb3 
Dealt to 5d5d96db 
Dealt to 4835775 
Dealt to 8bd6b956 
Dealt to Hero [3h 8h]
Dealt to cb3e4890 
4835775: folds
8bd6b956: folds
5d5d96db: calls $4
Hero: folds
b4244bb3: calls $4
cb3e4890: raises $12 to $16
51aaf4dd: folds
5d5d96db: calls $12
b4244bb3: calls $12
*** FLOP *** [8s Ah 2c]
cb3e4890: bets $39
5d5d96db: folds
b4244bb3: folds
Uncalled bet ($39) returned to cb3e4890
*** SHOWDOWN ***
cb3e4890 collected $52 from pot
*** SUMMARY ***
Total pot $52
Board [8s Ah 2c]
Seat 3: 51aaf4dd(big blind) folded before Flop
Seat 1: b4244bb3 folded on the Flop
Seat 6: 5d5d96db folded on the Flop
Seat 4: 4835775 folded before Flop (didn't bet)
Seat 5: 8bd6b956 folded before Flop (didn't bet)
Seat 7: Hero folded before Flop (didn't bet)
Seat 2: cb3e4890(small blind)won ($52) with Pair of Aces



Poker Hand #ring_941955049: NLH No Limit ($2/$4) - 2025/06/17 23:27:49
Table 'MR NLH 2/4' 7-max Seat #7 is the button
Seat 3: 51aaf4dd ($865.2 in chips)
Seat 1: b4244bb3 ($357.16 in chips)
Seat 6: 5d5d96db ($202.27 in chips)
Seat 4: 4835775 ($800 in chips)
Seat 5: 8bd6b956 ($553.78 in chips)
Seat 7: Hero ($458.37 in chips)
Seat 2: cb3e4890 ($403.72 in chips)
b4244bb3: posts small blind $2
cb3e4890: posts big blind $4
*** HOLE CARDS ***
Dealt to 51aaf4dd 
Dealt to b4244bb3 
Dealt to 5d5d96db 
Dealt to 4835775 
Dealt to 8bd6b956 
Dealt to Hero [Qc 9c]
Dealt to cb3e4890 
51aaf4dd: folds
4835775: folds
8bd6b956: raises $8 to $12
5d5d96db: folds
Hero: calls $12
b4244bb3: raises $8 to $20
cb3e4890: calls $16
8bd6b956: calls $8
Hero: calls $8
*** FLOP *** [2s 2d Ts]
b4244bb3: checks
cb3e4890: checks
8bd6b956: checks
Hero: checks
*** TURN *** [2s 2d Ts] [Ah]
b4244bb3: checks
cb3e4890: checks
8bd6b956: bets $30.4
Hero: folds
b4244bb3: raises $70.4 to $100.8
cb3e4890: folds
8bd6b956: calls $70.4
*** RIVER *** [2s 2d Ts Ah] [Td]
b4244bb3: bets $140.8
8bd6b956: calls $140.8
b4244bb3: shows [As Kh]
8bd6b956: shows [Kd Ad]
*** SHOWDOWN ***
b4244bb3 collected $281.6 from pot
8bd6b956 collected $281.6 from pot
*** SUMMARY ***
Total pot $563.2
Board [2s 2d Ts Ah Td]
Seat 3: 51aaf4dd folded before Flop (didn't bet)
Seat 1: b4244bb3(small blind) showed [As Kh] and won ($281.6) with Pair of Aces and Pair of Tens
Seat 6: 5d5d96db folded before Flop (didn't bet)
Seat 4: 4835775 folded before Flop (didn't bet)
Seat 5: 8bd6b956 showed [Kd Ad] and won ($281.6) with Pair of Aces and Pair of Tens
Seat 7: Hero folded on the Turn
Seat 2: cb3e4890(big blind) folded on the Turn



Poker Hand #ring_941954012: NLH No Limit ($2/$4) - 2025/06/17 23:27:18
Table 'MR NLH 2/4' 7-max Seat #6 is the button
Seat 3: 51aaf4dd ($865.2 in chips)
Seat 1: b4244bb3 ($361.16 in chips)
Seat 6: 5d5d96db ($206.27 in chips)
Seat 4: 4835775 ($800 in chips)
Seat 5: 8bd6b956 ($553.78 in chips)
Seat 7: Hero ($450.37 in chips)
Seat 2: cb3e4890 ($403.72 in chips)
Hero: posts small blind $2
b4244bb3: posts big blind $4
*** HOLE CARDS ***
Dealt to 51aaf4dd 
Dealt to b4244bb3 
Dealt to 5d5d96db 
Dealt to 4835775 
Dealt to 8bd6b956 
Dealt to Hero [Qs Qd]
Dealt to cb3e4890 
cb3e4890: folds
51aaf4dd: folds
4835775: folds
8bd6b956: folds
5d5d96db: calls $4
Hero: raises $14 to $18
b4244bb3: folds
5d5d96db: folds
Uncalled bet ($14) returned to Hero
*** SHOWDOWN ***
Hero collected $12 from pot
*** SUMMARY ***
Total pot $12
Seat 3: 51aaf4dd folded before Flop (didn't bet)
Seat 1: b4244bb3(big blind) folded before Flop
Seat 6: 5d5d96db folded before Flop
Seat 4: 4835775 folded before Flop (didn't bet)
Seat 5: 8bd6b956 folded before Flop (didn't bet)
Seat 7: Hero(small blind)won ($12)
Seat 2: cb3e4890 folded before Flop (didn't bet)



Poker Hand #ring_941952272: NLH No Limit ($2/$4) - 2025/06/17 23:26:27
Table 'MR NLH 2/4' 7-max Seat #5 is the button
Seat 3: 51aaf4dd ($800 in chips)
Seat 1: b4244bb3 ($361.16 in chips)
Seat 6: 5d5d96db ($208.27 in chips)
Seat 4: 4835775 ($800 in chips)
Seat 5: 8bd6b956 ($553.78 in chips)
Seat 7: Hero ($521.01 in chips)
Seat 2: cb3e4890 ($403.72 in chips)
5d5d96db: posts small blind $2
Hero: posts big blind $4
*** HOLE CARDS ***
Dealt to 51aaf4dd 
Dealt to b4244bb3 
Dealt to 5d5d96db 
Dealt to 4835775 
Dealt to 8bd6b956 
Dealt to Hero [As 2c]
Dealt to cb3e4890 
b4244bb3: folds
cb3e4890: folds
51aaf4dd: raises $8 to $12
4835775: folds
8bd6b956: folds
5d5d96db: folds
Hero: calls $8
*** FLOP *** [8s 9s 3s]
Hero: checks
51aaf4dd: bets $8.58
Hero: calls $8.58
*** TURN *** [8s 9s 3s] [Th]
Hero: checks
51aaf4dd: bets $21.58
Hero: calls $21.58
*** RIVER *** [8s 9s 3s Th] [Ac]
Hero: checks
51aaf4dd: bets $28.48
Hero: calls $28.48
51aaf4dd: shows [Td Ts]
Hero: shows [As 2c]
*** SHOWDOWN ***
51aaf4dd collected $143.28 from pot
*** SUMMARY ***
Total pot $143.28
Board [8s 9s 3s Th Ac]
Seat 3: 51aaf4dd showed [Td Ts] and won ($143.28) with Three Tens
Seat 1: b4244bb3 folded before Flop (didn't bet)
Seat 6: 5d5d96db(small blind) folded before Flop
Seat 4: 4835775 folded before Flop (didn't bet)
Seat 5: 8bd6b956 folded before Flop (didn't bet)
Seat 7: Hero(big blind) showed [As 2c] and lost with Pair of Aces
Seat 2: cb3e4890 folded before Flop (didn't bet)



Poker Hand #ring_941950939: NLH No Limit ($2/$4) - 2025/06/17 23:25:49
Table 'MR NLH 2/4' 7-max Seat #4 is the button
Seat 3: 51aaf4dd ($800 in chips)
Seat 1: b4244bb3 ($361.16 in chips)
Seat 6: 5d5d96db ($218.27 in chips)
Seat 4: 4835775 ($798 in chips)
Seat 5: 8bd6b956 ($535.13 in chips)
Seat 7: Hero ($521.01 in chips)
Seat 2: cb3e4890 ($403.72 in chips)
8bd6b956: posts small blind $2
5d5d96db: posts big blind $4
*** HOLE CARDS ***
Dealt to 51aaf4dd 
Dealt to b4244bb3 
Dealt to 5d5d96db 
Dealt to 4835775 
Dealt to 8bd6b956 
Dealt to Hero [6h 2s]
Dealt to cb3e4890 
Hero: folds
b4244bb3: folds
cb3e4890: folds
51aaf4dd: folds
4835775: raises $6 to $10
8bd6b956: calls $8
5d5d96db: calls $6
*** FLOP *** [9d 2c 4h]
8bd6b956: checks
5d5d96db: checks
4835775: checks
*** TURN *** [9d 2c 4h] [7h]
8bd6b956: bets $22.5
5d5d96db: folds
4835775: folds
Uncalled bet ($22.5) returned to 8bd6b956
*** SHOWDOWN ***
8bd6b956 collected $30 from pot
*** SUMMARY ***
Total pot $30
Board [9d 2c 4h 7h]
Seat 3: 51aaf4dd folded before Flop (didn't bet)
Seat 1: b4244bb3 folded before Flop (didn't bet)
Seat 6: 5d5d96db(big blind) folded on the Turn
Seat 4: 4835775 folded on the Turn
Seat 5: 8bd6b956(small blind)won ($30) with Jack-High
Seat 7: Hero folded before Flop (didn't bet)
Seat 2: cb3e4890 folded before Flop (didn't bet)



Poker Hand #ring_941949209: NLH No Limit ($2/$4) - 2025/06/17 23:25:00
Table 'MR NLH 2/4' 7-max Seat #3 is the button
Seat 3: 51aaf4dd ($794 in chips)
Seat 1: b4244bb3 ($361.16 in chips)
Seat 6: 5d5d96db ($111.8 in chips)
Seat 4: 4835775 ($800 in chips)
Seat 5: 8bd6b956 ($539.13 in chips)
Seat 7: Hero ($475.26 in chips)
Seat 2: cb3e4890 ($403.72 in chips)
4835775: posts small blind $2
8bd6b956: posts big blind $4
*** HOLE CARDS ***
Dealt to 51aaf4dd 
Dealt to b4244bb3 
Dealt to 5d5d96db 
Dealt to 4835775 
Dealt to 8bd6b956 
Dealt to Hero [Ts Th]
Dealt to cb3e4890 
5d5d96db: calls $4
Hero: raises $10 to $14
b4244bb3: folds
cb3e4890: folds
51aaf4dd: folds
4835775: folds
8bd6b956: folds
5d5d96db: raises $97.8 to $111.8 and is all-in
Hero: calls $97.8
5d5d96db: shows [Ad Qc]
Hero: shows [Ts Th]
*** FLOP *** [9d 7c Kc]
Hero: Chooses to EV Cashout
Pays Cashout Risk: $59.12
*** TURN *** [9d 7c Kc] [4s]
*** RIVER *** [9d 7c Kc 4s] [Qh]
Hero: EV Cashout ($157.55)
*** SHOWDOWN ***
5d5d96db collected $229.6 from pot
*** SUMMARY ***
Total pot $229.6
Board [9d 7c Kc 4s Qh]
Seat 3: 51aaf4dd folded before Flop (didn't bet)
Seat 1: b4244bb3 folded before Flop (didn't bet)
Seat 6: 5d5d96db showed [Ad Qc] and won ($229.6) with Pair of Queens
Seat 4: 4835775(small blind) folded before Flop
Seat 5: 8bd6b956(big blind) folded before Flop
Seat 7: Hero showed [Ts Th] and lost with Pair of Tens
Seat 2: cb3e4890 folded before Flop (didn't bet)



Poker Hand #ring_941947552: NLH No Limit ($2/$4) - 2025/06/17 23:24:13
Table 'MR NLH 2/4' 7-max Seat #2 is the button
Seat 3: 51aaf4dd ($796 in chips)
Seat 1: b4244bb3 ($361.16 in chips)
Seat 6: 5d5d96db ($136 in chips)
Seat 4: 4835775 ($798 in chips)
Seat 5: 8bd6b956 ($539.13 in chips)
Seat 7: Hero ($448.5 in chips)
Seat 2: cb3e4890 ($403.72 in chips)
51aaf4dd: posts small blind $2
4835775: posts big blind $4
*** HOLE CARDS ***
Dealt to 51aaf4dd 
Dealt to b4244bb3 
Dealt to 5d5d96db 
Dealt to 4835775 
Dealt to 8bd6b956 
Dealt to Hero [Ts Js]
Dealt to cb3e4890 
8bd6b956: folds
5d5d96db: calls $4
Hero: raises $10 to $14
b4244bb3: folds
cb3e4890: folds
51aaf4dd: folds
4835775: folds
5d5d96db: calls $10
*** FLOP *** [6c 6s 3d]
5d5d96db: checks
Hero: bets $10.2
5d5d96db: calls $10.2
*** TURN *** [6c 6s 3d] [6d]
5d5d96db: checks
Hero: bets $58
5d5d96db: folds
Uncalled bet ($58) returned to Hero
*** SHOWDOWN ***
Hero collected $54.4 from pot
*** SUMMARY ***
Total pot $54.4
Board [6c 6s 3d 6d]
Seat 3: 51aaf4dd(small blind) folded before Flop
Seat 1: b4244bb3 folded before Flop (didn't bet)
Seat 6: 5d5d96db folded on the Turn
Seat 4: 4835775(big blind) folded before Flop
Seat 5: 8bd6b956 folded before Flop (didn't bet)
Seat 7: Herowon ($54.4) with Three Sixes
Seat 2: cb3e4890 folded before Flop (didn't bet)



Poker Hand #ring_941946139: NLH No Limit ($2/$4) - 2025/06/17 23:23:32
Table 'MR NLH 2/4' 7-max Seat #1 is the button
Seat 3: 51aaf4dd ($800 in chips)
Seat 1: b4244bb3 ($340.87 in chips)
Seat 6: 5d5d96db ($152 in chips)
Seat 4: 4835775 ($798 in chips)
Seat 5: 8bd6b956 ($539.13 in chips)
Seat 7: Hero ($448.5 in chips)
Seat 2: cb3e4890 ($405.72 in chips)
cb3e4890: posts small blind $2
51aaf4dd: posts big blind $4
*** HOLE CARDS ***
Dealt to 51aaf4dd 
Dealt to b4244bb3 
Dealt to 5d5d96db 
Dealt to 4835775 
Dealt to 8bd6b956 
Dealt to Hero [3s 8d]
Dealt to cb3e4890 
4835775: folds
8bd6b956: folds
5d5d96db: calls $4
Hero: folds
b4244bb3: raises $12 to $16
cb3e4890: folds
51aaf4dd: folds
5d5d96db: calls $12
*** FLOP *** [4d 8h Ah]
5d5d96db: checks
b4244bb3: bets $19
5d5d96db: folds
Uncalled bet ($19) returned to b4244bb3
*** SHOWDOWN ***
b4244bb3 collected $38 from pot
*** SUMMARY ***
Total pot $38
Board [4d 8h Ah]
Seat 3: 51aaf4dd(big blind) folded before Flop
Seat 1: b4244bb3won ($38) with Pair of Sixes
Seat 6: 5d5d96db folded on the Flop
Seat 4: 4835775 folded before Flop (didn't bet)
Seat 5: 8bd6b956 folded before Flop (didn't bet)
Seat 7: Hero folded before Flop (didn't bet)
Seat 2: cb3e4890(small blind) folded before Flop



Poker Hand #ring_941944371: NLH No Limit ($2/$4) - 2025/06/17 23:22:42
Table 'MR NLH 2/4' 7-max Seat #7 is the button
Seat 3: 51aaf4dd ($800 in chips)
Seat 1: b4244bb3 ($388.87 in chips)
Seat 6: 5d5d96db ($200 in chips)
Seat 4: 4835775 ($798 in chips)
Seat 5: 8bd6b956 ($539.13 in chips)
Seat 7: Hero ($448.5 in chips)
Seat 2: cb3e4890 ($317.2 in chips)
b4244bb3: posts small blind $2
cb3e4890: posts big blind $4
5d5d96db: posts big blind $4
*** HOLE CARDS ***
Dealt to 51aaf4dd 
Dealt to b4244bb3 
Dealt to 5d5d96db 
Dealt to 4835775 
Dealt to 8bd6b956 
Dealt to Hero [Kc 7h]
Dealt to cb3e4890 
51aaf4dd: folds
4835775: folds
8bd6b956: folds
5d5d96db: raises $8 to $12
Hero: folds
b4244bb3: calls $10
cb3e4890: raises $36 to $48
5d5d96db: calls $36
b4244bb3: calls $36
*** FLOP *** [3d Tc 9h]
b4244bb3: checks
cb3e4890: bets $269.2 and is all-in
5d5d96db: folds
b4244bb3: folds
Uncalled bet ($269.2) returned to cb3e4890
cb3e4890: shows [Qh Ad]
*** SHOWDOWN ***
cb3e4890 collected $144 from pot
*** SUMMARY ***
Total pot $144
Board [3d Tc 9h]
Seat 3: 51aaf4dd folded before Flop (didn't bet)
Seat 1: b4244bb3(small blind) folded on the Flop
Seat 6: 5d5d96db folded on the Flop
Seat 4: 4835775 folded before Flop (didn't bet)
Seat 5: 8bd6b956 folded before Flop (didn't bet)
Seat 7: Hero folded before Flop (didn't bet)
Seat 2: cb3e4890(big blind) showed [Qh Ad] and won ($144) with Ace-High



Poker Hand #ring_941942726: NLH No Limit ($2/$4) - 2025/06/17 23:21:55
Table 'MR NLH 2/4' 7-max Seat #5 is the button
Seat 3: 51aaf4dd ($800 in chips)
Seat 1: b4244bb3 ($392.87 in chips)
Seat 4: 4835775 ($798 in chips)
Seat 5: 8bd6b956 ($539.13 in chips)
Seat 7: Hero ($402 in chips)
Seat 2: cb3e4890 ($317.2 in chips)
Hero: posts small blind $2
b4244bb3: posts big blind $4
*** HOLE CARDS ***
Dealt to 51aaf4dd 
Dealt to b4244bb3 
Dealt to 4835775 
Dealt to 8bd6b956 
Dealt to Hero [Kh Ah]
Dealt to cb3e4890 
cb3e4890: folds
51aaf4dd: raises $8 to $12
4835775: folds
8bd6b956: folds
Hero: raises $36 to $48
b4244bb3: folds
51aaf4dd: calls $36
*** FLOP *** [6h Ad Qd]
Hero: bets $30
51aaf4dd: folds
Uncalled bet ($30) returned to Hero
*** SHOWDOWN ***
Hero collected $100 from pot
*** SUMMARY ***
Total pot $100
Board [6h Ad Qd]
Seat 3: 51aaf4dd folded on the Flop
Seat 1: b4244bb3(big blind) folded before Flop
Seat 4: 4835775 folded before Flop (didn't bet)
Seat 5: 8bd6b956 folded before Flop (didn't bet)
Seat 7: Hero(small blind)won ($100) with Pair of Aces
Seat 2: cb3e4890 folded before Flop (didn't bet)



Poker Hand #ring_941942011: NLH No Limit ($2/$4) - 2025/06/17 23:21:34
Table 'MR NLH 2/4' 7-max Seat #4 is the button
Seat 3: 51aaf4dd ($800 in chips)
Seat 1: b4244bb3 ($392.87 in chips)
Seat 4: 4835775 ($798 in chips)
Seat 5: 8bd6b956 ($541.13 in chips)
Seat 7: Hero ($400 in chips)
Seat 2: cb3e4890 ($317.2 in chips)
8bd6b956: posts small blind $2
Hero: posts big blind $4
*** HOLE CARDS ***
Dealt to 51aaf4dd 
Dealt to b4244bb3 
Dealt to 4835775 
Dealt to 8bd6b956 
Dealt to Hero [2d Kc]
Dealt to cb3e4890 
b4244bb3: folds
cb3e4890: folds
51aaf4dd: folds
4835775: folds
8bd6b956: folds
*** SHOWDOWN ***
Hero collected $6 from pot
*** SUMMARY ***
Total pot $6
Seat 3: 51aaf4dd folded before Flop (didn't bet)
Seat 1: b4244bb3 folded before Flop (didn't bet)
Seat 4: 4835775 folded before Flop (didn't bet)
Seat 5: 8bd6b956(small blind) folded before Flop
Seat 7: Hero(big blind)won ($6)
Seat 2: cb3e4890 folded before Flop (didn't bet)



