Poker Hand #ring_985671056: NLH No Limit ($2/$4) - 2025/07/11 20:29:20
Table 'MR NLH 2/4' 7-max Seat #2 is the button
Seat 4: e22171c ($180.9 in chips)
Seat 3: 1f2415e8 ($791.7 in chips)
Seat 2: Hero ($349.67 in chips)
1f2415e8: posts small blind $2
e22171c: posts big blind $4
*** HOLE CARDS ***
Dealt to e22171c 
Dealt to 1f2415e8 
Dealt to Hero [7c 3h]
Hero: folds
1f2415e8: folds
*** SHOWDOWN ***
e22171c collected $6 from pot
*** SUMMARY ***
Total pot $6
Seat 4: e22171c(big blind)won ($6)
Seat 3: 1f2415e8(small blind) folded before Flop
Seat 2: Hero folded before Flop (didn't bet)



Poker Hand #ring_985670775: NLH No Limit ($2/$4) - 2025/07/11 20:29:09
Table 'MR NLH 2/4' 7-max Seat #4 is the button
Seat 4: e22171c ($180.9 in chips)
Seat 3: 1f2415e8 ($789.7 in chips)
Seat 2: Hero ($351.67 in chips)
Hero: posts small blind $2
1f2415e8: posts big blind $4
*** HOLE CARDS ***
Dealt to e22171c 
Dealt to 1f2415e8 
Dealt to Hero [Tc 7d]
e22171c: folds
Hero: folds
*** SHOWDOWN ***
1f2415e8 collected $6 from pot
*** SUMMARY ***
Total pot $6
Seat 4: e22171c folded before Flop (didn't bet)
Seat 3: 1f2415e8(big blind)won ($6)
Seat 2: Hero(small blind) folded before Flop



Poker Hand #ring_985669904: NLH No Limit ($2/$4) - 2025/07/11 20:28:35
Table 'MR NLH 2/4' 7-max Seat #3 is the button
Seat 4: e22171c ($158.52 in chips)
Seat 3: 1f2415e8 ($801.7 in chips)
Seat 2: Hero ($363.67 in chips)
e22171c: posts small blind $2
Hero: posts big blind $4
*** HOLE CARDS ***
Dealt to e22171c 
Dealt to 1f2415e8 
Dealt to Hero [9d Ks]
1f2415e8: raises $8 to $12
e22171c: calls $10
Hero: calls $8
*** FLOP *** [2c 6c 5h]
e22171c: checks
Hero: checks
1f2415e8: checks
*** TURN *** [2c 6c 5h] [8d]
e22171c: checks
Hero: checks
1f2415e8: checks
*** RIVER *** [2c 6c 5h 8d] [8h]
e22171c: checks
Hero: checks
1f2415e8: checks
Hero: shows [9d Ks]
1f2415e8: shows [Qh Tc]
e22171c: shows [Jc Ad]
*** SHOWDOWN ***
e22171c collected $36 from pot
*** SUMMARY ***
Total pot $36
Board [2c 6c 5h 8d 8h]
Seat 4: e22171c(small blind) showed [Jc Ad] and won ($36) with Pair of Eights
Seat 3: 1f2415e8 showed [Qh Tc] and lost with Pair of Eights
Seat 2: Hero(big blind) showed [9d Ks] and lost with Pair of Eights



Poker Hand #ring_985669529: NLH No Limit ($2/$4) - 2025/07/11 20:28:21
Table 'MR NLH 2/4' 7-max Seat #2 is the button
Seat 4: e22171c ($162.52 in chips)
Seat 3: 1f2415e8 ($797.7 in chips)
Seat 2: Hero ($363.67 in chips)
1f2415e8: posts small blind $2
e22171c: posts big blind $4
*** HOLE CARDS ***
Dealt to e22171c 
Dealt to 1f2415e8 
Dealt to Hero [3d Jc]
Hero: folds
1f2415e8: raises $8 to $12
e22171c: folds
Uncalled bet ($8) returned to 1f2415e8
*** SHOWDOWN ***
1f2415e8 collected $8 from pot
*** SUMMARY ***
Total pot $8
Seat 4: e22171c(big blind) folded before Flop
Seat 3: 1f2415e8(small blind)won ($8)
Seat 2: Hero folded before Flop (didn't bet)



Poker Hand #ring_985669197: NLH No Limit ($2/$4) - 2025/07/11 20:28:08
Table 'MR NLH 2/4' 7-max Seat #4 is the button
Seat 4: e22171c ($162.52 in chips)
Seat 3: 1f2415e8 ($795.7 in chips)
Seat 2: Hero ($365.67 in chips)
Hero: posts small blind $2
1f2415e8: posts big blind $4
*** HOLE CARDS ***
Dealt to e22171c 
Dealt to 1f2415e8 
Dealt to Hero [2d Qc]
e22171c: folds
Hero: folds
1f2415e8: shows [Ad Ac]
*** SHOWDOWN ***
1f2415e8 collected $6 from pot
*** SUMMARY ***
Total pot $6
Seat 4: e22171c folded before Flop (didn't bet)
Seat 3: 1f2415e8(big blind) showed [Ad Ac] and won ($6)
Seat 2: Hero(small blind) folded before Flop



Poker Hand #ring_985668639: NLH No Limit ($2/$4) - 2025/07/11 20:27:47
Table 'MR NLH 2/4' 7-max Seat #3 is the button
Seat 4: e22171c ($174.52 in chips)
Seat 3: 1f2415e8 ($773.32 in chips)
Seat 2: Hero ($377.67 in chips)
e22171c: posts small blind $2
Hero: posts big blind $4
*** HOLE CARDS ***
Dealt to e22171c 
Dealt to 1f2415e8 
Dealt to Hero [7h 6d]
1f2415e8: raises $8 to $12
e22171c: calls $10
Hero: calls $8
*** FLOP *** [2c Js 9d]
e22171c: checks
Hero: checks
1f2415e8: bets $18
e22171c: folds
Hero: folds
Uncalled bet ($18) returned to 1f2415e8
*** SHOWDOWN ***
1f2415e8 collected $36 from pot
*** SUMMARY ***
Total pot $36
Board [2c Js 9d]
Seat 4: e22171c(small blind) folded on the Flop
Seat 3: 1f2415e8won ($36) with Pair of Jacks
Seat 2: Hero(big blind) folded on the Flop



Poker Hand #ring_985667978: NLH No Limit ($2/$4) - 2025/07/11 20:27:22
Table 'MR NLH 2/4' 7-max Seat #2 is the button
Seat 4: e22171c ($186.52 in chips)
Seat 3: 1f2415e8 ($775.32 in chips)
Seat 2: Hero ($364.84 in chips)
1f2415e8: posts small blind $2
e22171c: posts big blind $4
*** HOLE CARDS ***
Dealt to e22171c 
Dealt to 1f2415e8 
Dealt to Hero [9d Qd]
Hero: raises $8 to $12
1f2415e8: folds
e22171c: calls $8
*** FLOP *** [3s 4d Ks]
e22171c: checks
Hero: bets $13
e22171c: folds
Uncalled bet ($13) returned to Hero
*** SHOWDOWN ***
Hero collected $26 from pot
*** SUMMARY ***
Total pot $26
Board [3s 4d Ks]
Seat 4: e22171c(big blind) folded on the Flop
Seat 3: 1f2415e8(small blind) folded before Flop
Seat 2: Herowon ($26) with King-High



Poker Hand #ring_985667709: NLH No Limit ($2/$4) - 2025/07/11 20:27:11
Table 'MR NLH 2/4' 7-max Seat #4 is the button
Seat 4: e22171c ($186.52 in chips)
Seat 3: 1f2415e8 ($773.32 in chips)
Seat 2: Hero ($366.84 in chips)
Hero: posts small blind $2
1f2415e8: posts big blind $4
*** HOLE CARDS ***
Dealt to e22171c 
Dealt to 1f2415e8 
Dealt to Hero [Jc 3h]
e22171c: folds
Hero: folds
*** SHOWDOWN ***
1f2415e8 collected $6 from pot
*** SUMMARY ***
Total pot $6
Seat 4: e22171c folded before Flop (didn't bet)
Seat 3: 1f2415e8(big blind)won ($6)
Seat 2: Hero(small blind) folded before Flop



Poker Hand #ring_985666774: NLH No Limit ($2/$4) - 2025/07/11 20:26:35
Table 'MR NLH 2/4' 7-max Seat #3 is the button
Seat 4: e22171c ($188.52 in chips)
Seat 3: 1f2415e8 ($748.66 in chips)
Seat 2: Hero ($391.84 in chips)
e22171c: posts small blind $2
Hero: posts big blind $4
*** HOLE CARDS ***
Dealt to e22171c 
Dealt to 1f2415e8 
Dealt to Hero [Kd Td]
1f2415e8: raises $8 to $12
e22171c: folds
Hero: calls $8
*** FLOP *** [7c 8c 8d]
Hero: checks
1f2415e8: checks
*** TURN *** [7c 8c 8d] [9d]
Hero: bets $13
1f2415e8: calls $13
*** RIVER *** [7c 8c 8d 9d] [7s]
Hero: checks
1f2415e8: checks
Hero: shows [Kd Td]
1f2415e8: shows [Ad 5d]
*** SHOWDOWN ***
1f2415e8 collected $52 from pot
*** SUMMARY ***
Total pot $52
Board [7c 8c 8d 9d 7s]
Seat 4: e22171c(small blind) folded before Flop
Seat 3: 1f2415e8 showed [Ad 5d] and won ($52) with Pair of Eights and Pair of Sevens
Seat 2: Hero(big blind) showed [Kd Td] and lost with Pair of Eights and Pair of Sevens



Poker Hand #ring_985666433: NLH No Limit ($2/$4) - 2025/07/11 20:26:21
Table 'MR NLH 2/4' 7-max Seat #2 is the button
Seat 4: e22171c ($192.52 in chips)
Seat 3: 1f2415e8 ($750.66 in chips)
Seat 2: Hero ($385.84 in chips)
1f2415e8: posts small blind $2
e22171c: posts big blind $4
*** HOLE CARDS ***
Dealt to e22171c 
Dealt to 1f2415e8 
Dealt to Hero [9c Jc]
Hero: raises $8 to $12
1f2415e8: folds
e22171c: folds
Uncalled bet ($8) returned to Hero
*** SHOWDOWN ***
Hero collected $10 from pot
*** SUMMARY ***
Total pot $10
Seat 4: e22171c(big blind) folded before Flop
Seat 3: 1f2415e8(small blind) folded before Flop
Seat 2: Herowon ($10)



Poker Hand #ring_985666070: NLH No Limit ($2/$4) - 2025/07/11 20:26:07
Table 'MR NLH 2/4' 7-max Seat #4 is the button
Seat 4: e22171c ($186.52 in chips)
Seat 3: 1f2415e8 ($754.66 in chips)
Seat 2: Hero ($387.84 in chips)
Hero: posts small blind $2
1f2415e8: posts big blind $4
*** HOLE CARDS ***
Dealt to e22171c 
Dealt to 1f2415e8 
Dealt to Hero [6h 9c]
e22171c: raises $8 to $12
Hero: folds
1f2415e8: folds
Uncalled bet ($8) returned to e22171c
*** SHOWDOWN ***
e22171c collected $10 from pot
*** SUMMARY ***
Total pot $10
Seat 4: e22171cwon ($10)
Seat 3: 1f2415e8(big blind) folded before Flop
Seat 2: Hero(small blind) folded before Flop



Poker Hand #ring_985665788: NLH No Limit ($2/$4) - 2025/07/11 20:25:55
Table 'MR NLH 2/4' 7-max Seat #3 is the button
Seat 4: e22171c ($188.52 in chips)
Seat 3: 1f2415e8 ($754.66 in chips)
Seat 2: Hero ($385.84 in chips)
e22171c: posts small blind $2
Hero: posts big blind $4
*** HOLE CARDS ***
Dealt to e22171c 
Dealt to 1f2415e8 
Dealt to Hero [Tc 2s]
1f2415e8: folds
e22171c: folds
*** SHOWDOWN ***
Hero collected $6 from pot
*** SUMMARY ***
Total pot $6
Seat 4: e22171c(small blind) folded before Flop
Seat 3: 1f2415e8 folded before Flop (didn't bet)
Seat 2: Hero(big blind)won ($6)



Poker Hand #ring_985665059: NLH No Limit ($2/$4) - 2025/07/11 20:25:27
Table 'MR NLH 2/4' 7-max Seat #2 is the button
Seat 4: e22171c ($175.69 in chips)
Seat 3: 1f2415e8 ($756.66 in chips)
Seat 2: Hero ($397.84 in chips)
1f2415e8: posts small blind $2
e22171c: posts big blind $4
*** HOLE CARDS ***
Dealt to e22171c 
Dealt to 1f2415e8 
Dealt to Hero [7h Ad]
Hero: raises $8 to $12
1f2415e8: folds
e22171c: calls $8
*** FLOP *** [8s Ts 6h]
e22171c: checks
Hero: checks
*** TURN *** [8s Ts 6h] [Kc]
e22171c: checks
Hero: checks
*** RIVER *** [8s Ts 6h Kc] [2h]
e22171c: checks
Hero: checks
Hero: shows [7h Ad]
e22171c: shows [Qd Ac]
*** SHOWDOWN ***
e22171c collected $26 from pot
*** SUMMARY ***
Total pot $26
Board [8s Ts 6h Kc 2h]
Seat 4: e22171c(big blind) showed [Qd Ac] and won ($26) with Ace-High
Seat 3: 1f2415e8(small blind) folded before Flop
Seat 2: Hero showed [7h Ad] and lost with Ace-High



Poker Hand #ring_985664406: NLH No Limit ($2/$4) - 2025/07/11 20:25:02
Table 'MR NLH 2/4' 7-max Seat #4 is the button
Seat 4: e22171c ($175.69 in chips)
Seat 3: 1f2415e8 ($776.66 in chips)
Seat 2: Hero ($379.64 in chips)
Hero: posts small blind $2
1f2415e8: posts big blind $4
*** HOLE CARDS ***
Dealt to e22171c 
Dealt to 1f2415e8 
Dealt to Hero [Tc 3c]
e22171c: folds
Hero: raises $6 to $10
1f2415e8: calls $6
*** FLOP *** [9d 3s Ac]
Hero: bets $10
1f2415e8: calls $10
*** TURN *** [9d 3s Ac] [5d]
Hero: bets $32
1f2415e8: folds
Uncalled bet ($32) returned to Hero
*** SHOWDOWN ***
Hero collected $40 from pot
*** SUMMARY ***
Total pot $40
Board [9d 3s Ac 5d]
Seat 4: e22171c folded before Flop (didn't bet)
Seat 3: 1f2415e8(big blind) folded on the Turn
Seat 2: Hero(small blind)won ($40) with Pair of Treys



Poker Hand #ring_985663993: NLH No Limit ($2/$4) - 2025/07/11 20:24:45
Table 'MR NLH 2/4' 7-max Seat #3 is the button
Seat 4: e22171c ($177.69 in chips)
Seat 3: 1f2415e8 ($788.66 in chips)
Seat 2: Hero ($365.64 in chips)
e22171c: posts small blind $2
Hero: posts big blind $4
*** HOLE CARDS ***
Dealt to e22171c 
Dealt to 1f2415e8 
Dealt to Hero [9h 9s]
1f2415e8: raises $8 to $12
e22171c: folds
Hero: raises $26 to $38
1f2415e8: folds
Uncalled bet ($26) returned to Hero
*** SHOWDOWN ***
Hero collected $26 from pot
*** SUMMARY ***
Total pot $26
Seat 4: e22171c(small blind) folded before Flop
Seat 3: 1f2415e8 folded before Flop
Seat 2: Hero(big blind)won ($26)



Poker Hand #ring_985663660: NLH No Limit ($2/$4) - 2025/07/11 20:24:32
Table 'MR NLH 2/4' 7-max Seat #2 is the button
Seat 4: e22171c ($181.69 in chips)
Seat 3: 1f2415e8 ($790.66 in chips)
Seat 2: Hero ($359.64 in chips)
1f2415e8: posts small blind $2
e22171c: posts big blind $4
*** HOLE CARDS ***
Dealt to e22171c 
Dealt to 1f2415e8 
Dealt to Hero [Ad 6c]
Hero: raises $6 to $10
1f2415e8: folds
e22171c: folds
Uncalled bet ($6) returned to Hero
*** SHOWDOWN ***
Hero collected $10 from pot
*** SUMMARY ***
Total pot $10
Seat 4: e22171c(big blind) folded before Flop
Seat 3: 1f2415e8(small blind) folded before Flop
Seat 2: Herowon ($10)



Poker Hand #ring_985662823: NLH No Limit ($2/$4) - 2025/07/11 20:24:00
Table 'MR NLH 2/4' 7-max Seat #4 is the button
Seat 4: e22171c ($181.69 in chips)
Seat 3: 1f2415e8 ($810.66 in chips)
Seat 2: Hero ($341.44 in chips)
Hero: posts small blind $2
1f2415e8: posts big blind $4
*** HOLE CARDS ***
Dealt to e22171c 
Dealt to 1f2415e8 
Dealt to Hero [Qc Kc]
e22171c: folds
Hero: raises $6 to $10
1f2415e8: calls $6
*** FLOP *** [5s 5h 2h]
Hero: checks
1f2415e8: checks
*** TURN *** [5s 5h 2h] [Qd]
Hero: checks
1f2415e8: bets $10
Hero: calls $10
*** RIVER *** [5s 5h 2h Qd] [6d]
Hero: checks
1f2415e8: checks
Hero: shows [Qc Kc]
1f2415e8: shows [9c As]
*** SHOWDOWN ***
Hero collected $40 from pot
*** SUMMARY ***
Total pot $40
Board [5s 5h 2h Qd 6d]
Seat 4: e22171c folded before Flop (didn't bet)
Seat 3: 1f2415e8(big blind) showed [9c As] and lost with Pair of Fives
Seat 2: Hero(small blind) showed [Qc Kc] and won ($40) with Pair of Queens and Pair of Fives



Poker Hand #ring_985662298: NLH No Limit ($2/$4) - 2025/07/11 20:23:39
Table 'MR NLH 2/4' 7-max Seat #3 is the button
Seat 4: e22171c ($193.69 in chips)
Seat 3: 1f2415e8 ($795.92 in chips)
Seat 2: Hero ($345.44 in chips)
e22171c: posts small blind $2
Hero: posts big blind $4
*** HOLE CARDS ***
Dealt to e22171c 
Dealt to 1f2415e8 
Dealt to Hero [3h 4c]
1f2415e8: raises $8 to $12
e22171c: calls $10
Hero: folds
*** FLOP *** [Kc 5d 7c]
e22171c: checks
1f2415e8: bets $14
e22171c: folds
Uncalled bet ($14) returned to 1f2415e8
*** SHOWDOWN ***
1f2415e8 collected $28 from pot
*** SUMMARY ***
Total pot $28
Board [Kc 5d 7c]
Seat 4: e22171c(small blind) folded on the Flop
Seat 3: 1f2415e8won ($28) with King-High
Seat 2: Hero(big blind) folded before Flop



Poker Hand #ring_985661335: NLH No Limit ($2/$4) - 2025/07/11 20:23:01
Table 'MR NLH 2/4' 7-max Seat #2 is the button
Seat 4: e22171c ($171.85 in chips)
Seat 3: 1f2415e8 ($819.92 in chips)
Seat 2: Hero ($345.44 in chips)
1f2415e8: posts small blind $2
e22171c: posts big blind $4
*** HOLE CARDS ***
Dealt to e22171c 
Dealt to 1f2415e8 
Dealt to Hero [8d 3s]
Hero: folds
1f2415e8: raises $8 to $12
e22171c: calls $8
*** FLOP *** [Kd 2h 6s]
1f2415e8: bets $12
e22171c: calls $12
*** TURN *** [Kd 2h 6s] [Tc]
1f2415e8: checks
e22171c: checks
*** RIVER *** [Kd 2h 6s Tc] [Td]
1f2415e8: checks
e22171c: bets $36
1f2415e8: folds
Uncalled bet ($36) returned to e22171c
*** SHOWDOWN ***
e22171c collected $48 from pot
*** SUMMARY ***
Total pot $48
Board [Kd 2h 6s Tc Td]
Seat 4: e22171c(big blind)won ($48) with Pair of Kings and Pair of Tens
Seat 3: 1f2415e8(small blind) folded on the River
Seat 2: Hero folded before Flop (didn't bet)



Poker Hand #ring_985660097: NLH No Limit ($2/$4) - 2025/07/11 20:22:13
Table 'MR NLH 2/4' 7-max Seat #4 is the button
Seat 4: e22171c ($171.85 in chips)
Seat 3: 1f2415e8 ($774.42 in chips)
Seat 2: Hero ($395.44 in chips)
Hero: posts small blind $2
1f2415e8: posts big blind $4
*** HOLE CARDS ***
Dealt to e22171c 
Dealt to 1f2415e8 
Dealt to Hero [As 3c]
e22171c: folds
Hero: raises $6 to $10
1f2415e8: calls $6
*** FLOP *** [4c Qc 2h]
Hero: checks
1f2415e8: bets $10
Hero: calls $10
*** TURN *** [4c Qc 2h] [9s]
Hero: checks
1f2415e8: bets $30
Hero: calls $30
*** RIVER *** [4c Qc 2h 9s] [9h]
Hero: checks
1f2415e8: checks
Hero: shows [As 3c]
1f2415e8: shows [Tc 2c]
*** SHOWDOWN ***
1f2415e8 collected $100 from pot
*** SUMMARY ***
Total pot $100
Board [4c Qc 2h 9s 9h]
Seat 4: e22171c folded before Flop (didn't bet)
Seat 3: 1f2415e8(big blind) showed [Tc 2c] and won ($100) with Pair of Nines and Pair of Twos
Seat 2: Hero(small blind) showed [As 3c] and lost with Pair of Nines



Poker Hand #ring_985659091: NLH No Limit ($2/$4) - 2025/07/11 20:21:34
Table 'MR NLH 2/4' 7-max Seat #3 is the button
Seat 4: e22171c ($205.85 in chips)
Seat 3: 1f2415e8 ($774.42 in chips)
Seat 2: Hero ($364.5 in chips)
e22171c: posts small blind $2
Hero: posts big blind $4
*** HOLE CARDS ***
Dealt to e22171c 
Dealt to 1f2415e8 
Dealt to Hero [7h 7c]
1f2415e8: folds
e22171c: raises $8 to $12
Hero: raises $22 to $34
e22171c: calls $22
*** FLOP *** [5s 6s 6h]
e22171c: checks
Hero: bets $54.4
e22171c: folds
Uncalled bet ($54.4) returned to Hero
*** SHOWDOWN ***
Hero collected $68 from pot
*** SUMMARY ***
Total pot $68
Board [5s 6s 6h]
Seat 4: e22171c(small blind) folded on the Flop
Seat 3: 1f2415e8 folded before Flop (didn't bet)
Seat 2: Hero(big blind)won ($68) with Pair of Sevens and Pair of Sixes



Poker Hand #ring_985658780: NLH No Limit ($2/$4) - 2025/07/11 20:21:22
Table 'MR NLH 2/4' 7-max Seat #2 is the button
Seat 4: e22171c ($203.85 in chips)
Seat 3: 1f2415e8 ($776.42 in chips)
Seat 2: Hero ($364.5 in chips)
1f2415e8: posts small blind $2
e22171c: posts big blind $4
*** HOLE CARDS ***
Dealt to e22171c 
Dealt to 1f2415e8 
Dealt to Hero [2d 7h]
Hero: folds
1f2415e8: folds
*** SHOWDOWN ***
e22171c collected $6 from pot
*** SUMMARY ***
Total pot $6
Seat 4: e22171c(big blind)won ($6)
Seat 3: 1f2415e8(small blind) folded before Flop
Seat 2: Hero folded before Flop (didn't bet)



Poker Hand #ring_985658269: NLH No Limit ($2/$4) - 2025/07/11 20:21:02
Table 'MR NLH 2/4' 7-max Seat #4 is the button
Seat 4: e22171c ($203.85 in chips)
Seat 3: 1f2415e8 ($786.42 in chips)
Seat 2: Hero ($355.4 in chips)
Hero: posts small blind $2
1f2415e8: posts big blind $4
*** HOLE CARDS ***
Dealt to e22171c 
Dealt to 1f2415e8 
Dealt to Hero [5c 8c]
e22171c: folds
Hero: raises $6 to $10
1f2415e8: calls $6
*** FLOP *** [Kh 6c 4c]
Hero: bets $10
1f2415e8: folds
Uncalled bet ($10) returned to Hero
*** SHOWDOWN ***
Hero collected $20 from pot
*** SUMMARY ***
Total pot $20
Board [Kh 6c 4c]
Seat 4: e22171c folded before Flop (didn't bet)
Seat 3: 1f2415e8(big blind) folded on the Flop
Seat 2: Hero(small blind)won ($20) with King-High



Poker Hand #ring_985657685: NLH No Limit ($2/$4) - 2025/07/11 20:20:38
Table 'MR NLH 2/4' 7-max Seat #3 is the button
Seat 4: e22171c ($205.85 in chips)
Seat 3: 1f2415e8 ($773.59 in chips)
Seat 2: Hero ($367.4 in chips)
e22171c: posts small blind $2
Hero: posts big blind $4
*** HOLE CARDS ***
Dealt to e22171c 
Dealt to 1f2415e8 
Dealt to Hero [6h Kh]
1f2415e8: raises $8 to $12
e22171c: folds
Hero: calls $8
*** FLOP *** [Jc 5d Ts]
Hero: checks
1f2415e8: bets $13
Hero: folds
Uncalled bet ($13) returned to 1f2415e8
*** SHOWDOWN ***
1f2415e8 collected $26 from pot
*** SUMMARY ***
Total pot $26
Board [Jc 5d Ts]
Seat 4: e22171c(small blind) folded before Flop
Seat 3: 1f2415e8won ($26) with Pair of Jacks
Seat 2: Hero(big blind) folded on the Flop



Poker Hand #ring_985657389: NLH No Limit ($2/$4) - 2025/07/11 20:20:28
Table 'MR NLH 2/4' 7-max Seat #2 is the button
Seat 4: e22171c ($203.85 in chips)
Seat 3: 1f2415e8 ($775.59 in chips)
Seat 2: Hero ($367.4 in chips)
1f2415e8: posts small blind $2
e22171c: posts big blind $4
*** HOLE CARDS ***
Dealt to e22171c 
Dealt to 1f2415e8 
Dealt to Hero [Kd 6c]
Hero: folds
1f2415e8: folds
*** SHOWDOWN ***
e22171c collected $6 from pot
*** SUMMARY ***
Total pot $6
Seat 4: e22171c(big blind)won ($6)
Seat 3: 1f2415e8(small blind) folded before Flop
Seat 2: Hero folded before Flop (didn't bet)



Poker Hand #ring_985656548: NLH No Limit ($2/$4) - 2025/07/11 20:19:54
Table 'MR NLH 2/4' 7-max Seat #4 is the button
Seat 4: e22171c ($179.19 in chips)
Seat 3: 1f2415e8 ($800.59 in chips)
Seat 2: Hero ($369.4 in chips)
Hero: posts small blind $2
1f2415e8: posts big blind $4
*** HOLE CARDS ***
Dealt to e22171c 
Dealt to 1f2415e8 
Dealt to Hero [8c 5h]
e22171c: raises $8 to $12
Hero: folds
1f2415e8: calls $8
*** FLOP *** [As Kh Tc]
1f2415e8: checks
e22171c: bets $13
1f2415e8: calls $13
*** TURN *** [As Kh Tc] [3s]
1f2415e8: checks
e22171c: checks
*** RIVER *** [As Kh Tc 3s] [Jh]
1f2415e8: checks
e22171c: checks
1f2415e8: shows [4d Kd]
e22171c: shows [Ad 5d]
*** SHOWDOWN ***
e22171c collected $52 from pot
*** SUMMARY ***
Total pot $52
Board [As Kh Tc 3s Jh]
Seat 4: e22171c showed [Ad 5d] and won ($52) with Pair of Aces
Seat 3: 1f2415e8(big blind) showed [4d Kd] and lost with Pair of Kings
Seat 2: Hero(small blind) folded before Flop



Poker Hand #ring_985656241: NLH No Limit ($2/$4) - 2025/07/11 20:19:43
Table 'MR NLH 2/4' 7-max Seat #3 is the button
Seat 4: e22171c ($181.19 in chips)
Seat 3: 1f2415e8 ($800.59 in chips)
Seat 2: Hero ($367.4 in chips)
e22171c: posts small blind $2
Hero: posts big blind $4
*** HOLE CARDS ***
Dealt to e22171c 
Dealt to 1f2415e8 
Dealt to Hero [3s Kc]
1f2415e8: folds
e22171c: folds
*** SHOWDOWN ***
Hero collected $6 from pot
*** SUMMARY ***
Total pot $6
Seat 4: e22171c(small blind) folded before Flop
Seat 3: 1f2415e8 folded before Flop (didn't bet)
Seat 2: Hero(big blind)won ($6)



Poker Hand #ring_985655760: NLH No Limit ($2/$4) - 2025/07/11 20:19:24
Table 'MR NLH 2/4' 7-max Seat #2 is the button
Seat 4: e22171c ($185.19 in chips)
Seat 3: 1f2415e8 ($812.59 in chips)
Seat 2: Hero ($352.66 in chips)
1f2415e8: posts small blind $2
e22171c: posts big blind $4
*** HOLE CARDS ***
Dealt to e22171c 
Dealt to 1f2415e8 
Dealt to Hero [Qc Qh]
Hero: raises $8 to $12
1f2415e8: calls $10
e22171c: folds
*** FLOP *** [2s Td 6h]
1f2415e8: checks
Hero: bets $14
1f2415e8: folds
Uncalled bet ($14) returned to Hero
*** SHOWDOWN ***
Hero collected $28 from pot
*** SUMMARY ***
Total pot $28
Board [2s Td 6h]
Seat 4: e22171c(big blind) folded before Flop
Seat 3: 1f2415e8(small blind) folded on the Flop
Seat 2: Herowon ($28) with Pair of Queens



Poker Hand #ring_985655431: NLH No Limit ($2/$4) - 2025/07/11 20:19:11
Table 'MR NLH 2/4' 7-max Seat #4 is the button
Seat 4: e22171c ($179.19 in chips)
Seat 3: 1f2415e8 ($816.59 in chips)
Seat 2: Hero ($354.66 in chips)
Hero: posts small blind $2
1f2415e8: posts big blind $4
*** HOLE CARDS ***
Dealt to e22171c 
Dealt to 1f2415e8 
Dealt to Hero [Js 6c]
e22171c: raises $8 to $12
Hero: folds
1f2415e8: folds
Uncalled bet ($8) returned to e22171c
*** SHOWDOWN ***
e22171c collected $10 from pot
*** SUMMARY ***
Total pot $10
Seat 4: e22171cwon ($10)
Seat 3: 1f2415e8(big blind) folded before Flop
Seat 2: Hero(small blind) folded before Flop



Poker Hand #ring_985654987: NLH No Limit ($2/$4) - 2025/07/11 20:18:54
Table 'MR NLH 2/4' 7-max Seat #3 is the button
Seat 4: e22171c ($168.27 in chips)
Seat 3: 1f2415e8 ($816.59 in chips)
Seat 2: Hero ($366.66 in chips)
e22171c: posts small blind $2
Hero: posts big blind $4
*** HOLE CARDS ***
Dealt to e22171c 
Dealt to 1f2415e8 
Dealt to Hero [8c 9d]
1f2415e8: folds
e22171c: raises $8 to $12
Hero: calls $8
*** FLOP *** [Ac Kh Tc]
e22171c: bets $12
Hero: folds
Uncalled bet ($12) returned to e22171c
*** SHOWDOWN ***
e22171c collected $24 from pot
*** SUMMARY ***
Total pot $24
Board [Ac Kh Tc]
Seat 4: e22171c(small blind)won ($24) with Pair of Sevens
Seat 3: 1f2415e8 folded before Flop (didn't bet)
Seat 2: Hero(big blind) folded on the Flop



Poker Hand #ring_985654691: NLH No Limit ($2/$4) - 2025/07/11 20:18:43
Table 'MR NLH 2/4' 7-max Seat #2 is the button
Seat 4: e22171c ($166.27 in chips)
Seat 3: 1f2415e8 ($818.59 in chips)
Seat 2: Hero ($366.66 in chips)
1f2415e8: posts small blind $2
e22171c: posts big blind $4
*** HOLE CARDS ***
Dealt to e22171c 
Dealt to 1f2415e8 
Dealt to Hero [7h 4h]
Hero: folds
1f2415e8: folds
*** SHOWDOWN ***
e22171c collected $6 from pot
*** SUMMARY ***
Total pot $6
Seat 4: e22171c(big blind)won ($6)
Seat 3: 1f2415e8(small blind) folded before Flop
Seat 2: Hero folded before Flop (didn't bet)



Poker Hand #ring_985653736: NLH No Limit ($2/$4) - 2025/07/11 20:18:06
Table 'MR NLH 2/4' 7-max Seat #4 is the button
Seat 4: e22171c ($178.27 in chips)
Seat 3: 1f2415e8 ($770 in chips)
Seat 2: Hero ($407.46 in chips)
Hero: posts small blind $2
1f2415e8: posts big blind $4
*** HOLE CARDS ***
Dealt to e22171c 
Dealt to 1f2415e8 
Dealt to Hero [Jd Kh]
e22171c: raises $8 to $12
Hero: calls $10
1f2415e8: calls $8
*** FLOP *** [2h 5s 8s]
Hero: checks
1f2415e8: checks
e22171c: checks
*** TURN *** [2h 5s 8s] [Th]
Hero: checks
1f2415e8: checks
e22171c: checks
*** RIVER *** [2h 5s 8s Th] [Ts]
Hero: bets $28.8
1f2415e8: calls $28.8
e22171c: folds
Hero: shows [Jd Kh]
1f2415e8: shows [8c Ks]
*** SHOWDOWN ***
1f2415e8 collected $93.6 from pot
*** SUMMARY ***
Total pot $93.6
Board [2h 5s 8s Th Ts]
Seat 4: e22171c folded on the River
Seat 3: 1f2415e8(big blind) showed [8c Ks] and won ($93.6) with Pair of Tens and Pair of Eights
Seat 2: Hero(small blind) showed [Jd Kh] and lost with Pair of Tens



Poker Hand #ring_985652656: NLH No Limit ($2/$4) - 2025/07/11 20:17:24
Table 'MR NLH 2/4' 7-max Seat #3 is the button
Seat 4: e22171c ($139.51 in chips)
Seat 3: 1f2415e8 ($800 in chips)
Seat 2: Hero ($419.46 in chips)
e22171c: posts small blind $2
Hero: posts big blind $4
*** HOLE CARDS ***
Dealt to e22171c 
Dealt to 1f2415e8 
Dealt to Hero [Kh Jc]
1f2415e8: raises $8 to $12
e22171c: calls $10
Hero: calls $8
*** FLOP *** [8s Qs 4c]
e22171c: checks
Hero: checks
1f2415e8: bets $18
e22171c: calls $18
Hero: folds
*** TURN *** [8s Qs 4c] [5c]
e22171c: checks
1f2415e8: checks
*** RIVER *** [8s Qs 4c 5c] [7s]
e22171c: bets $54
1f2415e8: folds
Uncalled bet ($54) returned to e22171c
*** SHOWDOWN ***
e22171c collected $72 from pot
*** SUMMARY ***
Total pot $72
Board [8s Qs 4c 5c 7s]
Seat 4: e22171c(small blind)won ($72) with Queen-High
Seat 3: 1f2415e8 folded on the River
Seat 2: Hero(big blind) folded on the Flop



Poker Hand #ring_985652116: NLH No Limit ($2/$4) - 2025/07/11 20:17:03
Table 'MR NLH 2/4' 7-max Seat #2 is the button
Seat 4: e22171c ($151.51 in chips)
Seat 3: 1f2415e8 ($447.37 in chips)
Seat 2: Hero ($406.63 in chips)
1f2415e8: posts small blind $2
e22171c: posts big blind $4
*** HOLE CARDS ***
Dealt to e22171c 
Dealt to 1f2415e8 
Dealt to Hero [Ks Jh]
Hero: raises $8 to $12
1f2415e8: folds
e22171c: calls $8
*** FLOP *** [Ts 2c 5d]
e22171c: checks
Hero: bets $13
e22171c: folds
Uncalled bet ($13) returned to Hero
*** SHOWDOWN ***
Hero collected $26 from pot
*** SUMMARY ***
Total pot $26
Board [Ts 2c 5d]
Seat 4: e22171c(big blind) folded on the Flop
Seat 3: 1f2415e8(small blind) folded before Flop
Seat 2: Herowon ($26) with King-High



Poker Hand #ring_985650847: NLH No Limit ($2/$4) - 2025/07/11 20:16:15
Table 'MR NLH 2/4' 7-max Seat #4 is the button
Seat 4: e22171c ($151.51 in chips)
Seat 3: 1f2415e8 ($344.65 in chips)
Seat 2: Hero ($241.66 in chips)
Hero: posts small blind $2
1f2415e8: posts big blind $4
*** HOLE CARDS ***
Dealt to e22171c 
Dealt to 1f2415e8 
Dealt to Hero [7s As]
e22171c: folds
Hero: raises $6 to $10
1f2415e8: raises $32 to $42
Hero: calls $32
*** FLOP *** [7c 9s 7d]
Hero: checks
1f2415e8: bets $27.72
Hero: calls $27.72
*** TURN *** [7c 9s 7d] [Qc]
Hero: checks
1f2415e8: checks
*** RIVER *** [7c 9s 7d Qc] [8h]
Hero: bets $111.56
1f2415e8: calls $111.56
Hero: shows [7s As]
1f2415e8: shows [Kc Qh]
*** SHOWDOWN ***
Hero collected $362.56 from pot
*** SUMMARY ***
Total pot $362.56
Board [7c 9s 7d Qc 8h]
Seat 4: e22171c folded before Flop (didn't bet)
Seat 3: 1f2415e8(big blind) showed [Kc Qh] and lost with Pair of Queens and Pair of Sevens
Seat 2: Hero(small blind) showed [7s As] and won ($362.56) with Three Sevens



Poker Hand #ring_985650045: NLH No Limit ($2/$4) - 2025/07/11 20:15:46
Table 'MR NLH 2/4' 7-max Seat #3 is the button
Seat 4: e22171c ($151.69 in chips)
Seat 3: 1f2415e8 ($344.65 in chips)
Seat 2: Hero ($241.84 in chips)
e22171c: posts small blind $2
Hero: posts big blind $4
*** HOLE CARDS ***
Dealt to e22171c 
Dealt to 1f2415e8 
Dealt to Hero [Qs 7c]
1f2415e8: folds
e22171c: calls $2
Hero: checks
*** FLOP *** [Tc 6h 9c]
e22171c: checks
Hero: checks
*** TURN *** [Tc 6h 9c] [Th]
e22171c: checks
Hero: checks
*** RIVER *** [Tc 6h 9c Th] [6s]
e22171c: checks
Hero: checks
Hero: shows [Qs 7c]
e22171c: shows [7s Qc]
*** SHOWDOWN ***
Hero collected $4 from pot
e22171c collected $4 from pot
*** SUMMARY ***
Total pot $8
Board [Tc 6h 9c Th 6s]
Seat 4: e22171c(small blind) showed [7s Qc] and won ($4) with Pair of Tens and Pair of Sixes
Seat 3: 1f2415e8 folded before Flop (didn't bet)
Seat 2: Hero(big blind) showed [Qs 7c] and won ($4) with Pair of Tens and Pair of Sixes



Poker Hand #ring_985649607: NLH No Limit ($2/$4) - 2025/07/11 20:15:28
Table 'MR NLH 2/4' 7-max Seat #2 is the button
Seat 4: e22171c ($155.69 in chips)
Seat 3: 1f2415e8 ($340.65 in chips)
Seat 2: Hero ($241.84 in chips)
1f2415e8: posts small blind $2
e22171c: posts big blind $4
*** HOLE CARDS ***
Dealt to e22171c 
Dealt to 1f2415e8 
Dealt to Hero [2s 9d]
Hero: folds
1f2415e8: raises $8 to $12
e22171c: folds
Uncalled bet ($8) returned to 1f2415e8
*** SHOWDOWN ***
1f2415e8 collected $8 from pot
*** SUMMARY ***
Total pot $8
Seat 4: e22171c(big blind) folded before Flop
Seat 3: 1f2415e8(small blind)won ($8)
Seat 2: Hero folded before Flop (didn't bet)



Poker Hand #ring_985648916: NLH No Limit ($2/$4) - 2025/07/11 20:15:03
Table 'MR NLH 2/4' 7-max Seat #4 is the button
Seat 4: e22171c ($167.69 in chips)
Seat 3: 1f2415e8 ($344.65 in chips)
Seat 2: Hero ($225.84 in chips)
Hero: posts small blind $2
1f2415e8: posts big blind $4
*** HOLE CARDS ***
Dealt to e22171c 
Dealt to 1f2415e8 
Dealt to Hero [7s 7d]
e22171c: raises $8 to $12
Hero: raises $22.84 to $34.84
1f2415e8: folds
e22171c: folds
Uncalled bet ($22.84) returned to Hero
*** SHOWDOWN ***
Hero collected $28 from pot
*** SUMMARY ***
Total pot $28
Seat 4: e22171c folded before Flop
Seat 3: 1f2415e8(big blind) folded before Flop
Seat 2: Hero(small blind)won ($28)



Poker Hand #ring_985648477: NLH No Limit ($2/$4) - 2025/07/11 20:14:46
Table 'MR NLH 2/4' 7-max Seat #3 is the button
Seat 4: e22171c ($169.69 in chips)
Seat 3: 1f2415e8 ($338.65 in chips)
Seat 2: Hero ($229.84 in chips)
e22171c: posts small blind $2
Hero: posts big blind $4
*** HOLE CARDS ***
Dealt to e22171c 
Dealt to 1f2415e8 
Dealt to Hero [8h 3d]
1f2415e8: raises $8 to $12
e22171c: folds
Hero: folds
Uncalled bet ($8) returned to 1f2415e8
*** SHOWDOWN ***
1f2415e8 collected $10 from pot
*** SUMMARY ***
Total pot $10
Seat 4: e22171c(small blind) folded before Flop
Seat 3: 1f2415e8won ($10)
Seat 2: Hero(big blind) folded before Flop



Poker Hand #ring_985647457: NLH No Limit ($2/$4) - 2025/07/11 20:14:07
Table 'MR NLH 2/4' 7-max Seat #2 is the button
Seat 4: e22171c ($179.69 in chips)
Seat 3: 1f2415e8 ($320 in chips)
Seat 2: Hero ($239.84 in chips)
1f2415e8: posts small blind $2
e22171c: posts big blind $4
*** HOLE CARDS ***
Dealt to e22171c 
Dealt to 1f2415e8 
Dealt to Hero [3h 2h]
Hero: raises $6 to $10
1f2415e8: calls $8
e22171c: calls $6
*** FLOP *** [9c 4h Tc]
1f2415e8: checks
e22171c: checks
Hero: checks
*** TURN *** [9c 4h Tc] [4s]
1f2415e8: bets $15
e22171c: folds
Hero: folds
Uncalled bet ($15) returned to 1f2415e8
*** SHOWDOWN ***
1f2415e8 collected $30 from pot
*** SUMMARY ***
Total pot $30
Board [9c 4h Tc 4s]
Seat 4: e22171c(big blind) folded on the Turn
Seat 3: 1f2415e8(small blind)won ($30) with Pair of Fours
Seat 2: Hero folded on the Turn



Poker Hand #ring_985647094: NLH No Limit ($2/$4) - 2025/07/11 20:13:54
Table 'MR NLH 2/4' 7-max Seat #4 is the button
Seat 4: e22171c ($173.69 in chips)
Seat 3: 1f2415e8 ($324 in chips)
Seat 2: Hero ($241.84 in chips)
Hero: posts small blind $2
1f2415e8: posts big blind $4
*** HOLE CARDS ***
Dealt to e22171c 
Dealt to 1f2415e8 
Dealt to Hero [6d 3s]
e22171c: raises $8 to $12
Hero: folds
1f2415e8: folds
Uncalled bet ($8) returned to e22171c
*** SHOWDOWN ***
e22171c collected $10 from pot
*** SUMMARY ***
Total pot $10
Seat 4: e22171cwon ($10)
Seat 3: 1f2415e8(big blind) folded before Flop
Seat 2: Hero(small blind) folded before Flop



Poker Hand #ring_985646766: NLH No Limit ($2/$4) - 2025/07/11 20:13:41
Table 'MR NLH 2/4' 7-max Seat #3 is the button
Seat 4: e22171c ($175.69 in chips)
Seat 3: 1f2415e8 ($324 in chips)
Seat 2: Hero ($239.84 in chips)
e22171c: posts small blind $2
Hero: posts big blind $4
*** HOLE CARDS ***
Dealt to e22171c 
Dealt to 1f2415e8 
Dealt to Hero [8d 9c]
1f2415e8: folds
e22171c: folds
*** SHOWDOWN ***
Hero collected $6 from pot
*** SUMMARY ***
Total pot $6
Seat 4: e22171c(small blind) folded before Flop
Seat 3: 1f2415e8 folded before Flop (didn't bet)
Seat 2: Hero(big blind)won ($6)



Poker Hand #ring_985646412: NLH No Limit ($2/$4) - 2025/07/11 20:13:27
Table 'MR NLH 2/4' 7-max Seat #2 is the button
Seat 4: e22171c ($173.69 in chips)
Seat 3: 1f2415e8 ($326 in chips)
Seat 2: Hero ($239.84 in chips)
1f2415e8: posts small blind $2
e22171c: posts big blind $4
*** HOLE CARDS ***
Dealt to e22171c 
Dealt to 1f2415e8 
Dealt to Hero [6s Jc]
Hero: folds
1f2415e8: folds
*** SHOWDOWN ***
e22171c collected $6 from pot
*** SUMMARY ***
Total pot $6
Seat 4: e22171c(big blind)won ($6)
Seat 3: 1f2415e8(small blind) folded before Flop
Seat 2: Hero folded before Flop (didn't bet)



Poker Hand #ring_985645745: NLH No Limit ($2/$4) - 2025/07/11 20:13:02
Table 'MR NLH 2/4' 7-max Seat #4 is the button
Seat 4: e22171c ($173.69 in chips)
Seat 3: 1f2415e8 ($330 in chips)
Seat 2: Hero ($235.84 in chips)
Hero: posts small blind $2
1f2415e8: posts big blind $4
*** HOLE CARDS ***
Dealt to e22171c 
Dealt to 1f2415e8 
Dealt to Hero [9h Td]
e22171c: folds
Hero: raises $6 to $10
1f2415e8: folds
Uncalled bet ($6) returned to Hero
*** SHOWDOWN ***
Hero collected $8 from pot
*** SUMMARY ***
Total pot $8
Seat 4: e22171c folded before Flop (didn't bet)
Seat 3: 1f2415e8(big blind) folded before Flop
Seat 2: Hero(small blind)won ($8)



Poker Hand #ring_985645413: NLH No Limit ($2/$4) - 2025/07/11 20:12:50
Table 'MR NLH 2/4' 7-max Seat #3 is the button
Seat 4: e22171c ($175.69 in chips)
Seat 3: 1f2415e8 ($324 in chips)
Seat 2: Hero ($239.84 in chips)
e22171c: posts small blind $2
Hero: posts big blind $4
*** HOLE CARDS ***
Dealt to e22171c 
Dealt to 1f2415e8 
Dealt to Hero [7h 3s]
1f2415e8: raises $8 to $12
e22171c: folds
Hero: folds
Uncalled bet ($8) returned to 1f2415e8
*** SHOWDOWN ***
1f2415e8 collected $10 from pot
*** SUMMARY ***
Total pot $10
Seat 4: e22171c(small blind) folded before Flop
Seat 3: 1f2415e8won ($10)
Seat 2: Hero(big blind) folded before Flop



Poker Hand #ring_985644842: NLH No Limit ($2/$4) - 2025/07/11 20:12:29
Table 'MR NLH 2/4' 7-max Seat #2 is the button
Seat 4: e22171c ($179.69 in chips)
Seat 3: 1f2415e8 ($308 in chips)
Seat 2: Hero ($251.84 in chips)
1f2415e8: posts small blind $2
e22171c: posts big blind $4
*** HOLE CARDS ***
Dealt to e22171c 
Dealt to 1f2415e8 
Dealt to Hero [7d Td]
Hero: raises $8 to $12
1f2415e8: raises $36 to $48
e22171c: folds
Hero: folds
Uncalled bet ($36) returned to 1f2415e8
*** SHOWDOWN ***
1f2415e8 collected $28 from pot
*** SUMMARY ***
Total pot $28
Seat 4: e22171c(big blind) folded before Flop
Seat 3: 1f2415e8(small blind)won ($28)
Seat 2: Hero folded before Flop



Poker Hand #ring_985644444: NLH No Limit ($2/$4) - 2025/07/11 20:12:14
Table 'MR NLH 2/4' 7-max Seat #4 is the button
Seat 4: e22171c ($179.69 in chips)
Seat 3: 1f2415e8 ($312 in chips)
Seat 2: Hero ($247.84 in chips)
Hero: posts small blind $2
1f2415e8: posts big blind $4
*** HOLE CARDS ***
Dealt to e22171c 
Dealt to 1f2415e8 
Dealt to Hero [Jc 9h]
e22171c: folds
Hero: raises $6 to $10
1f2415e8: folds
Uncalled bet ($6) returned to Hero
*** SHOWDOWN ***
Hero collected $8 from pot
*** SUMMARY ***
Total pot $8
Seat 4: e22171c folded before Flop (didn't bet)
Seat 3: 1f2415e8(big blind) folded before Flop
Seat 2: Hero(small blind)won ($8)



Poker Hand #ring_985643725: NLH No Limit ($2/$4) - 2025/07/11 20:11:47
Table 'MR NLH 2/4' 7-max Seat #4 is the button
Seat 4: e22171c ($191.69 in chips)
Seat 2: Hero ($236.38 in chips)
e22171c: posts small blind $2
Hero: posts big blind $4
*** HOLE CARDS ***
Dealt to e22171c 
Dealt to Hero [7d Qh]
e22171c: raises $8 to $12
Hero: calls $8
*** FLOP *** [Td 2c 5s]
Hero: checks
e22171c: checks
*** TURN *** [Td 2c 5s] [5h]
Hero: bets $12
e22171c: folds
Uncalled bet ($12) returned to Hero
*** SHOWDOWN ***
Hero collected $24 from pot
*** SUMMARY ***
Total pot $24
Board [Td 2c 5s 5h]
Seat 4: e22171c(small blind) folded on the Turn
Seat 2: Hero(big blind)won ($24) with Pair of Fives



Poker Hand #ring_985643404: NLH No Limit ($2/$4) - 2025/07/11 20:11:35
Table 'MR NLH 2/4' 7-max Seat #2 is the button
Seat 4: e22171c ($189.69 in chips)
Seat 2: Hero ($238.38 in chips)
Hero: posts small blind $2
e22171c: posts big blind $4
*** HOLE CARDS ***
Dealt to e22171c 
Dealt to Hero [5s 2c]
Hero: folds
*** SHOWDOWN ***
e22171c collected $6 from pot
*** SUMMARY ***
Total pot $6
Seat 4: e22171c(big blind)won ($6)
Seat 2: Hero(small blind) folded before Flop



Poker Hand #ring_985642553: NLH No Limit ($2/$4) - 2025/07/11 20:11:04
Table 'MR NLH 2/4' 7-max Seat #4 is the button
Seat 4: e22171c ($203.69 in chips)
Seat 2: Hero ($225.01 in chips)
e22171c: posts small blind $2
Hero: posts big blind $4
*** HOLE CARDS ***
Dealt to e22171c 
Dealt to Hero [As Jh]
e22171c: calls $2
Hero: raises $10 to $14
e22171c: calls $10
*** FLOP *** [Qd 4s 6h]
Hero: checks
e22171c: checks
*** TURN *** [Qd 4s 6h] [Ac]
Hero: checks
e22171c: checks
*** RIVER *** [Qd 4s 6h Ac] [6s]
Hero: bets $14
e22171c: folds
Uncalled bet ($14) returned to Hero
*** SHOWDOWN ***
Hero collected $28 from pot
*** SUMMARY ***
Total pot $28
Board [Qd 4s 6h Ac 6s]
Seat 4: e22171c(small blind) folded on the River
Seat 2: Hero(big blind)won ($28) with Pair of Aces and Pair of Sixes



Poker Hand #ring_985641475: NLH No Limit ($2/$4) - 2025/07/11 20:10:22
Table 'MR NLH 2/4' 7-max Seat #7 is the button
Seat 4: e22171c ($189.13 in chips)
Seat 7: 2abc5b83 ($637.15 in chips)
Seat 2: Hero ($241.01 in chips)
Hero: posts small blind $2
e22171c: posts big blind $4
*** HOLE CARDS ***
Dealt to e22171c 
Dealt to 2abc5b83 
Dealt to Hero [Kd 9s]
2abc5b83: folds
Hero: raises $6 to $10
e22171c: calls $6
*** FLOP *** [3s As 4s]
Hero: bets $6
e22171c: calls $6
*** TURN *** [3s As 4s] [Jc]
Hero: checks
e22171c: checks
*** RIVER *** [3s As 4s Jc] [6s]
Hero: checks
e22171c: bets $48
Hero: folds
Uncalled bet ($48) returned to e22171c
*** SHOWDOWN ***
e22171c collected $32 from pot
*** SUMMARY ***
Total pot $32
Board [3s As 4s Jc 6s]
Seat 4: e22171c(big blind)won ($32) with Six-High Straight Flush
Seat 7: 2abc5b83 folded before Flop (didn't bet)
Seat 2: Hero(small blind) folded on the River



Poker Hand #ring_985641030: NLH No Limit ($2/$4) - 2025/07/11 20:10:06
Table 'MR NLH 2/4' 7-max Seat #4 is the button
Seat 4: e22171c ($189.13 in chips)
Seat 7: 2abc5b83 ($639.15 in chips)
Seat 2: Hero ($239.01 in chips)
2abc5b83: posts small blind $2
Hero: posts big blind $4
*** HOLE CARDS ***
Dealt to e22171c 
Dealt to 2abc5b83 
Dealt to Hero [Qc Kc]
e22171c: folds
2abc5b83: folds
*** SHOWDOWN ***
Hero collected $6 from pot
*** SUMMARY ***
Total pot $6
Seat 4: e22171c folded before Flop (didn't bet)
Seat 7: 2abc5b83(small blind) folded before Flop
Seat 2: Hero(big blind)won ($6)



Poker Hand #ring_985640614: NLH No Limit ($2/$4) - 2025/07/11 20:09:50
Table 'MR NLH 2/4' 7-max Seat #2 is the button
Seat 4: e22171c ($191.13 in chips)
Seat 7: 2abc5b83 ($625.15 in chips)
Seat 2: Hero ($251.01 in chips)
e22171c: posts small blind $2
2abc5b83: posts big blind $4
*** HOLE CARDS ***
Dealt to e22171c 
Dealt to 2abc5b83 
Dealt to Hero [Ks 8h]
Hero: raises $8 to $12
e22171c: folds
2abc5b83: raises $26 to $38
Hero: folds
Uncalled bet ($26) returned to 2abc5b83
*** SHOWDOWN ***
2abc5b83 collected $26 from pot
*** SUMMARY ***
Total pot $26
Seat 4: e22171c(small blind) folded before Flop
Seat 7: 2abc5b83(big blind)won ($26)
Seat 2: Hero folded before Flop



Poker Hand #ring_985639386: NLH No Limit ($2/$4) - 2025/07/11 20:09:03
Table 'MR NLH 2/4' 7-max Seat #7 is the button
Seat 4: e22171c ($199.14 in chips)
Seat 7: 2abc5b83 ($633.15 in chips)
Seat 2: Hero ($253.01 in chips)
Hero: posts small blind $2
e22171c: posts big blind $4
*** HOLE CARDS ***
Dealt to e22171c 
Dealt to 2abc5b83 
Dealt to Hero [Th 5c]
2abc5b83: raises $8 to $12
Hero: folds
e22171c: raises $26 to $38
2abc5b83: calls $26
*** FIRST FLOP *** [7d 9s Ks]
e22171c: bets $39
2abc5b83: raises $156 to $195
e22171c: calls $122.14 and is all-in
Uncalled bet ($33.86) returned to 2abc5b83
e22171c: shows [Qc As] (Ace-High)
2abc5b83: shows [Tc 8c] (King-High)
*** FIRST TURN *** [7d 9s Ks] [Ah]
*** SECOND TURN *** [7d 9s Ks] [7s]
*** FIRST RIVER *** [7d 9s Ks Ah] [6s]
*** SECOND RIVER *** [7d 9s Ks 7s] [Ts]
*** FIRST SHOWDOWN ***
2abc5b83 collected $200.15 from pot
*** SECOND SHOWDOWN ***
e22171c collected $200.13 from pot
*** SUMMARY ***
Total pot $400.28
Hand was run two timesFIRST Board [7d 9s Ks Ah 6s]
SECOND Board [7s Ts]
Seat 4: e22171c(big blind) showed [Qc As] and won ($200.13) with Pair of Aces / Ace High Flush
Seat 7: 2abc5b83 showed [Tc 8c] and won ($200.15) with Tens-High Straight / Pair of Tens and Pair of Sevens
Seat 2: Hero(small blind) folded before Flop



Poker Hand #ring_985638978: NLH No Limit ($2/$4) - 2025/07/11 20:08:48
Table 'MR NLH 2/4' 7-max Seat #4 is the button
Seat 4: e22171c ($193.14 in chips)
Seat 7: 2abc5b83 ($635.15 in chips)
Seat 2: Hero ($257.01 in chips)
2abc5b83: posts small blind $2
Hero: posts big blind $4
*** HOLE CARDS ***
Dealt to e22171c 
Dealt to 2abc5b83 
Dealt to Hero [2d 3h]
e22171c: raises $8 to $12
2abc5b83: folds
Hero: folds
Uncalled bet ($8) returned to e22171c
*** SHOWDOWN ***
e22171c collected $10 from pot
*** SUMMARY ***
Total pot $10
Seat 4: e22171cwon ($10)
Seat 7: 2abc5b83(small blind) folded before Flop
Seat 2: Hero(big blind) folded before Flop



Poker Hand #ring_985637870: NLH No Limit ($2/$4) - 2025/07/11 20:08:05
Table 'MR NLH 2/4' 7-max Seat #2 is the button
Seat 4: e22171c ($195.14 in chips)
Seat 7: 2abc5b83 ($678.15 in chips)
Seat 2: Hero ($215.97 in chips)
e22171c: posts small blind $2
2abc5b83: posts big blind $4
*** HOLE CARDS ***
Dealt to e22171c 
Dealt to 2abc5b83 
Dealt to Hero [3d 5d]
Hero: raises $6 to $10
e22171c: folds
2abc5b83: calls $6
*** FLOP *** [Ac 6d 4s]
2abc5b83: checks
Hero: bets $11
2abc5b83: raises $22 to $33
Hero: calls $22
*** TURN *** [Ac 6d 4s] [9h]
2abc5b83: checks
Hero: bets $70.4
2abc5b83: folds
Uncalled bet ($70.4) returned to Hero
*** SHOWDOWN ***
Hero collected $88 from pot
*** SUMMARY ***
Total pot $88
Board [Ac 6d 4s 9h]
Seat 4: e22171c(small blind) folded before Flop
Seat 7: 2abc5b83(big blind) folded on the Turn
Seat 2: Herowon ($88) with Ace-High



Poker Hand #ring_985637443: NLH No Limit ($2/$4) - 2025/07/11 20:07:49
Table 'MR NLH 2/4' 7-max Seat #7 is the button
Seat 4: e22171c ($199.14 in chips)
Seat 7: 2abc5b83 ($672.15 in chips)
Seat 2: Hero ($217.97 in chips)
Hero: posts small blind $2
e22171c: posts big blind $4
*** HOLE CARDS ***
Dealt to e22171c 
Dealt to 2abc5b83 
Dealt to Hero [8h Tc]
2abc5b83: raises $8 to $12
Hero: folds
e22171c: folds
Uncalled bet ($8) returned to 2abc5b83
*** SHOWDOWN ***
2abc5b83 collected $10 from pot
*** SUMMARY ***
Total pot $10
Seat 4: e22171c(big blind) folded before Flop
Seat 7: 2abc5b83won ($10)
Seat 2: Hero(small blind) folded before Flop



Poker Hand #ring_985637151: NLH No Limit ($2/$4) - 2025/07/11 20:07:38
Table 'MR NLH 2/4' 7-max Seat #4 is the button
Seat 4: e22171c ($199.14 in chips)
Seat 7: 2abc5b83 ($674.15 in chips)
Seat 2: Hero ($215.97 in chips)
2abc5b83: posts small blind $2
Hero: posts big blind $4
*** HOLE CARDS ***
Dealt to e22171c 
Dealt to 2abc5b83 
Dealt to Hero [Ad 4s]
e22171c: folds
2abc5b83: folds
*** SHOWDOWN ***
Hero collected $6 from pot
*** SUMMARY ***
Total pot $6
Seat 4: e22171c folded before Flop (didn't bet)
Seat 7: 2abc5b83(small blind) folded before Flop
Seat 2: Hero(big blind)won ($6)



Poker Hand #ring_985636568: NLH No Limit ($2/$4) - 2025/07/11 20:07:16
Table 'MR NLH 2/4' 7-max Seat #2 is the button
Seat 4: e22171c ($211.14 in chips)
Seat 7: 2abc5b83 ($663.23 in chips)
Seat 2: Hero ($215.97 in chips)
e22171c: posts small blind $2
2abc5b83: posts big blind $4
*** HOLE CARDS ***
Dealt to e22171c 
Dealt to 2abc5b83 
Dealt to Hero [4d 3h]
Hero: folds
e22171c: calls $2
2abc5b83: raises $8 to $12
e22171c: calls $8
*** FLOP *** [Kd 7s Tc]
e22171c: checks
2abc5b83: bets $18
e22171c: folds
Uncalled bet ($18) returned to 2abc5b83
*** SHOWDOWN ***
2abc5b83 collected $24 from pot
*** SUMMARY ***
Total pot $24
Board [Kd 7s Tc]
Seat 4: e22171c(small blind) folded on the Flop
Seat 7: 2abc5b83(big blind)won ($24) with Ace-High
Seat 2: Hero folded before Flop (didn't bet)



Poker Hand #ring_985635285: NLH No Limit ($2/$4) - 2025/07/11 20:06:26
Table 'MR NLH 2/4' 7-max Seat #7 is the button
Seat 4: e22171c ($190.5 in chips)
Seat 7: 2abc5b83 ($683.81 in chips)
Seat 2: Hero ($217.97 in chips)
Hero: posts small blind $2
e22171c: posts big blind $4
*** HOLE CARDS ***
Dealt to e22171c 
Dealt to 2abc5b83 
Dealt to Hero [Ks 8h]
2abc5b83: raises $8 to $12
Hero: folds
e22171c: calls $8
*** FLOP *** [Ac 3c 9d]
e22171c: checks
2abc5b83: bets $8.58
e22171c: raises $32.37 to $40.95
2abc5b83: folds
Uncalled bet ($32.37) returned to e22171c
*** SHOWDOWN ***
e22171c collected $43.16 from pot
*** SUMMARY ***
Total pot $43.16
Board [Ac 3c 9d]
Seat 4: e22171c(big blind)won ($43.16) with Pair of Aces and Pair of Treys
Seat 7: 2abc5b83 folded on the Flop
Seat 2: Hero(small blind) folded before Flop



Poker Hand #ring_985634811: NLH No Limit ($2/$4) - 2025/07/11 20:06:08
Table 'MR NLH 2/4' 7-max Seat #4 is the button
Seat 4: e22171c ($190.5 in chips)
Seat 7: 2abc5b83 ($685.81 in chips)
Seat 2: Hero ($215.97 in chips)
2abc5b83: posts small blind $2
Hero: posts big blind $4
*** HOLE CARDS ***
Dealt to e22171c 
Dealt to 2abc5b83 
Dealt to Hero [5d Ks]
e22171c: folds
2abc5b83: folds
*** SHOWDOWN ***
Hero collected $6 from pot
*** SUMMARY ***
Total pot $6
Seat 4: e22171c folded before Flop (didn't bet)
Seat 7: 2abc5b83(small blind) folded before Flop
Seat 2: Hero(big blind)won ($6)



Poker Hand #ring_985633945: NLH No Limit ($2/$4) - 2025/07/11 20:05:34
Table 'MR NLH 2/4' 7-max Seat #2 is the button
Seat 4: e22171c ($192.5 in chips)
Seat 7: 2abc5b83 ($653.39 in chips)
Seat 2: Hero ($249.49 in chips)
e22171c: posts small blind $2
2abc5b83: posts big blind $4
*** HOLE CARDS ***
Dealt to e22171c 
Dealt to 2abc5b83 
Dealt to Hero [8c 7s]
Hero: raises $8 to $12
e22171c: folds
2abc5b83: calls $8
*** FLOP *** [Tc 8h Ad]
2abc5b83: checks
Hero: bets $7.8
2abc5b83: calls $7.8
*** TURN *** [Tc 8h Ad] [2d]
2abc5b83: bets $13.72
Hero: calls $13.72
*** RIVER *** [Tc 8h Ad 2d] [Td]
2abc5b83: checks
Hero: checks
Hero: shows [8c 7s]
2abc5b83: shows [3h Ah]
*** SHOWDOWN ***
2abc5b83 collected $69.04 from pot
*** SUMMARY ***
Total pot $69.04
Board [Tc 8h Ad 2d Td]
Seat 4: e22171c(small blind) folded before Flop
Seat 7: 2abc5b83(big blind) showed [3h Ah] and won ($69.04) with Pair of Aces and Pair of Tens
Seat 2: Hero showed [8c 7s] and lost with Pair of Tens and Pair of Eights



Poker Hand #ring_985633550: NLH No Limit ($2/$4) - 2025/07/11 20:05:19
Table 'MR NLH 2/4' 7-max Seat #7 is the button
Seat 4: e22171c ($196.5 in chips)
Seat 7: 2abc5b83 ($647.39 in chips)
Seat 2: Hero ($251.49 in chips)
Hero: posts small blind $2
e22171c: posts big blind $4
*** HOLE CARDS ***
Dealt to e22171c 
Dealt to 2abc5b83 
Dealt to Hero [6c Tc]
2abc5b83: raises $8 to $12
Hero: folds
e22171c: folds
Uncalled bet ($8) returned to 2abc5b83
*** SHOWDOWN ***
2abc5b83 collected $10 from pot
*** SUMMARY ***
Total pot $10
Seat 4: e22171c(big blind) folded before Flop
Seat 7: 2abc5b83won ($10)
Seat 2: Hero(small blind) folded before Flop



Poker Hand #ring_985632805: NLH No Limit ($2/$4) - 2025/07/11 20:04:50
Table 'MR NLH 2/4' 7-max Seat #4 is the button
Seat 4: e22171c ($208.5 in chips)
Seat 7: 2abc5b83 ($649.39 in chips)
Seat 2: Hero ($238.66 in chips)
2abc5b83: posts small blind $2
Hero: posts big blind $4
*** HOLE CARDS ***
Dealt to e22171c 
Dealt to 2abc5b83 
Dealt to Hero [4s Ac]
e22171c: raises $8 to $12
2abc5b83: folds
Hero: calls $8
*** FLOP *** [3h 5s 4c]
Hero: checks
e22171c: checks
*** TURN *** [3h 5s 4c] [3s]
Hero: checks
e22171c: checks
*** RIVER *** [3h 5s 4c 3s] [Qd]
Hero: checks
e22171c: checks
Hero: shows [4s Ac]
e22171c: shows [Ah 7c]
*** SHOWDOWN ***
Hero collected $26 from pot
*** SUMMARY ***
Total pot $26
Board [3h 5s 4c 3s Qd]
Seat 4: e22171c showed [Ah 7c] and lost with Pair of Treys
Seat 7: 2abc5b83(small blind) folded before Flop
Seat 2: Hero(big blind) showed [4s Ac] and won ($26) with Pair of Fours and Pair of Treys



Poker Hand #ring_985632005: NLH No Limit ($2/$4) - 2025/07/11 20:04:20
Table 'MR NLH 2/4' 7-max Seat #2 is the button
Seat 4: e22171c ($220.5 in chips)
Seat 7: 2abc5b83 ($638.47 in chips)
Seat 2: Hero ($238.66 in chips)
e22171c: posts small blind $2
2abc5b83: posts big blind $4
*** HOLE CARDS ***
Dealt to e22171c 
Dealt to 2abc5b83 
Dealt to Hero [2s 8d]
Hero: folds
e22171c: raises $8 to $12
2abc5b83: calls $8
*** FLOP *** [3c 4h 7c]
e22171c: checks
2abc5b83: bets $12
e22171c: folds
Uncalled bet ($12) returned to 2abc5b83
*** SHOWDOWN ***
2abc5b83 collected $24 from pot
*** SUMMARY ***
Total pot $24
Board [3c 4h 7c]
Seat 4: e22171c(small blind) folded on the Flop
Seat 7: 2abc5b83(big blind)won ($24) with Ace-High
Seat 2: Hero folded before Flop (didn't bet)



Poker Hand #ring_985631628: NLH No Limit ($2/$4) - 2025/07/11 20:04:06
Table 'MR NLH 2/4' 7-max Seat #7 is the button
Seat 4: e22171c ($224.5 in chips)
Seat 7: 2abc5b83 ($632.47 in chips)
Seat 2: Hero ($240.66 in chips)
Hero: posts small blind $2
e22171c: posts big blind $4
*** HOLE CARDS ***
Dealt to e22171c 
Dealt to 2abc5b83 
Dealt to Hero [Ks 3h]
2abc5b83: raises $8 to $12
Hero: folds
e22171c: folds
Uncalled bet ($8) returned to 2abc5b83
*** SHOWDOWN ***
2abc5b83 collected $10 from pot
*** SUMMARY ***
Total pot $10
Seat 4: e22171c(big blind) folded before Flop
Seat 7: 2abc5b83won ($10)
Seat 2: Hero(small blind) folded before Flop



Poker Hand #ring_985630978: NLH No Limit ($2/$4) - 2025/07/11 20:03:40
Table 'MR NLH 2/4' 7-max Seat #4 is the button
Seat 4: e22171c ($236.5 in chips)
Seat 7: 2abc5b83 ($616.47 in chips)
Seat 2: Hero ($244.66 in chips)
2abc5b83: posts small blind $2
Hero: posts big blind $4
*** HOLE CARDS ***
Dealt to e22171c 
Dealt to 2abc5b83 
Dealt to Hero [3s 4d]
e22171c: raises $8 to $12
2abc5b83: raises $28 to $40
Hero: folds
e22171c: folds
Uncalled bet ($28) returned to 2abc5b83
*** SHOWDOWN ***
2abc5b83 collected $28 from pot
*** SUMMARY ***
Total pot $28
Seat 4: e22171c folded before Flop
Seat 7: 2abc5b83(small blind)won ($28)
Seat 2: Hero(big blind) folded before Flop



Poker Hand #ring_985630606: NLH No Limit ($2/$4) - 2025/07/11 20:03:26
Table 'MR NLH 2/4' 7-max Seat #2 is the button
Seat 4: e22171c ($238.5 in chips)
Seat 7: 2abc5b83 ($620.47 in chips)
Seat 2: Hero ($238.66 in chips)
e22171c: posts small blind $2
2abc5b83: posts big blind $4
*** HOLE CARDS ***
Dealt to e22171c 
Dealt to 2abc5b83 
Dealt to Hero [Jc Qs]
Hero: raises $8 to $12
e22171c: folds
2abc5b83: folds
Uncalled bet ($8) returned to Hero
*** SHOWDOWN ***
Hero collected $10 from pot
*** SUMMARY ***
Total pot $10
Seat 4: e22171c(small blind) folded before Flop
Seat 7: 2abc5b83(big blind) folded before Flop
Seat 2: Herowon ($10)



Poker Hand #ring_985630228: NLH No Limit ($2/$4) - 2025/07/11 20:03:11
Table 'MR NLH 2/4' 7-max Seat #7 is the button
Seat 4: e22171c ($242.5 in chips)
Seat 7: 2abc5b83 ($614.47 in chips)
Seat 2: Hero ($240.66 in chips)
Hero: posts small blind $2
e22171c: posts big blind $4
*** HOLE CARDS ***
Dealt to e22171c 
Dealt to 2abc5b83 
Dealt to Hero [3c Js]
2abc5b83: raises $8 to $12
Hero: folds
e22171c: folds
Uncalled bet ($8) returned to 2abc5b83
*** SHOWDOWN ***
2abc5b83 collected $10 from pot
*** SUMMARY ***
Total pot $10
Seat 4: e22171c(big blind) folded before Flop
Seat 7: 2abc5b83won ($10)
Seat 2: Hero(small blind) folded before Flop



Poker Hand #ring_985629925: NLH No Limit ($2/$4) - 2025/07/11 20:02:59
Table 'MR NLH 2/4' 7-max Seat #4 is the button
Seat 4: e22171c ($242.5 in chips)
Seat 7: 2abc5b83 ($616.47 in chips)
Seat 2: Hero ($238.66 in chips)
2abc5b83: posts small blind $2
Hero: posts big blind $4
*** HOLE CARDS ***
Dealt to e22171c 
Dealt to 2abc5b83 
Dealt to Hero [8c 4d]
e22171c: folds
2abc5b83: folds
*** SHOWDOWN ***
Hero collected $6 from pot
*** SUMMARY ***
Total pot $6
Seat 4: e22171c folded before Flop (didn't bet)
Seat 7: 2abc5b83(small blind) folded before Flop
Seat 2: Hero(big blind)won ($6)



Poker Hand #ring_985629658: NLH No Limit ($2/$4) - 2025/07/11 20:02:48
Table 'MR NLH 2/4' 7-max Seat #2 is the button
Seat 4: e22171c ($244.5 in chips)
Seat 7: 2abc5b83 ($614.47 in chips)
Seat 2: Hero ($238.66 in chips)
e22171c: posts small blind $2
2abc5b83: posts big blind $4
*** HOLE CARDS ***
Dealt to e22171c 
Dealt to 2abc5b83 
Dealt to Hero [3h 2d]
Hero: folds
e22171c: folds
*** SHOWDOWN ***
2abc5b83 collected $6 from pot
*** SUMMARY ***
Total pot $6
Seat 4: e22171c(small blind) folded before Flop
Seat 7: 2abc5b83(big blind)won ($6)
Seat 2: Hero folded before Flop (didn't bet)



Poker Hand #ring_985628508: NLH No Limit ($2/$4) - 2025/07/11 20:02:03
Table 'MR NLH 2/4' 7-max Seat #7 is the button
Seat 4: e22171c ($256.5 in chips)
Seat 7: 2abc5b83 ($653.47 in chips)
Seat 2: Hero ($191.71 in chips)
Hero: posts small blind $2
e22171c: posts big blind $4
*** HOLE CARDS ***
Dealt to e22171c 
Dealt to 2abc5b83 
Dealt to Hero [As 9h]
2abc5b83: raises $8 to $12
Hero: calls $10
e22171c: calls $8
*** FLOP *** [2d 4s 3h]
Hero: checks
e22171c: checks
2abc5b83: checks
*** TURN *** [2d 4s 3h] [Ah]
Hero: checks
e22171c: checks
2abc5b83: bets $27
Hero: calls $27
e22171c: folds
*** RIVER *** [2d 4s 3h Ah] [Qc]
Hero: checks
2abc5b83: checks
Hero: shows [As 9h]
2abc5b83: shows [Jh Kh]
*** SHOWDOWN ***
Hero collected $90 from pot
*** SUMMARY ***
Total pot $90
Board [2d 4s 3h Ah Qc]
Seat 4: e22171c(big blind) folded on the Turn
Seat 7: 2abc5b83 showed [Jh Kh] and lost with Ace-High
Seat 2: Hero(small blind) showed [As 9h] and won ($90) with Pair of Aces



Poker Hand #ring_985628203: NLH No Limit ($2/$4) - 2025/07/11 20:01:52
Table 'MR NLH 2/4' 7-max Seat #4 is the button
Seat 4: e22171c ($256.5 in chips)
Seat 7: 2abc5b83 ($655.47 in chips)
Seat 2: Hero ($189.71 in chips)
2abc5b83: posts small blind $2
Hero: posts big blind $4
*** HOLE CARDS ***
Dealt to e22171c 
Dealt to 2abc5b83 
Dealt to Hero [7c Ah]
e22171c: folds
2abc5b83: folds
*** SHOWDOWN ***
Hero collected $6 from pot
*** SUMMARY ***
Total pot $6
Seat 4: e22171c folded before Flop (didn't bet)
Seat 7: 2abc5b83(small blind) folded before Flop
Seat 2: Hero(big blind)won ($6)



Poker Hand #ring_985627277: NLH No Limit ($2/$4) - 2025/07/11 20:01:15
Table 'MR NLH 2/4' 7-max Seat #2 is the button
Seat 4: e22171c ($258.5 in chips)
Seat 7: 2abc5b83 ($634.45 in chips)
Seat 2: Hero ($210.71 in chips)
e22171c: posts small blind $2
2abc5b83: posts big blind $4
*** HOLE CARDS ***
Dealt to e22171c 
Dealt to 2abc5b83 
Dealt to Hero [3h 2h]
Hero: raises $6 to $10
e22171c: folds
2abc5b83: calls $6
*** FLOP *** [9d 7h 5h]
2abc5b83: checks
Hero: bets $11
2abc5b83: calls $11
*** TURN *** [9d 7h 5h] [6s]
2abc5b83: checks
Hero: checks
*** RIVER *** [9d 7h 5h 6s] [7c]
2abc5b83: bets $22
Hero: folds
Uncalled bet ($22) returned to 2abc5b83
*** SHOWDOWN ***
2abc5b83 collected $44 from pot
*** SUMMARY ***
Total pot $44
Board [9d 7h 5h 6s 7c]
Seat 4: e22171c(small blind) folded before Flop
Seat 7: 2abc5b83(big blind)won ($44) with Pair of Sevens
Seat 2: Hero folded on the River



Poker Hand #ring_985626173: NLH No Limit ($2/$4) - 2025/07/11 20:00:33
Table 'MR NLH 2/4' 7-max Seat #7 is the button
Seat 4: e22171c ($290 in chips)
Seat 7: 2abc5b83 ($603.87 in chips)
Seat 2: Hero ($212.71 in chips)
Hero: posts small blind $2
e22171c: posts big blind $4
*** HOLE CARDS ***
Dealt to e22171c 
Dealt to 2abc5b83 
Dealt to Hero [7h 2h]
2abc5b83: raises $8 to $12
Hero: folds
e22171c: calls $8
*** FLOP *** [3d 6h 3h]
e22171c: checks
2abc5b83: checks
*** TURN *** [3d 6h 3h] [8c]
e22171c: checks
2abc5b83: checks
*** RIVER *** [3d 6h 3h 8c] [6s]
e22171c: checks
2abc5b83: bets $19.5
e22171c: calls $19.5
e22171c: shows [4d Ah]
2abc5b83: shows [9d 8d]
*** SHOWDOWN ***
2abc5b83 collected $65 from pot
*** SUMMARY ***
Total pot $65
Board [3d 6h 3h 8c 6s]
Seat 4: e22171c(big blind) showed [4d Ah] and lost with Pair of Sixes and Pair of Treys
Seat 7: 2abc5b83 showed [9d 8d] and won ($65) with Pair of Eights and Pair of Sixes
Seat 2: Hero(small blind) folded before Flop



Poker Hand #ring_985625891: NLH No Limit ($2/$4) - 2025/07/11 20:00:22
Table 'MR NLH 2/4' 7-max Seat #4 is the button
Seat 4: e22171c ($290 in chips)
Seat 7: 2abc5b83 ($605.87 in chips)
Seat 2: Hero ($210.71 in chips)
2abc5b83: posts small blind $2
Hero: posts big blind $4
*** HOLE CARDS ***
Dealt to e22171c 
Dealt to 2abc5b83 
Dealt to Hero [Qd 6c]
e22171c: folds
2abc5b83: folds
*** SHOWDOWN ***
Hero collected $6 from pot
*** SUMMARY ***
Total pot $6
Seat 4: e22171c folded before Flop (didn't bet)
Seat 7: 2abc5b83(small blind) folded before Flop
Seat 2: Hero(big blind)won ($6)



Poker Hand #ring_985625044: NLH No Limit ($2/$4) - 2025/07/11 19:59:49
Table 'MR NLH 2/4' 7-max Seat #2 is the button
Seat 4: e22171c ($276 in chips)
Seat 7: 2abc5b83 ($609.87 in chips)
Seat 2: Hero ($220.71 in chips)
e22171c: posts small blind $2
2abc5b83: posts big blind $4
*** HOLE CARDS ***
Dealt to e22171c 
Dealt to 2abc5b83 
Dealt to Hero [9d 7c]
Hero: raises $6 to $10
e22171c: raises $18 to $28
2abc5b83: folds
Hero: folds
Uncalled bet ($18) returned to e22171c
*** SHOWDOWN ***
e22171c collected $24 from pot
*** SUMMARY ***
Total pot $24
Seat 4: e22171c(small blind)won ($24)
Seat 7: 2abc5b83(big blind) folded before Flop
Seat 2: Hero folded before Flop



Poker Hand #ring_985623969: NLH No Limit ($2/$4) - 2025/07/11 19:59:07
Table 'MR NLH 2/4' 7-max Seat #7 is the button
Seat 4: e22171c ($288 in chips)
Seat 7: 2abc5b83 ($597.04 in chips)
Seat 2: Hero ($222.71 in chips)
Hero: posts small blind $2
e22171c: posts big blind $4
*** HOLE CARDS ***
Dealt to e22171c 
Dealt to 2abc5b83 
Dealt to Hero [6h 2d]
2abc5b83: raises $8 to $12
Hero: folds
e22171c: calls $8
*** FLOP *** [Jc 6s Qd]
e22171c: checks
2abc5b83: checks
*** TURN *** [Jc 6s Qd] [5s]
e22171c: checks
2abc5b83: bets $13
e22171c: folds
Uncalled bet ($13) returned to 2abc5b83
*** SHOWDOWN ***
2abc5b83 collected $26 from pot
*** SUMMARY ***
Total pot $26
Board [Jc 6s Qd 5s]
Seat 4: e22171c(big blind) folded on the Turn
Seat 7: 2abc5b83won ($26) with Ace-High
Seat 2: Hero(small blind) folded before Flop



Poker Hand #ring_985623135: NLH No Limit ($2/$4) - 2025/07/11 19:58:35
Table 'MR NLH 2/4' 7-max Seat #4 is the button
Seat 4: e22171c ($298 in chips)
Seat 3: 138d25ab ($581.64 in chips)
Seat 7: 2abc5b83 ($599.04 in chips)
Seat 2: Hero ($226.71 in chips)
2abc5b83: posts small blind $2
Hero: posts big blind $4
*** HOLE CARDS ***
Dealt to e22171c 
Dealt to 138d25ab 
Dealt to 2abc5b83 
Dealt to Hero [2h 9s]
138d25ab: raises $6 to $10
e22171c: calls $10
2abc5b83: folds
Hero: folds
*** FLOP *** [3d 5d Ah]
138d25ab: checks
e22171c: checks
*** TURN *** [3d 5d Ah] [6c]
138d25ab: bets $19.5
e22171c: folds
Uncalled bet ($19.5) returned to 138d25ab
*** SHOWDOWN ***
138d25ab collected $26 from pot
*** SUMMARY ***
Total pot $26
Board [3d 5d Ah 6c]
Seat 4: e22171c folded on the Turn
Seat 3: 138d25abwon ($26) with Ace-High
Seat 7: 2abc5b83(small blind) folded before Flop
Seat 2: Hero(big blind) folded before Flop



Poker Hand #ring_985622255: NLH No Limit ($2/$4) - 2025/07/11 19:58:02
Table 'MR NLH 2/4' 7-max Seat #3 is the button
Seat 4: e22171c ($300 in chips)
Seat 3: 138d25ab ($575.64 in chips)
Seat 7: 2abc5b83 ($603.04 in chips)
Seat 2: Hero ($226.71 in chips)
e22171c: posts small blind $2
2abc5b83: posts big blind $4
*** HOLE CARDS ***
Dealt to e22171c 
Dealt to 138d25ab 
Dealt to 2abc5b83 
Dealt to Hero [Tc Qs]
Hero: folds
138d25ab: raises $6 to $10
e22171c: folds
2abc5b83: folds
Uncalled bet ($6) returned to 138d25ab
*** SHOWDOWN ***
138d25ab collected $10 from pot
*** SUMMARY ***
Total pot $10
Seat 4: e22171c(small blind) folded before Flop
Seat 3: 138d25abwon ($10)
Seat 7: 2abc5b83(big blind) folded before Flop
Seat 2: Hero folded before Flop (didn't bet)



Poker Hand #ring_985621151: NLH No Limit ($2/$4) - 2025/07/11 19:57:19
Table 'MR NLH 2/4' 7-max Seat #2 is the button
Seat 4: e22171c ($312 in chips)
Seat 3: 138d25ab ($577.64 in chips)
Seat 7: 2abc5b83 ($627.58 in chips)
Seat 2: Hero ($192 in chips)
138d25ab: posts small blind $2
e22171c: posts big blind $4
*** HOLE CARDS ***
Dealt to e22171c 
Dealt to 138d25ab 
Dealt to 2abc5b83 
Dealt to Hero [8s Ts]
2abc5b83: raises $8 to $12
Hero: calls $12
138d25ab: folds
e22171c: calls $8
*** FLOP *** [5c Ad 8h]
e22171c: checks
2abc5b83: bets $12.54
Hero: calls $12.54
e22171c: folds
*** TURN *** [5c Ad 8h] [7c]
2abc5b83: checks
Hero: checks
*** RIVER *** [5c Ad 8h 7c] [Tc]
2abc5b83: checks
Hero: bets $50.47
2abc5b83: folds
Uncalled bet ($50.47) returned to Hero
*** SHOWDOWN ***
Hero collected $63.08 from pot
*** SUMMARY ***
Total pot $63.08
Board [5c Ad 8h 7c Tc]
Seat 4: e22171c(big blind) folded on the Flop
Seat 3: 138d25ab(small blind) folded before Flop
Seat 7: 2abc5b83 folded on the River
Seat 2: Herowon ($63.08) with Pair of Tens and Pair of Eights



Poker Hand #ring_985620678: NLH No Limit ($2/$4) - 2025/07/11 19:57:01
Table 'MR NLH 2/4' 7-max Seat #7 is the button
Seat 3: 138d25ab ($581.64 in chips)
Seat 7: 2abc5b83 ($627.58 in chips)
Seat 2: Hero ($188 in chips)
Hero: posts small blind $2
138d25ab: posts big blind $4
*** HOLE CARDS ***
Dealt to 138d25ab 
Dealt to 2abc5b83 
Dealt to Hero [7s Jd]
2abc5b83: folds
Hero: raises $6 to $10
138d25ab: folds
Uncalled bet ($6) returned to Hero
*** SHOWDOWN ***
Hero collected $8 from pot
*** SUMMARY ***
Total pot $8
Seat 3: 138d25ab(big blind) folded before Flop
Seat 7: 2abc5b83 folded before Flop (didn't bet)
Seat 2: Hero(small blind)won ($8)



Poker Hand #ring_985619905: NLH No Limit ($2/$4) - 2025/07/11 19:56:31
Table 'MR NLH 2/4' 7-max Seat #3 is the button
Seat 3: 138d25ab ($581.64 in chips)
Seat 7: 2abc5b83 ($616.66 in chips)
Seat 2: Hero ($200 in chips)
2abc5b83: posts small blind $2
Hero: posts big blind $4
*** HOLE CARDS ***
Dealt to 138d25ab 
Dealt to 2abc5b83 
Dealt to Hero [2d Kc]
138d25ab: folds
2abc5b83: raises $8 to $12
Hero: calls $8
*** FLOP *** [As 5c 9s]
2abc5b83: bets $7.92
Hero: folds
Uncalled bet ($7.92) returned to 2abc5b83
*** SHOWDOWN ***
2abc5b83 collected $24 from pot
*** SUMMARY ***
Total pot $24
Board [As 5c 9s]
Seat 3: 138d25ab folded before Flop (didn't bet)
Seat 7: 2abc5b83(small blind)won ($24) with Ace-High
Seat 2: Hero(big blind) folded on the Flop



