Poker Hand #ring_944669601: NLH No Limit ($1/$2) - 2025/06/19 14:24:50
Table 'MR NLH 1/2' 7-max Seat #1 is the button
Seat 3: 52994f5e ($517.04 in chips)
Seat 5: 63a734b8 ($200.23 in chips)
Seat 7: 31f1d727 ($521.78 in chips)
Seat 1: 8e32f2a5 ($216.45 in chips)
Seat 2: e304f2dd ($252.1 in chips)
Seat 4: Hero ($345.1 in chips)
Seat 6: dbb356f ($376.32 in chips)
e304f2dd: posts small blind $1
52994f5e: posts big blind $2
*** HOLE CARDS ***
Dealt to 52994f5e 
Dealt to 63a734b8 
Dealt to 31f1d727 
Dealt to 8e32f2a5 
Dealt to e304f2dd 
Dealt to Hero [3c 8h]
Dealt to dbb356f 
Hero: folds
63a734b8: calls $2
dbb356f: raises $4 to $6
31f1d727: calls $6
8e32f2a5: folds
e304f2dd: folds
52994f5e: folds
63a734b8: calls $4
*** FLOP *** [4d 9h 5c]
63a734b8: checks
dbb356f: bets $6.93
31f1d727: calls $6.93
63a734b8: calls $6.93
*** TURN *** [4d 9h 5c] [Th]
63a734b8: checks
dbb356f: bets $13.8
31f1d727: folds
63a734b8: calls $13.8
*** RIVER *** [4d 9h 5c Th] [Ts]
63a734b8: checks
dbb356f: bets $34.7
63a734b8: folds
Uncalled bet ($34.7) returned to dbb356f
*** SHOWDOWN ***
dbb356f collected $69.39 from pot
*** SUMMARY ***
Total pot $69.39
Board [4d 9h 5c Th Ts]
Seat 3: 52994f5e(big blind) folded before Flop
Seat 5: 63a734b8 folded on the River
Seat 7: 31f1d727 folded on the Turn
Seat 1: 8e32f2a5 folded before Flop (didn't bet)
Seat 2: e304f2dd(small blind) folded before Flop
Seat 4: Hero folded before Flop (didn't bet)
Seat 6: dbb356fwon ($69.39) with Pair of Tens



Poker Hand #ring_944668347: NLH No Limit ($1/$2) - 2025/06/19 14:23:35
Table 'MR NLH 1/2' 7-max Seat #7 is the button
Seat 3: 52994f5e ($504.85 in chips)
Seat 5: 63a734b8 ($205.23 in chips)
Seat 7: 31f1d727 ($521.78 in chips)
Seat 1: 8e32f2a5 ($217.45 in chips)
Seat 2: e304f2dd ($254.1 in chips)
Seat 4: Hero ($345.1 in chips)
Seat 6: dbb356f ($381.32 in chips)
8e32f2a5: posts small blind $1
e304f2dd: posts big blind $2
*** HOLE CARDS ***
Dealt to 52994f5e 
Dealt to 63a734b8 
Dealt to 31f1d727 
Dealt to 8e32f2a5 
Dealt to e304f2dd 
Dealt to Hero [5d Kh]
Dealt to dbb356f 
52994f5e: raises $3 to $5
Hero: folds
63a734b8: calls $5
dbb356f: calls $5
31f1d727: folds
8e32f2a5: folds
e304f2dd: folds
*** FLOP *** [Ah Qc 2h]
52994f5e: checks
63a734b8: checks
dbb356f: checks
*** TURN *** [Ah Qc 2h] [8h]
52994f5e: bets $9
63a734b8: folds
dbb356f: folds
Uncalled bet ($9) returned to 52994f5e
*** SHOWDOWN ***
52994f5e collected $18 from pot
*** SUMMARY ***
Total pot $18
Board [Ah Qc 2h 8h]
Seat 3: 52994f5ewon ($18) with Ace High Flush
Seat 5: 63a734b8 folded on the Turn
Seat 7: 31f1d727 folded before Flop (didn't bet)
Seat 1: 8e32f2a5(small blind) folded before Flop
Seat 2: e304f2dd(big blind) folded before Flop
Seat 4: Hero folded before Flop (didn't bet)
Seat 6: dbb356f folded on the Turn



Poker Hand #ring_944667330: NLH No Limit ($1/$2) - 2025/06/19 14:22:35
Table 'MR NLH 1/2' 7-max Seat #6 is the button
Seat 3: 52994f5e ($504.85 in chips)
Seat 5: 63a734b8 ($207.23 in chips)
Seat 7: 31f1d727 ($510.36 in chips)
Seat 1: 8e32f2a5 ($228.45 in chips)
Seat 2: e304f2dd ($254.1 in chips)
Seat 4: Hero ($345.1 in chips)
Seat 6: dbb356f ($381.32 in chips)
31f1d727: posts small blind $1
8e32f2a5: posts big blind $2
*** HOLE CARDS ***
Dealt to 52994f5e 
Dealt to 63a734b8 
Dealt to 31f1d727 
Dealt to 8e32f2a5 
Dealt to e304f2dd 
Dealt to Hero [3s 9c]
Dealt to dbb356f 
e304f2dd: folds
52994f5e: folds
Hero: folds
63a734b8: calls $2
dbb356f: folds
31f1d727: calls $1
8e32f2a5: checks
*** FLOP *** [Kd 4c 4d]
31f1d727: checks
8e32f2a5: checks
63a734b8: checks
*** TURN *** [Kd 4c 4d] [4h]
31f1d727: bets $3
8e32f2a5: calls $3
63a734b8: folds
*** RIVER *** [Kd 4c 4d 4h] [Td]
31f1d727: bets $6
8e32f2a5: calls $6
8e32f2a5: shows [9s Js]
31f1d727: shows [Th Kc]
*** SHOWDOWN ***
31f1d727 collected $24 from pot
*** SUMMARY ***
Total pot $24
Board [Kd 4c 4d 4h Td]
Seat 3: 52994f5e folded before Flop (didn't bet)
Seat 5: 63a734b8 folded on the Turn
Seat 7: 31f1d727(small blind) showed [Th Kc] and won ($24) with Fours Full over Kings
Seat 1: 8e32f2a5(big blind) showed [9s Js] and lost with Three Fours
Seat 2: e304f2dd folded before Flop (didn't bet)
Seat 4: Hero folded before Flop (didn't bet)
Seat 6: dbb356f folded before Flop (didn't bet)



Poker Hand #ring_944666479: NLH No Limit ($1/$2) - 2025/06/19 14:21:43
Table 'MR NLH 1/2' 7-max Seat #5 is the button
Seat 3: 52994f5e ($504.85 in chips)
Seat 5: 63a734b8 ($201.59 in chips)
Seat 7: 31f1d727 ($512.36 in chips)
Seat 1: 8e32f2a5 ($228.45 in chips)
Seat 2: e304f2dd ($254.1 in chips)
Seat 4: Hero ($348.1 in chips)
Seat 6: dbb356f ($382.32 in chips)
dbb356f: posts small blind $1
31f1d727: posts big blind $2
Hero: posts big blind $2
Hero: posts small blind $1
*** HOLE CARDS ***
Dealt to 52994f5e 
Dealt to 63a734b8 
Dealt to 31f1d727 
Dealt to 8e32f2a5 
Dealt to e304f2dd 
Dealt to Hero [Ad 9c]
Dealt to dbb356f 
8e32f2a5: folds
e304f2dd: folds
52994f5e: folds
Hero: checks
63a734b8: calls $2
dbb356f: folds
31f1d727: checks
*** FLOP *** [Qc 7c Tc]
31f1d727: checks
Hero: checks
63a734b8: bets $6
31f1d727: folds
Hero: folds
Uncalled bet ($6) returned to 63a734b8
*** SHOWDOWN ***
63a734b8 collected $8 from pot
*** SUMMARY ***
Total pot $7
Board [Qc 7c Tc]
Seat 3: 52994f5e folded before Flop (didn't bet)
Seat 5: 63a734b8won ($8) with Pair of Queens and Pair of Sevens
Seat 7: 31f1d727(big blind) folded on the Flop
Seat 1: 8e32f2a5 folded before Flop (didn't bet)
Seat 2: e304f2dd folded before Flop (didn't bet)
Seat 4: Hero folded on the Flop
Seat 6: dbb356f(small blind) folded before Flop



Poker Hand #ring_944662758: NLH No Limit ($1/$2) - 2025/06/19 14:18:07
Table 'MR NLH 1/2' 7-max Seat #6 is the button
Seat 3: 52994f5e ($504.85 in chips)
Seat 5: 63a734b8 ($212.13 in chips)
Seat 1: 8e32f2a5 ($238.45 in chips)
Seat 2: e304f2dd ($257.1 in chips)
Seat 7: d6c9e111 ($203.84 in chips)
Seat 4: Hero ($348.1 in chips)
Seat 6: dbb356f ($360.62 in chips)
d6c9e111: posts small blind $1
8e32f2a5: posts big blind $2
*** HOLE CARDS ***
Dealt to 52994f5e 
Dealt to 63a734b8 
Dealt to 8e32f2a5 
Dealt to e304f2dd 
Dealt to d6c9e111 
Dealt to Hero [3d 2c]
Dealt to dbb356f 
e304f2dd: folds
52994f5e: folds
Hero: folds
63a734b8: calls $2
dbb356f: folds
d6c9e111: calls $1
8e32f2a5: raises $4 to $6
63a734b8: calls $4
d6c9e111: calls $4
*** FLOP *** [3h 7d Qs]
d6c9e111: checks
8e32f2a5: checks
63a734b8: bets $10
d6c9e111: folds
8e32f2a5: folds
Uncalled bet ($10) returned to 63a734b8
*** SHOWDOWN ***
63a734b8 collected $18 from pot
*** SUMMARY ***
Total pot $18
Board [3h 7d Qs]
Seat 3: 52994f5e folded before Flop (didn't bet)
Seat 5: 63a734b8won ($18) with Pair of Queens
Seat 1: 8e32f2a5(big blind) folded on the Flop
Seat 2: e304f2dd folded before Flop (didn't bet)
Seat 7: d6c9e111(small blind) folded on the Flop
Seat 4: Hero folded before Flop (didn't bet)
Seat 6: dbb356f folded before Flop (didn't bet)



Poker Hand #ring_944661312: NLH No Limit ($1/$2) - 2025/06/19 14:16:50
Table 'MR NLH 1/2' 7-max Seat #5 is the button
Seat 3: 52994f5e ($504.85 in chips)
Seat 5: 63a734b8 ($281.13 in chips)
Seat 1: 8e32f2a5 ($238.45 in chips)
Seat 2: e304f2dd ($262.1 in chips)
Seat 7: d6c9e111 ($135.82 in chips)
Seat 4: Hero ($348.1 in chips)
Seat 6: dbb356f ($361.62 in chips)
dbb356f: posts small blind $1
d6c9e111: posts big blind $2
*** HOLE CARDS ***
Dealt to 52994f5e 
Dealt to 63a734b8 
Dealt to 8e32f2a5 
Dealt to e304f2dd 
Dealt to d6c9e111 
Dealt to Hero [3s Qc]
Dealt to dbb356f 
8e32f2a5: folds
e304f2dd: raises $3 to $5
52994f5e: folds
Hero: folds
63a734b8: calls $5
dbb356f: folds
d6c9e111: calls $3
*** FLOP *** [7s 5s Th]
d6c9e111: checks
e304f2dd: checks
63a734b8: checks
*** TURN *** [7s 5s Th] [6h]
d6c9e111: bets $16
e304f2dd: folds
63a734b8: calls $16
*** RIVER *** [7s 5s Th 6h] [8d]
d6c9e111: bets $48
63a734b8: calls $48
63a734b8: shows [8s 6d]
d6c9e111: shows [9h Js]
*** SHOWDOWN ***
d6c9e111 collected $144 from pot
*** SUMMARY ***
Total pot $144
Board [7s 5s Th 6h 8d]
Seat 3: 52994f5e folded before Flop (didn't bet)
Seat 5: 63a734b8 showed [8s 6d] and lost with Pair of Eights and Pair of Sixes
Seat 1: 8e32f2a5 folded before Flop (didn't bet)
Seat 2: e304f2dd folded on the Turn
Seat 7: d6c9e111(big blind) showed [9h Js] and won ($144) with Jacks-High Straight
Seat 4: Hero folded before Flop (didn't bet)
Seat 6: dbb356f(small blind) folded before Flop



Poker Hand #ring_944660729: NLH No Limit ($1/$2) - 2025/06/19 14:16:18
Table 'MR NLH 1/2' 7-max Seat #4 is the button
Seat 3: 52994f5e ($504.85 in chips)
Seat 5: 63a734b8 ($283.13 in chips)
Seat 1: 8e32f2a5 ($238.45 in chips)
Seat 2: e304f2dd ($262.1 in chips)
Seat 7: d6c9e111 ($137.82 in chips)
Seat 4: Hero ($348.1 in chips)
Seat 6: dbb356f ($357.89 in chips)
63a734b8: posts small blind $1
dbb356f: posts big blind $2
*** HOLE CARDS ***
Dealt to 52994f5e 
Dealt to 63a734b8 
Dealt to 8e32f2a5 
Dealt to e304f2dd 
Dealt to d6c9e111 
Dealt to Hero [8s Qc]
Dealt to dbb356f 
d6c9e111: calls $2
8e32f2a5: folds
e304f2dd: folds
52994f5e: folds
Hero: folds
63a734b8: calls $1
dbb356f: checks
*** FLOP *** [2h Ah 7s]
63a734b8: checks
dbb356f: bets $3.96
d6c9e111: folds
63a734b8: folds
Uncalled bet ($3.96) returned to dbb356f
52994f5e: shows [As 2c]
*** SHOWDOWN ***
dbb356f collected $6 from pot
*** SUMMARY ***
Total pot $6
Board [2h Ah 7s]
Seat 3: 52994f5e folded before Flop (didn't bet)
Seat 5: 63a734b8(small blind) folded on the Flop
Seat 1: 8e32f2a5 folded before Flop (didn't bet)
Seat 2: e304f2dd folded before Flop (didn't bet)
Seat 7: d6c9e111 folded on the Flop
Seat 4: Hero folded before Flop (didn't bet)
Seat 6: dbb356f(big blind)won ($6) with Pair of Sevens



Poker Hand #ring_944659595: NLH No Limit ($1/$2) - 2025/06/19 14:15:18
Table 'MR NLH 1/2' 7-max Seat #3 is the button
Seat 3: 52994f5e ($504.85 in chips)
Seat 5: 63a734b8 ($334.13 in chips)
Seat 1: 8e32f2a5 ($182.99 in chips)
Seat 2: e304f2dd ($262.1 in chips)
Seat 7: d6c9e111 ($146.82 in chips)
Seat 4: Hero ($349.1 in chips)
Seat 6: dbb356f ($357.89 in chips)
Hero: posts small blind $1
63a734b8: posts big blind $2
*** HOLE CARDS ***
Dealt to 52994f5e 
Dealt to 63a734b8 
Dealt to 8e32f2a5 
Dealt to e304f2dd 
Dealt to d6c9e111 
Dealt to Hero [Jh 5s]
Dealt to dbb356f 
dbb356f: folds
d6c9e111: calls $2
8e32f2a5: raises $7 to $9
e304f2dd: folds
52994f5e: folds
Hero: folds
63a734b8: calls $7
d6c9e111: calls $7
*** FLOP *** [Tc Ts 7s]
63a734b8: checks
d6c9e111: checks
8e32f2a5: bets $14
63a734b8: calls $14
d6c9e111: folds
*** TURN *** [Tc Ts 7s] [6h]
63a734b8: checks
8e32f2a5: checks
*** RIVER *** [Tc Ts 7s 6h] [6d]
63a734b8: bets $28
8e32f2a5: calls $28
8e32f2a5: shows [Kc Ac]
63a734b8: shows [Jd Qd]
*** SHOWDOWN ***
8e32f2a5 collected $112 from pot
*** SUMMARY ***
Total pot $112
Board [Tc Ts 7s 6h 6d]
Seat 3: 52994f5e folded before Flop (didn't bet)
Seat 5: 63a734b8(big blind) showed [Jd Qd] and lost with Pair of Tens and Pair of Sixes
Seat 1: 8e32f2a5 showed [Kc Ac] and won ($112) with Pair of Tens and Pair of Sixes
Seat 2: e304f2dd folded before Flop (didn't bet)
Seat 7: d6c9e111 folded on the Flop
Seat 4: Hero(small blind) folded before Flop
Seat 6: dbb356f folded before Flop (didn't bet)



Poker Hand #ring_944658133: NLH No Limit ($1/$2) - 2025/06/19 14:13:58
Table 'MR NLH 1/2' 7-max Seat #2 is the button
Seat 3: 52994f5e ($514.85 in chips)
Seat 5: 63a734b8 ($334.13 in chips)
Seat 1: 8e32f2a5 ($182.99 in chips)
Seat 2: e304f2dd ($262.1 in chips)
Seat 7: d6c9e111 ($156.82 in chips)
Seat 4: Hero ($330.95 in chips)
Seat 6: dbb356f ($357.89 in chips)
52994f5e: posts small blind $1
Hero: posts big blind $2
*** HOLE CARDS ***
Dealt to 52994f5e 
Dealt to 63a734b8 
Dealt to 8e32f2a5 
Dealt to e304f2dd 
Dealt to d6c9e111 
Dealt to Hero [Ac Tc]
Dealt to dbb356f 
63a734b8: folds
dbb356f: folds
d6c9e111: calls $2
8e32f2a5: folds
e304f2dd: folds
52994f5e: raises $8 to $10
Hero: calls $8
d6c9e111: calls $8
*** FLOP *** [6c 3s Ks]
52994f5e: checks
Hero: bets $18
d6c9e111: folds
52994f5e: folds
Uncalled bet ($18) returned to Hero
*** SHOWDOWN ***
Hero collected $30 from pot
*** SUMMARY ***
Total pot $30
Board [6c 3s Ks]
Seat 3: 52994f5e(small blind) folded on the Flop
Seat 5: 63a734b8 folded before Flop (didn't bet)
Seat 1: 8e32f2a5 folded before Flop (didn't bet)
Seat 2: e304f2dd folded before Flop (didn't bet)
Seat 7: d6c9e111 folded on the Flop
Seat 4: Hero(big blind)won ($30) with Ace-High
Seat 6: dbb356f folded before Flop (didn't bet)



Poker Hand #ring_944656875: NLH No Limit ($1/$2) - 2025/06/19 14:12:49
Table 'MR NLH 1/2' 7-max Seat #1 is the button
Seat 3: 52994f5e ($516.85 in chips)
Seat 5: 63a734b8 ($355.63 in chips)
Seat 1: 8e32f2a5 ($182.99 in chips)
Seat 2: e304f2dd ($263.1 in chips)
Seat 7: d6c9e111 ($127.25 in chips)
Seat 4: Hero ($330.95 in chips)
Seat 6: dbb356f ($365.89 in chips)
e304f2dd: posts small blind $1
52994f5e: posts big blind $2
*** HOLE CARDS ***
Dealt to 52994f5e 
Dealt to 63a734b8 
Dealt to 8e32f2a5 
Dealt to e304f2dd 
Dealt to d6c9e111 
Dealt to Hero [2d 5c]
Dealt to dbb356f 
Hero: folds
63a734b8: raises $6 to $8
dbb356f: calls $8
d6c9e111: calls $8
8e32f2a5: folds
e304f2dd: folds
52994f5e: folds
*** FLOP *** [Ad 9c 8h]
63a734b8: checks
dbb356f: checks
d6c9e111: checks
*** TURN *** [Ad 9c 8h] [8c]
63a734b8: bets $13.5
dbb356f: folds
d6c9e111: calls $13.5
*** RIVER *** [Ad 9c 8h 8c] [Qh]
63a734b8: checks
d6c9e111: bets $27
63a734b8: folds
Uncalled bet ($27) returned to d6c9e111
52994f5e: shows [As]
63a734b8: shows [Jd Jc]
d6c9e111: shows [3c 2c]
*** SHOWDOWN ***
d6c9e111 collected $54 from pot
*** SUMMARY ***
Total pot $54
Board [Ad 9c 8h 8c Qh]
Seat 3: 52994f5e(big blind) folded before Flop
Seat 5: 63a734b8 folded on the River
Seat 1: 8e32f2a5 folded before Flop (didn't bet)
Seat 2: e304f2dd(small blind) folded before Flop
Seat 7: d6c9e111 showed [3c 2c] and won ($54) with Pair of Eights
Seat 4: Hero folded before Flop (didn't bet)
Seat 6: dbb356f folded on the Turn



Poker Hand #ring_944656066: NLH No Limit ($1/$2) - 2025/06/19 14:12:05
Table 'MR NLH 1/2' 7-max Seat #7 is the button
Seat 3: 52994f5e ($516.85 in chips)
Seat 5: 63a734b8 ($364.63 in chips)
Seat 1: 8e32f2a5 ($183.99 in chips)
Seat 2: e304f2dd ($265.1 in chips)
Seat 7: d6c9e111 ($116.69 in chips)
Seat 4: Hero ($330.95 in chips)
Seat 6: dbb356f ($365.89 in chips)
8e32f2a5: posts small blind $1
e304f2dd: posts big blind $2
*** HOLE CARDS ***
Dealt to 52994f5e 
Dealt to 63a734b8 
Dealt to 8e32f2a5 
Dealt to e304f2dd 
Dealt to d6c9e111 
Dealt to Hero [Tc 4s]
Dealt to dbb356f 
52994f5e: folds
Hero: folds
63a734b8: calls $2
dbb356f: folds
d6c9e111: raises $7 to $9
8e32f2a5: folds
e304f2dd: folds
63a734b8: calls $7
*** FLOP *** [Ah 7d 7c]
63a734b8: checks
d6c9e111: bets $94.13
63a734b8: folds
Uncalled bet ($94.13) returned to d6c9e111
*** SHOWDOWN ***
d6c9e111 collected $21 from pot
*** SUMMARY ***
Total pot $21
Board [Ah 7d 7c]
Seat 3: 52994f5e folded before Flop (didn't bet)
Seat 5: 63a734b8 folded on the Flop
Seat 1: 8e32f2a5(small blind) folded before Flop
Seat 2: e304f2dd(big blind) folded before Flop
Seat 7: d6c9e111won ($21) with Pair of Aces and Pair of Sevens
Seat 4: Hero folded before Flop (didn't bet)
Seat 6: dbb356f folded before Flop (didn't bet)



Poker Hand #ring_944654106: NLH No Limit ($1/$2) - 2025/06/19 14:10:17
Table 'MR NLH 1/2' 7-max Seat #6 is the button
Seat 3: 52994f5e ($516.85 in chips)
Seat 5: 63a734b8 ($390.06 in chips)
Seat 1: 8e32f2a5 ($154.66 in chips)
Seat 2: e304f2dd ($265.1 in chips)
Seat 7: d6c9e111 ($123.69 in chips)
Seat 4: Hero ($330.95 in chips)
Seat 6: dbb356f ($365.89 in chips)
d6c9e111: posts small blind $1
8e32f2a5: posts big blind $2
*** HOLE CARDS ***
Dealt to 52994f5e 
Dealt to 63a734b8 
Dealt to 8e32f2a5 
Dealt to e304f2dd 
Dealt to d6c9e111 
Dealt to Hero [2d 9c]
Dealt to dbb356f 
e304f2dd: folds
52994f5e: folds
Hero: folds
63a734b8: raises $5 to $7
dbb356f: folds
d6c9e111: calls $6
8e32f2a5: calls $5
*** FLOP *** [5h 6h Qc]
d6c9e111: checks
8e32f2a5: bets $6.93
63a734b8: calls $6.93
d6c9e111: folds
*** TURN *** [5h 6h Qc] [Kd]
8e32f2a5: bets $11.5
63a734b8: calls $11.5
*** RIVER *** [5h 6h Qc Kd] [Kc]
8e32f2a5: bets $43.39
63a734b8: folds
Uncalled bet ($43.39) returned to 8e32f2a5
*** SHOWDOWN ***
8e32f2a5 collected $57.86 from pot
*** SUMMARY ***
Total pot $57.86
Board [5h 6h Qc Kd Kc]
Seat 3: 52994f5e folded before Flop (didn't bet)
Seat 5: 63a734b8 folded on the River
Seat 1: 8e32f2a5(big blind)won ($57.86) with Pair of Kings and Pair of Queens
Seat 2: e304f2dd folded before Flop (didn't bet)
Seat 7: d6c9e111(small blind) folded on the Flop
Seat 4: Hero folded before Flop (didn't bet)
Seat 6: dbb356f folded before Flop (didn't bet)



Poker Hand #ring_944653131: NLH No Limit ($1/$2) - 2025/06/19 14:09:25
Table 'MR NLH 1/2' 7-max Seat #5 is the button
Seat 3: 52994f5e ($516.85 in chips)
Seat 5: 63a734b8 ($417.78 in chips)
Seat 1: 8e32f2a5 ($154.66 in chips)
Seat 2: e304f2dd ($265.1 in chips)
Seat 7: d6c9e111 ($98 in chips)
Seat 4: Hero ($330.95 in chips)
Seat 6: dbb356f ($366.89 in chips)
dbb356f: posts small blind $1
d6c9e111: posts big blind $2
*** HOLE CARDS ***
Dealt to 52994f5e 
Dealt to 63a734b8 
Dealt to 8e32f2a5 
Dealt to e304f2dd 
Dealt to d6c9e111 
Dealt to Hero [3d 8d]
Dealt to dbb356f 
8e32f2a5: folds
e304f2dd: folds
52994f5e: folds
Hero: folds
63a734b8: raises $6 to $8
dbb356f: folds
d6c9e111: calls $6
*** FLOP *** [8h 3h Jh]
d6c9e111: checks
63a734b8: checks
*** TURN *** [8h 3h Jh] [Jd]
d6c9e111: bets $8.5
63a734b8: calls $8.5
*** RIVER *** [8h 3h Jh Jd] [2s]
d6c9e111: bets $11.22
63a734b8: calls $11.22
63a734b8: shows [Qd Ac]
d6c9e111: shows [7d 7c]
*** SHOWDOWN ***
d6c9e111 collected $56.44 from pot
*** SUMMARY ***
Total pot $56.44
Board [8h 3h Jh Jd 2s]
Seat 3: 52994f5e folded before Flop (didn't bet)
Seat 5: 63a734b8 showed [Qd Ac] and lost with Pair of Jacks
Seat 1: 8e32f2a5 folded before Flop (didn't bet)
Seat 2: e304f2dd folded before Flop (didn't bet)
Seat 7: d6c9e111(big blind) showed [7d 7c] and won ($56.44) with Pair of Jacks and Pair of Sevens
Seat 4: Hero folded before Flop (didn't bet)
Seat 6: dbb356f(small blind) folded before Flop



Poker Hand #ring_944651916: NLH No Limit ($1/$2) - 2025/06/19 14:08:18
Table 'MR NLH 1/2' 7-max Seat #4 is the button
Seat 3: 52994f5e ($516.85 in chips)
Seat 5: 63a734b8 ($418.78 in chips)
Seat 1: 8e32f2a5 ($178.41 in chips)
Seat 2: e304f2dd ($239.21 in chips)
Seat 7: d6c9e111 ($100 in chips)
Seat 4: Hero ($330.95 in chips)
Seat 6: dbb356f ($368.89 in chips)
63a734b8: posts small blind $1
dbb356f: posts big blind $2
*** HOLE CARDS ***
Dealt to 52994f5e 
Dealt to 63a734b8 
Dealt to 8e32f2a5 
Dealt to e304f2dd 
Dealt to d6c9e111 
Dealt to Hero [4d 6d]
Dealt to dbb356f 
d6c9e111: calls $2
8e32f2a5: raises $6 to $8
e304f2dd: raises $15.75 to $23.75
52994f5e: folds
Hero: folds
63a734b8: folds
dbb356f: folds
d6c9e111: folds
8e32f2a5: calls $15.75
*** FLOP *** [7d 3h 8d]
8e32f2a5: checks
e304f2dd: bets $39.38
8e32f2a5: folds
Uncalled bet ($39.38) returned to e304f2dd
8e32f2a5: shows [Ah Kc]
Hero: shows [4d 6d]
*** SHOWDOWN ***
e304f2dd collected $52.5 from pot
*** SUMMARY ***
Total pot $52.5
Board [7d 3h 8d]
Seat 3: 52994f5e folded before Flop (didn't bet)
Seat 5: 63a734b8(small blind) folded before Flop
Seat 1: 8e32f2a5 folded on the Flop
Seat 2: e304f2ddwon ($52.5) with Pair of Tens
Seat 7: d6c9e111 folded before Flop
Seat 4: Hero folded before Flop (didn't bet)
Seat 6: dbb356f(big blind) folded before Flop



Poker Hand #ring_944650803: NLH No Limit ($1/$2) - 2025/06/19 14:07:17
Table 'MR NLH 1/2' 7-max Seat #3 is the button
Seat 3: 52994f5e ($516.85 in chips)
Seat 5: 63a734b8 ($420.78 in chips)
Seat 1: 8e32f2a5 ($178.41 in chips)
Seat 2: e304f2dd ($239.21 in chips)
Seat 7: d6c9e111 ($98 in chips)
Seat 4: Hero ($331.95 in chips)
Seat 6: dbb356f ($277.34 in chips)
Hero: posts small blind $1
63a734b8: posts big blind $2
*** HOLE CARDS ***
Dealt to 52994f5e 
Dealt to 63a734b8 
Dealt to 8e32f2a5 
Dealt to e304f2dd 
Dealt to d6c9e111 
Dealt to Hero [4c 7c]
Dealt to dbb356f 
dbb356f: raises $4 to $6
d6c9e111: raises $4.95 to $10.95
8e32f2a5: folds
e304f2dd: folds
52994f5e: folds
Hero: folds
63a734b8: folds
dbb356f: raises $35.05 to $46
d6c9e111: calls $35.05
*** FLOP *** [Qh Ad Kc]
dbb356f: bets $62.7
d6c9e111: calls $52 and is all-in
Uncalled bet ($10.7) returned to dbb356f
dbb356f: shows [Qs Qd] (Three Queens)
d6c9e111: shows [Qc As] (Pair of Aces and Pair of Queens)
*** TURN *** [Qh Ad Kc] [4d]
*** RIVER *** [Qh Ad Kc 4d] [7d]
52994f5e: shows [9d 2d]
*** SHOWDOWN ***
dbb356f collected $199 from pot
*** SUMMARY ***
Total pot $199
Board [Qh Ad Kc 4d 7d]
Seat 3: 52994f5e folded before Flop (didn't bet)
Seat 5: 63a734b8(big blind) folded before Flop
Seat 1: 8e32f2a5 folded before Flop (didn't bet)
Seat 2: e304f2dd folded before Flop (didn't bet)
Seat 7: d6c9e111 showed [Qc As] and lost with Pair of Aces and Pair of Queens
Seat 4: Hero(small blind) folded before Flop
Seat 6: dbb356f showed [Qs Qd] and won ($199) with Three Queens



Poker Hand #ring_944649810: NLH No Limit ($1/$2) - 2025/06/19 14:06:24
Table 'MR NLH 1/2' 7-max Seat #2 is the button
Seat 3: 52994f5e ($517.85 in chips)
Seat 5: 63a734b8 ($402.71 in chips)
Seat 1: 8e32f2a5 ($178.41 in chips)
Seat 2: e304f2dd ($239.21 in chips)
Seat 7: d6c9e111 ($100 in chips)
Seat 4: Hero ($349.2 in chips)
Seat 6: dbb356f ($277.34 in chips)
52994f5e: posts small blind $1
Hero: posts big blind $2
d6c9e111: posts big blind $2
*** HOLE CARDS ***
Dealt to 52994f5e 
Dealt to 63a734b8 
Dealt to 8e32f2a5 
Dealt to e304f2dd 
Dealt to d6c9e111 
Dealt to Hero [2s As]
Dealt to dbb356f 
63a734b8: raises $4 to $6
dbb356f: folds
d6c9e111: folds
8e32f2a5: folds
e304f2dd: folds
52994f5e: folds
Hero: calls $4
*** FLOP *** [2d 7h 7d]
Hero: checks
63a734b8: checks
*** TURN *** [2d 7h 7d] [Js]
Hero: checks
63a734b8: bets $11.25
Hero: calls $11.25
*** RIVER *** [2d 7h 7d Js] [9d]
Hero: checks
63a734b8: bets $18.75
Hero: folds
Uncalled bet ($18.75) returned to 63a734b8
Hero: shows [2s]
*** SHOWDOWN ***
63a734b8 collected $37.5 from pot
*** SUMMARY ***
Total pot $37.5
Board [2d 7h 7d Js 9d]
Seat 3: 52994f5e(small blind) folded before Flop
Seat 5: 63a734b8won ($37.5) with Pair of Jacks and Pair of Nines
Seat 1: 8e32f2a5 folded before Flop (didn't bet)
Seat 2: e304f2dd folded before Flop (didn't bet)
Seat 7: d6c9e111 folded before Flop
Seat 4: Hero(big blind) folded on the River
Seat 6: dbb356f folded before Flop (didn't bet)



Poker Hand #ring_944648686: NLH No Limit ($1/$2) - 2025/06/19 14:05:22
Table 'MR NLH 1/2' 7-max Seat #1 is the button
Seat 3: 52994f5e ($519.85 in chips)
Seat 5: 63a734b8 ($408.71 in chips)
Seat 1: 8e32f2a5 ($164.85 in chips)
Seat 2: e304f2dd ($240.21 in chips)
Seat 4: Hero ($349.2 in chips)
Seat 6: dbb356f ($283.34 in chips)
e304f2dd: posts small blind $1
52994f5e: posts big blind $2
*** HOLE CARDS ***
Dealt to 52994f5e 
Dealt to 63a734b8 
Dealt to 8e32f2a5 
Dealt to e304f2dd 
Dealt to Hero [2c 9d]
Dealt to dbb356f 
Hero: folds
63a734b8: calls $2
dbb356f: calls $2
8e32f2a5: raises $4 to $6
e304f2dd: folds
52994f5e: folds
63a734b8: calls $4
dbb356f: calls $4
*** FLOP *** [Jc 5s Ad]
63a734b8: checks
dbb356f: checks
8e32f2a5: bets $15.75
63a734b8: folds
dbb356f: folds
Uncalled bet ($15.75) returned to 8e32f2a5
*** SHOWDOWN ***
8e32f2a5 collected $21 from pot
*** SUMMARY ***
Total pot $21
Board [Jc 5s Ad]
Seat 3: 52994f5e(big blind) folded before Flop
Seat 5: 63a734b8 folded on the Flop
Seat 1: 8e32f2a5won ($21) with Ace-High
Seat 2: e304f2dd(small blind) folded before Flop
Seat 4: Hero folded before Flop (didn't bet)
Seat 6: dbb356f folded on the Flop



Poker Hand #ring_944647209: NLH No Limit ($1/$2) - 2025/06/19 14:04:02
Table 'MR NLH 1/2' 7-max Seat #6 is the button
Seat 3: 52994f5e ($519.85 in chips)
Seat 5: 63a734b8 ($384.09 in chips)
Seat 1: 8e32f2a5 ($165.85 in chips)
Seat 2: e304f2dd ($260.46 in chips)
Seat 4: Hero ($355.2 in chips)
Seat 6: dbb356f ($283.34 in chips)
8e32f2a5: posts small blind $1
e304f2dd: posts big blind $2
*** HOLE CARDS ***
Dealt to 52994f5e 
Dealt to 63a734b8 
Dealt to 8e32f2a5 
Dealt to e304f2dd 
Dealt to Hero [Td Jd]
Dealt to dbb356f 
52994f5e: folds
Hero: raises $4 to $6
63a734b8: calls $6
dbb356f: folds
8e32f2a5: folds
e304f2dd: calls $4
*** FLOP *** [5s 2h 7s]
e304f2dd: checks
Hero: checks
63a734b8: checks
*** TURN *** [5s 2h 7s] [4d]
e304f2dd: bets $14.25
Hero: folds
63a734b8: calls $14.25
*** RIVER *** [5s 2h 7s 4d] [3h]
e304f2dd: checks
63a734b8: bets $23.75
e304f2dd: folds
Uncalled bet ($23.75) returned to 63a734b8
*** SHOWDOWN ***
63a734b8 collected $47.5 from pot
*** SUMMARY ***
Total pot $47.5
Board [5s 2h 7s 4d 3h]
Seat 3: 52994f5e folded before Flop (didn't bet)
Seat 5: 63a734b8won ($47.5) with Sevens-High Straight
Seat 1: 8e32f2a5(small blind) folded before Flop
Seat 2: e304f2dd(big blind) folded on the River
Seat 4: Hero folded on the Turn
Seat 6: dbb356f folded before Flop (didn't bet)



Poker Hand #ring_944646763: NLH No Limit ($1/$2) - 2025/06/19 14:03:40
Table 'MR NLH 1/2' 7-max Seat #5 is the button
Seat 3: 52994f5e ($519.85 in chips)
Seat 5: 63a734b8 ($384.09 in chips)
Seat 1: 8e32f2a5 ($164.85 in chips)
Seat 2: e304f2dd ($260.46 in chips)
Seat 4: Hero ($355.2 in chips)
Seat 6: dbb356f ($284.34 in chips)
dbb356f: posts small blind $1
8e32f2a5: posts big blind $2
*** HOLE CARDS ***
Dealt to 52994f5e 
Dealt to 63a734b8 
Dealt to 8e32f2a5 
Dealt to e304f2dd 
Dealt to Hero [Jd 5c]
Dealt to dbb356f 
e304f2dd: folds
52994f5e: folds
Hero: folds
63a734b8: folds
dbb356f: folds
*** SHOWDOWN ***
8e32f2a5 collected $3 from pot
*** SUMMARY ***
Total pot $3
Seat 3: 52994f5e folded before Flop (didn't bet)
Seat 5: 63a734b8 folded before Flop (didn't bet)
Seat 1: 8e32f2a5(big blind)won ($3)
Seat 2: e304f2dd folded before Flop (didn't bet)
Seat 4: Hero folded before Flop (didn't bet)
Seat 6: dbb356f(small blind) folded before Flop



Poker Hand #ring_944645462: NLH No Limit ($1/$2) - 2025/06/19 14:02:29
Table 'MR NLH 1/2' 7-max Seat #4 is the button
Seat 3: 52994f5e ($501.15 in chips)
Seat 5: 63a734b8 ($403.09 in chips)
Seat 1: 8e32f2a5 ($164.85 in chips)
Seat 2: e304f2dd ($260.46 in chips)
Seat 7: 517e9c79 ($251.75 in chips)
Seat 4: Hero ($355.2 in chips)
Seat 6: dbb356f ($286.34 in chips)
63a734b8: posts small blind $1
dbb356f: posts big blind $2
*** HOLE CARDS ***
Dealt to 52994f5e 
Dealt to 63a734b8 
Dealt to 8e32f2a5 
Dealt to e304f2dd 
Dealt to 517e9c79 
Dealt to Hero [6s 2h]
Dealt to dbb356f 
517e9c79: folds
8e32f2a5: folds
e304f2dd: folds
52994f5e: raises $3 to $5
Hero: folds
63a734b8: calls $4
dbb356f: folds
*** FLOP *** [4c 7h Kd]
63a734b8: checks
52994f5e: checks
*** TURN *** [4c 7h Kd] [2s]
63a734b8: bets $6
52994f5e: raises $8 to $14
63a734b8: calls $8
*** RIVER *** [4c 7h Kd 2s] [8h]
63a734b8: checks
52994f5e: checks
52994f5e: shows [Td As]
63a734b8: shows [Ad 5h]
*** SHOWDOWN ***
52994f5e collected $40 from pot
*** SUMMARY ***
Total pot $40
Board [4c 7h Kd 2s 8h]
Seat 3: 52994f5e showed [Td As] and won ($40) with Ace-High
Seat 5: 63a734b8(small blind) showed [Ad 5h] and lost with Ace-High
Seat 1: 8e32f2a5 folded before Flop (didn't bet)
Seat 2: e304f2dd folded before Flop (didn't bet)
Seat 7: 517e9c79 folded before Flop (didn't bet)
Seat 4: Hero folded before Flop (didn't bet)
Seat 6: dbb356f(big blind) folded before Flop



Poker Hand #ring_944645001: NLH No Limit ($1/$2) - 2025/06/19 14:02:02
Table 'MR NLH 1/2' 7-max Seat #3 is the button
Seat 3: 52994f5e ($501.15 in chips)
Seat 5: 63a734b8 ($405.09 in chips)
Seat 1: 8e32f2a5 ($155.85 in chips)
Seat 2: e304f2dd ($260.46 in chips)
Seat 7: 517e9c79 ($251.75 in chips)
Seat 4: Hero ($356.2 in chips)
Seat 6: dbb356f ($292.34 in chips)
Hero: posts small blind $1
63a734b8: posts big blind $2
*** HOLE CARDS ***
Dealt to 52994f5e 
Dealt to 63a734b8 
Dealt to 8e32f2a5 
Dealt to e304f2dd 
Dealt to 517e9c79 
Dealt to Hero [Kh Js]
Dealt to dbb356f 
dbb356f: raises $4 to $6
517e9c79: folds
8e32f2a5: raises $149.85 to $155.85 and is all-in
e304f2dd: folds
52994f5e: folds
Hero: folds
63a734b8: folds
dbb356f: folds
Uncalled bet ($149.85) returned to 8e32f2a5
8e32f2a5: shows [As]
52994f5e: shows [Qd]
Hero: shows [Kh]
63a734b8: shows [9h 4c]
*** SHOWDOWN ***
8e32f2a5 collected $15 from pot
*** SUMMARY ***
Total pot $15
Seat 3: 52994f5e folded before Flop (didn't bet)
Seat 5: 63a734b8(big blind) folded before Flop
Seat 1: 8e32f2a5 showed [As] and won ($15)
Seat 2: e304f2dd folded before Flop (didn't bet)
Seat 7: 517e9c79 folded before Flop (didn't bet)
Seat 4: Hero(small blind) folded before Flop
Seat 6: dbb356f folded before Flop



Poker Hand #ring_944644285: NLH No Limit ($1/$2) - 2025/06/19 14:01:24
Table 'MR NLH 1/2' 7-max Seat #2 is the button
Seat 3: 52994f5e ($502.15 in chips)
Seat 5: 63a734b8 ($409.09 in chips)
Seat 1: 8e32f2a5 ($155.85 in chips)
Seat 2: e304f2dd ($260.46 in chips)
Seat 7: 517e9c79 ($244.75 in chips)
Seat 4: Hero ($358.2 in chips)
Seat 6: dbb356f ($292.34 in chips)
52994f5e: posts small blind $1
Hero: posts big blind $2
*** HOLE CARDS ***
Dealt to 52994f5e 
Dealt to 63a734b8 
Dealt to 8e32f2a5 
Dealt to e304f2dd 
Dealt to 517e9c79 
Dealt to Hero [2s 5c]
Dealt to dbb356f 
63a734b8: raises $2 to $4
dbb356f: folds
517e9c79: raises $240.75 to $244.75 and is all-in
8e32f2a5: folds
e304f2dd: folds
52994f5e: folds
Hero: folds
63a734b8: folds
Uncalled bet ($240.75) returned to 517e9c79
*** SHOWDOWN ***
517e9c79 collected $11 from pot
*** SUMMARY ***
Total pot $11
Seat 3: 52994f5e(small blind) folded before Flop
Seat 5: 63a734b8 folded before Flop
Seat 1: 8e32f2a5 folded before Flop (didn't bet)
Seat 2: e304f2dd folded before Flop (didn't bet)
Seat 7: 517e9c79won ($11)
Seat 4: Hero(big blind) folded before Flop
Seat 6: dbb356f folded before Flop (didn't bet)



Poker Hand #ring_944643309: NLH No Limit ($1/$2) - 2025/06/19 14:00:30
Table 'MR NLH 1/2' 7-max Seat #1 is the button
Seat 3: 52994f5e ($504.15 in chips)
Seat 5: 63a734b8 ($399.62 in chips)
Seat 1: 8e32f2a5 ($155.85 in chips)
Seat 2: e304f2dd ($261.46 in chips)
Seat 7: 517e9c79 ($252 in chips)
Seat 4: Hero ($358.2 in chips)
Seat 6: dbb356f ($292.34 in chips)
e304f2dd: posts small blind $1
52994f5e: posts big blind $2
517e9c79: posts big blind $2
*** HOLE CARDS ***
Dealt to 52994f5e 
Dealt to 63a734b8 
Dealt to 8e32f2a5 
Dealt to e304f2dd 
Dealt to 517e9c79 
Dealt to Hero [6d 9d]
Dealt to dbb356f 
Hero: folds
63a734b8: calls $2
dbb356f: folds
517e9c79: checks
8e32f2a5: folds
e304f2dd: folds
52994f5e: checks
*** FLOP *** [4s 5d Th]
52994f5e: checks
63a734b8: checks
517e9c79: checks
*** TURN *** [4s 5d Th] [7s]
52994f5e: checks
63a734b8: bets $5.25
517e9c79: calls $5.25
52994f5e: folds
*** RIVER *** [4s 5d Th 7s] [4c]
63a734b8: checks
517e9c79: checks
63a734b8: shows [Js Kd]
517e9c79: shows [8h Kc]
*** SHOWDOWN ***
63a734b8 collected $17.5 from pot
*** SUMMARY ***
Total pot $17.5
Board [4s 5d Th 7s 4c]
Seat 3: 52994f5e(big blind) folded on the Turn
Seat 5: 63a734b8 showed [Js Kd] and won ($17.5) with Pair of Fours
Seat 1: 8e32f2a5 folded before Flop (didn't bet)
Seat 2: e304f2dd(small blind) folded before Flop
Seat 7: 517e9c79 showed [8h Kc] and lost with Pair of Fours
Seat 4: Hero folded before Flop (didn't bet)
Seat 6: dbb356f folded before Flop (didn't bet)



Poker Hand #ring_944641604: NLH No Limit ($1/$2) - 2025/06/19 13:58:59
Table 'MR NLH 1/2' 7-max Seat #6 is the button
Seat 3: 52994f5e ($504.15 in chips)
Seat 5: 63a734b8 ($399.62 in chips)
Seat 1: 8e32f2a5 ($340.65 in chips)
Seat 2: e304f2dd ($267.46 in chips)
Seat 4: Hero ($184.8 in chips)
Seat 6: dbb356f ($292.34 in chips)
8e32f2a5: posts small blind $1
e304f2dd: posts big blind $2
*** HOLE CARDS ***
Dealt to 52994f5e 
Dealt to 63a734b8 
Dealt to 8e32f2a5 
Dealt to e304f2dd 
Dealt to Hero [7s 5s]
Dealt to dbb356f 
52994f5e: folds
Hero: raises $4 to $6
63a734b8: folds
dbb356f: folds
8e32f2a5: calls $5
e304f2dd: calls $4
*** FLOP *** [7c 7d 6d]
8e32f2a5: bets $13.5
e304f2dd: folds
Hero: calls $13.5
*** TURN *** [7c 7d 6d] [Ts]
8e32f2a5: bets $22.5
Hero: raises $60.5 to $83
8e32f2a5: raises $211 to $294
Hero: calls $82.3 and is all-in
Uncalled bet ($128.7) returned to 8e32f2a5
8e32f2a5: shows [6c Ah]
Hero: shows [7s 5s]
*** RIVER *** [7c 7d 6d Ts] [4c]
63a734b8: shows [7h Td]
*** SHOWDOWN ***
Hero collected $375.6 from pot
*** SUMMARY ***
Total pot $375.6
Board [7c 7d 6d Ts 4c]
Seat 3: 52994f5e folded before Flop (didn't bet)
Seat 5: 63a734b8 folded before Flop (didn't bet)
Seat 1: 8e32f2a5(small blind) showed [6c Ah] and lost with Pair of Sevens and Pair of Sixes
Seat 2: e304f2dd(big blind) folded on the Flop
Seat 4: Hero showed [7s 5s] and won ($375.6) with Three Sevens
Seat 6: dbb356f folded before Flop (didn't bet)



Poker Hand #ring_944640668: NLH No Limit ($1/$2) - 2025/06/19 13:58:07
Table 'MR NLH 1/2' 7-max Seat #5 is the button
Seat 3: 52994f5e ($477.35 in chips)
Seat 5: 63a734b8 ($399.62 in chips)
Seat 1: 8e32f2a5 ($369.65 in chips)
Seat 2: e304f2dd ($267.46 in chips)
Seat 4: Hero ($184.8 in chips)
Seat 6: dbb356f ($293.34 in chips)
dbb356f: posts small blind $1
8e32f2a5: posts big blind $2
52994f5e: posts big blind $2
52994f5e: posts small blind $1
*** HOLE CARDS ***
Dealt to 52994f5e 
Dealt to 63a734b8 
Dealt to 8e32f2a5 
Dealt to e304f2dd 
Dealt to Hero [7d Jc]
Dealt to dbb356f 
e304f2dd: folds
52994f5e: raises $3 to $5
Hero: folds
63a734b8: folds
dbb356f: folds
8e32f2a5: calls $3
*** FLOP *** [2d Ah 5c]
8e32f2a5: checks
52994f5e: checks
*** TURN *** [2d Ah 5c] [Ks]
8e32f2a5: bets $6
52994f5e: calls $6
*** RIVER *** [2d Ah 5c Ks] [8d]
8e32f2a5: checks
52994f5e: bets $18
8e32f2a5: calls $18
8e32f2a5: shows [Kc 9c]
52994f5e: shows [8h Kh]
*** SHOWDOWN ***
52994f5e collected $60 from pot
*** SUMMARY ***
Total pot $59
Board [2d Ah 5c Ks 8d]
Seat 3: 52994f5e showed [8h Kh] and won ($60) with Pair of Kings and Pair of Eights
Seat 5: 63a734b8 folded before Flop (didn't bet)
Seat 1: 8e32f2a5(big blind) showed [Kc 9c] and lost with Pair of Kings
Seat 2: e304f2dd folded before Flop (didn't bet)
Seat 4: Hero folded before Flop (didn't bet)
Seat 6: dbb356f(small blind) folded before Flop



Poker Hand #ring_944638618: NLH No Limit ($1/$2) - 2025/06/19 13:56:14
Table 'MR NLH 1/2' 7-max Seat #4 is the button
Seat 5: 63a734b8 ($400.62 in chips)
Seat 1: 8e32f2a5 ($369.65 in chips)
Seat 7: fccf5ab0 ($1,187.44 in chips)
Seat 2: e304f2dd ($267.46 in chips)
Seat 4: Hero ($186.89 in chips)
Seat 6: dbb356f ($295.43 in chips)
63a734b8: posts small blind $1
dbb356f: posts big blind $2
*** HOLE CARDS ***
Dealt to 63a734b8 
Dealt to 8e32f2a5 
Dealt to fccf5ab0 
Dealt to e304f2dd 
Dealt to Hero [5h Ad]
Dealt to dbb356f 
fccf5ab0: folds
8e32f2a5: folds
e304f2dd: folds
Hero: raises $4 to $6
63a734b8: folds
dbb356f: calls $4
*** FLOP *** [Kd Kh 5c]
dbb356f: checks
Hero: bets $6.5
dbb356f: calls $6.5
*** TURN *** [Kd Kh 5c] [Ks]
dbb356f: checks
Hero: bets $13
dbb356f: calls $13
*** RIVER *** [Kd Kh 5c Ks] [As]
dbb356f: checks
Hero: bets $26
dbb356f: calls $26
Hero: shows [5h Ad]
dbb356f: shows [2c Ac]
*** SHOWDOWN ***
Hero collected $52 from pot
dbb356f collected $52 from pot
*** SUMMARY ***
Total pot $104
Board [Kd Kh 5c Ks As]
Seat 5: 63a734b8(small blind) folded before Flop
Seat 1: 8e32f2a5 folded before Flop (didn't bet)
Seat 7: fccf5ab0 folded before Flop (didn't bet)
Seat 2: e304f2dd folded before Flop (didn't bet)
Seat 4: Hero showed [5h Ad] and won ($52) with Kings Full over Aces
Seat 6: dbb356f(big blind) showed [2c Ac] and won ($52) with Kings Full over Aces



Poker Hand #ring_944637985: NLH No Limit ($1/$2) - 2025/06/19 13:55:40
Table 'MR NLH 1/2' 7-max Seat #2 is the button
Seat 5: 63a734b8 ($402.62 in chips)
Seat 1: 8e32f2a5 ($366.87 in chips)
Seat 7: fccf5ab0 ($1,187.44 in chips)
Seat 2: e304f2dd ($267.46 in chips)
Seat 4: Hero ($187.89 in chips)
Seat 6: dbb356f ($295.43 in chips)
Hero: posts small blind $1
63a734b8: posts big blind $2
*** HOLE CARDS ***
Dealt to 63a734b8 
Dealt to 8e32f2a5 
Dealt to fccf5ab0 
Dealt to e304f2dd 
Dealt to Hero [9c 2h]
Dealt to dbb356f 
dbb356f: folds
fccf5ab0: folds
8e32f2a5: calls $2
e304f2dd: folds
Hero: folds
63a734b8: checks
*** FLOP *** [4h Qd Ac]
63a734b8: checks
8e32f2a5: bets $5
63a734b8: folds
Uncalled bet ($5) returned to 8e32f2a5
*** SHOWDOWN ***
8e32f2a5 collected $5 from pot
*** SUMMARY ***
Total pot $5
Board [4h Qd Ac]
Seat 5: 63a734b8(big blind) folded on the Flop
Seat 1: 8e32f2a5won ($5) with Pair of Aces
Seat 7: fccf5ab0 folded before Flop (didn't bet)
Seat 2: e304f2dd folded before Flop (didn't bet)
Seat 4: Hero(small blind) folded before Flop
Seat 6: dbb356f folded before Flop (didn't bet)



Poker Hand #ring_944636905: NLH No Limit ($1/$2) - 2025/06/19 13:54:41
Table 'MR NLH 1/2' 7-max Seat #1 is the button
Seat 5: 63a734b8 ($402.62 in chips)
Seat 1: 8e32f2a5 ($361.32 in chips)
Seat 7: fccf5ab0 ($1,187.44 in chips)
Seat 2: e304f2dd ($271.46 in chips)
Seat 4: Hero ($189.89 in chips)
Seat 6: dbb356f ($295.43 in chips)
e304f2dd: posts small blind $1
Hero: posts big blind $2
*** HOLE CARDS ***
Dealt to 63a734b8 
Dealt to 8e32f2a5 
Dealt to fccf5ab0 
Dealt to e304f2dd 
Dealt to Hero [6h 3h]
Dealt to dbb356f 
63a734b8: folds
dbb356f: folds
fccf5ab0: folds
8e32f2a5: calls $2
e304f2dd: calls $1
Hero: checks
*** FLOP *** [Tc Ts 4s]
e304f2dd: bets $2
Hero: folds
8e32f2a5: calls $2
*** TURN *** [Tc Ts 4s] [Ks]
e304f2dd: checks
8e32f2a5: bets $10
e304f2dd: folds
Uncalled bet ($10) returned to 8e32f2a5
8e32f2a5: shows [7d]
*** SHOWDOWN ***
8e32f2a5 collected $10 from pot
*** SUMMARY ***
Total pot $10
Board [Tc Ts 4s Ks]
Seat 5: 63a734b8 folded before Flop (didn't bet)
Seat 1: 8e32f2a5 showed [7d] and won ($10) with Pair of Kings and Pair of Tens
Seat 7: fccf5ab0 folded before Flop (didn't bet)
Seat 2: e304f2dd(small blind) folded on the Turn
Seat 4: Hero(big blind) folded on the Flop
Seat 6: dbb356f folded before Flop (didn't bet)



Poker Hand #ring_944636101: NLH No Limit ($1/$2) - 2025/06/19 13:53:57
Table 'MR NLH 1/2' 7-max Seat #7 is the button
Seat 5: 63a734b8 ($402.62 in chips)
Seat 1: 8e32f2a5 ($367.32 in chips)
Seat 7: fccf5ab0 ($1,187.44 in chips)
Seat 2: e304f2dd ($266 in chips)
Seat 4: Hero ($89.89 in chips)
Seat 6: dbb356f ($295.43 in chips)
8e32f2a5: posts small blind $1
e304f2dd: posts big blind $2
*** HOLE CARDS ***
Dealt to 63a734b8 
Dealt to 8e32f2a5 
Dealt to fccf5ab0 
Dealt to e304f2dd 
Dealt to Hero [Ks 2s]
Dealt to dbb356f 
Hero: folds
63a734b8: folds
dbb356f: folds
fccf5ab0: folds
8e32f2a5: raises $4 to $6
e304f2dd: calls $4
*** FLOP *** [7c Jd 5d]
8e32f2a5: checks
e304f2dd: bets $9
8e32f2a5: folds
Uncalled bet ($9) returned to e304f2dd
*** SHOWDOWN ***
e304f2dd collected $12 from pot
*** SUMMARY ***
Total pot $12
Board [7c Jd 5d]
Seat 5: 63a734b8 folded before Flop (didn't bet)
Seat 1: 8e32f2a5(small blind) folded on the Flop
Seat 7: fccf5ab0 folded before Flop (didn't bet)
Seat 2: e304f2dd(big blind)won ($12) with Pair of Jacks
Seat 4: Hero folded before Flop (didn't bet)
Seat 6: dbb356f folded before Flop (didn't bet)



Poker Hand #ring_944635804: NLH No Limit ($1/$2) - 2025/06/19 13:53:40
Table 'MR NLH 1/2' 7-max Seat #6 is the button
Seat 5: 63a734b8 ($402.62 in chips)
Seat 1: 8e32f2a5 ($366.32 in chips)
Seat 7: fccf5ab0 ($1,188.44 in chips)
Seat 4: Hero ($89.89 in chips)
Seat 6: dbb356f ($295.43 in chips)
fccf5ab0: posts small blind $1
8e32f2a5: posts big blind $2
*** HOLE CARDS ***
Dealt to 63a734b8 
Dealt to 8e32f2a5 
Dealt to fccf5ab0 
Dealt to Hero [3d 6c]
Dealt to dbb356f 
Hero: folds
63a734b8: folds
dbb356f: folds
fccf5ab0: folds
*** SHOWDOWN ***
8e32f2a5 collected $3 from pot
*** SUMMARY ***
Total pot $3
Seat 5: 63a734b8 folded before Flop (didn't bet)
Seat 1: 8e32f2a5(big blind)won ($3)
Seat 7: fccf5ab0(small blind) folded before Flop
Seat 4: Hero folded before Flop (didn't bet)
Seat 6: dbb356f folded before Flop (didn't bet)



Poker Hand #ring_944634384: NLH No Limit ($1/$2) - 2025/06/19 13:52:21
Table 'MR NLH 1/2' 7-max Seat #5 is the button
Seat 5: 63a734b8 ($402.62 in chips)
Seat 1: 8e32f2a5 ($312.03 in chips)
Seat 7: fccf5ab0 ($1,190.44 in chips)
Seat 4: Hero ($146.94 in chips)
Seat 6: dbb356f ($296.43 in chips)
dbb356f: posts small blind $1
fccf5ab0: posts big blind $2
*** HOLE CARDS ***
Dealt to 63a734b8 
Dealt to 8e32f2a5 
Dealt to fccf5ab0 
Dealt to Hero [Qd Kd]
Dealt to dbb356f 
8e32f2a5: calls $2
Hero: raises $5 to $7
63a734b8: folds
dbb356f: folds
fccf5ab0: folds
8e32f2a5: calls $5
*** FLOP *** [Ad Ks Ac]
8e32f2a5: bets $5.61
Hero: calls $5.61
*** TURN *** [Ad Ks Ac] [3d]
8e32f2a5: bets $9.31
Hero: calls $9.31
*** RIVER *** [Ad Ks Ac 3d] [4c]
8e32f2a5: bets $35.13
Hero: calls $35.13
8e32f2a5: shows [2h As]
Hero: shows [Qd Kd]
*** SHOWDOWN ***
8e32f2a5 collected $117.1 from pot
*** SUMMARY ***
Total pot $117.1
Board [Ad Ks Ac 3d 4c]
Seat 5: 63a734b8 folded before Flop (didn't bet)
Seat 1: 8e32f2a5 showed [2h As] and won ($117.1) with Three Aces
Seat 7: fccf5ab0(big blind) folded before Flop
Seat 4: Hero showed [Qd Kd] and lost with Pair of Aces and Pair of Kings
Seat 6: dbb356f(small blind) folded before Flop



Poker Hand #ring_944633537: NLH No Limit ($1/$2) - 2025/06/19 13:51:34
Table 'MR NLH 1/2' 7-max Seat #4 is the button
Seat 3: 52994f5e ($477.35 in chips)
Seat 5: 63a734b8 ($410.62 in chips)
Seat 1: 8e32f2a5 ($274.93 in chips)
Seat 7: fccf5ab0 ($1,190.44 in chips)
Seat 4: Hero ($177.76 in chips)
Seat 6: dbb356f ($298.43 in chips)
63a734b8: posts small blind $1
dbb356f: posts big blind $2
*** HOLE CARDS ***
Dealt to 52994f5e 
Dealt to 63a734b8 
Dealt to 8e32f2a5 
Dealt to fccf5ab0 
Dealt to Hero [7d Ad]
Dealt to dbb356f 
fccf5ab0: folds
8e32f2a5: raises $6 to $8
52994f5e: folds
Hero: calls $8
63a734b8: calls $7
dbb356f: folds
*** FLOP *** [Ah 2s 6d]
63a734b8: checks
8e32f2a5: bets $8.58
Hero: calls $8.58
63a734b8: folds
*** TURN *** [Ah 2s 6d] [4s]
8e32f2a5: bets $14.24
Hero: calls $14.24
*** RIVER *** [Ah 2s 6d 4s] [8s]
8e32f2a5: bets $71.64
Hero: folds
Uncalled bet ($71.64) returned to 8e32f2a5
8e32f2a5: shows [As]
*** SHOWDOWN ***
8e32f2a5 collected $71.64 from pot
*** SUMMARY ***
Total pot $71.64
Board [Ah 2s 6d 4s 8s]
Seat 3: 52994f5e folded before Flop (didn't bet)
Seat 5: 63a734b8(small blind) folded on the Flop
Seat 1: 8e32f2a5 showed [As] and won ($71.64) with Ace High Flush
Seat 7: fccf5ab0 folded before Flop (didn't bet)
Seat 4: Hero folded on the River
Seat 6: dbb356f(big blind) folded before Flop



Poker Hand #ring_944632536: NLH No Limit ($1/$2) - 2025/06/19 13:50:40
Table 'MR NLH 1/2' 7-max Seat #3 is the button
Seat 3: 52994f5e ($477.35 in chips)
Seat 5: 63a734b8 ($415.62 in chips)
Seat 2: 7c894476 ($421.68 in chips)
Seat 1: 8e32f2a5 ($260.34 in chips)
Seat 7: fccf5ab0 ($1,190.44 in chips)
Seat 4: Hero ($178.76 in chips)
Seat 6: dbb356f ($308.71 in chips)
Hero: posts small blind $1
63a734b8: posts big blind $2
*** HOLE CARDS ***
Dealt to 52994f5e 
Dealt to 63a734b8 
Dealt to 7c894476 
Dealt to 8e32f2a5 
Dealt to fccf5ab0 
Dealt to Hero [7h 8d]
Dealt to dbb356f 
dbb356f: raises $3 to $5
fccf5ab0: folds
8e32f2a5: calls $5
7c894476: folds
52994f5e: folds
Hero: folds
63a734b8: calls $3
*** FLOP *** [5d Kc 5h]
63a734b8: checks
dbb356f: bets $5.28
8e32f2a5: raises $13.28 to $18.56
63a734b8: folds
dbb356f: folds
Uncalled bet ($13.28) returned to 8e32f2a5
*** SHOWDOWN ***
8e32f2a5 collected $26.56 from pot
*** SUMMARY ***
Total pot $26.56
Board [5d Kc 5h]
Seat 3: 52994f5e folded before Flop (didn't bet)
Seat 5: 63a734b8(big blind) folded on the Flop
Seat 2: 7c894476 folded before Flop (didn't bet)
Seat 1: 8e32f2a5won ($26.56) with Pair of Kings and Pair of Fives
Seat 7: fccf5ab0 folded before Flop (didn't bet)
Seat 4: Hero(small blind) folded before Flop
Seat 6: dbb356f folded on the Flop



Poker Hand #ring_944631388: NLH No Limit ($1/$2) - 2025/06/19 13:49:39
Table 'MR NLH 1/2' 7-max Seat #2 is the button
Seat 3: 52994f5e ($478.35 in chips)
Seat 5: 63a734b8 ($415.62 in chips)
Seat 2: 7c894476 ($421.43 in chips)
Seat 1: 8e32f2a5 ($260.34 in chips)
Seat 7: fccf5ab0 ($1,190.44 in chips)
Seat 4: Hero ($178.5 in chips)
Seat 6: dbb356f ($308.71 in chips)
52994f5e: posts small blind $1
Hero: posts big blind $2
*** HOLE CARDS ***
Dealt to 52994f5e 
Dealt to 63a734b8 
Dealt to 7c894476 
Dealt to 8e32f2a5 
Dealt to fccf5ab0 
Dealt to Hero [Kh 3s]
Dealt to dbb356f 
63a734b8: folds
dbb356f: folds
fccf5ab0: folds
8e32f2a5: folds
7c894476: raises $3 to $5
52994f5e: folds
Hero: calls $3
*** FLOP *** [7h Ah 4s]
Hero: checks
7c894476: checks
*** TURN *** [7h Ah 4s] [Td]
Hero: checks
7c894476: checks
*** RIVER *** [7h Ah 4s Td] [Jc]
Hero: checks
7c894476: checks
7c894476: shows [2h Kc]
Hero: shows [Kh 3s]
52994f5e: shows [4c]
*** SHOWDOWN ***
7c894476 collected $5.5 from pot
Hero collected $5.5 from pot
*** SUMMARY ***
Total pot $11
Board [7h Ah 4s Td Jc]
Seat 3: 52994f5e(small blind) folded before Flop
Seat 5: 63a734b8 folded before Flop (didn't bet)
Seat 2: 7c894476 showed [2h Kc] and won ($5.5) with Ace-High
Seat 1: 8e32f2a5 folded before Flop (didn't bet)
Seat 7: fccf5ab0 folded before Flop (didn't bet)
Seat 4: Hero(big blind) showed [Kh 3s] and won ($5.5) with Ace-High
Seat 6: dbb356f folded before Flop (didn't bet)



Poker Hand #ring_944630486: NLH No Limit ($1/$2) - 2025/06/19 13:48:48
Table 'MR NLH 1/2' 7-max Seat #1 is the button
Seat 3: 52994f5e ($480.35 in chips)
Seat 5: 63a734b8 ($415.62 in chips)
Seat 2: 7c894476 ($400 in chips)
Seat 1: 8e32f2a5 ($260.34 in chips)
Seat 7: fccf5ab0 ($1,190.44 in chips)
Seat 4: Hero ($178.5 in chips)
Seat 6: dbb356f ($330.71 in chips)
7c894476: posts small blind $1
52994f5e: posts big blind $2
*** HOLE CARDS ***
Dealt to 52994f5e 
Dealt to 63a734b8 
Dealt to 7c894476 
Dealt to 8e32f2a5 
Dealt to fccf5ab0 
Dealt to Hero [8d 2d]
Dealt to dbb356f 
Hero: folds
63a734b8: folds
dbb356f: raises $3 to $5
fccf5ab0: folds
8e32f2a5: folds
7c894476: raises $17 to $22
52994f5e: folds
dbb356f: calls $17
*** FLOP *** [Qh 8s Td]
7c894476: bets $24.84
dbb356f: folds
Uncalled bet ($24.84) returned to 7c894476
*** SHOWDOWN ***
7c894476 collected $46 from pot
*** SUMMARY ***
Total pot $46
Board [Qh 8s Td]
Seat 3: 52994f5e(big blind) folded before Flop
Seat 5: 63a734b8 folded before Flop (didn't bet)
Seat 2: 7c894476(small blind)won ($46) with Pair of Queens
Seat 1: 8e32f2a5 folded before Flop (didn't bet)
Seat 7: fccf5ab0 folded before Flop (didn't bet)
Seat 4: Hero folded before Flop (didn't bet)
Seat 6: dbb356f folded on the Flop



Poker Hand #ring_944629319: NLH No Limit ($1/$2) - 2025/06/19 13:47:46
Table 'MR NLH 1/2' 7-max Seat #7 is the button
Seat 3: 52994f5e ($480.35 in chips)
Seat 5: 63a734b8 ($388.51 in chips)
Seat 2: 7c894476 ($412 in chips)
Seat 1: 8e32f2a5 ($261.34 in chips)
Seat 7: fccf5ab0 ($1,190.44 in chips)
Seat 4: Hero ($184.5 in chips)
Seat 6: dbb356f ($330.71 in chips)
8e32f2a5: posts small blind $1
7c894476: posts big blind $2
*** HOLE CARDS ***
Dealt to 52994f5e 
Dealt to 63a734b8 
Dealt to 7c894476 
Dealt to 8e32f2a5 
Dealt to fccf5ab0 
Dealt to Hero [Ah 3h]
Dealt to dbb356f 
52994f5e: folds
Hero: raises $4 to $6
63a734b8: calls $6
dbb356f: folds
fccf5ab0: folds
8e32f2a5: folds
7c894476: calls $4
*** FLOP *** [8h Qc Js]
7c894476: checks
Hero: checks
63a734b8: checks
*** TURN *** [8h Qc Js] [7d]
7c894476: bets $6.46
Hero: folds
63a734b8: calls $6.46
*** RIVER *** [8h Qc Js 7d] [8c]
7c894476: checks
63a734b8: bets $10.53
7c894476: calls $10.53
7c894476: shows [Td As]
63a734b8: shows [Qd 9h]
*** SHOWDOWN ***
63a734b8 collected $52.98 from pot
*** SUMMARY ***
Total pot $52.98
Board [8h Qc Js 7d 8c]
Seat 3: 52994f5e folded before Flop (didn't bet)
Seat 5: 63a734b8 showed [Qd 9h] and won ($52.98) with Pair of Queens and Pair of Eights
Seat 2: 7c894476(big blind) showed [Td As] and lost with Pair of Eights
Seat 1: 8e32f2a5(small blind) folded before Flop
Seat 7: fccf5ab0 folded before Flop (didn't bet)
Seat 4: Hero folded on the Turn
Seat 6: dbb356f folded before Flop (didn't bet)



Poker Hand #ring_944628157: NLH No Limit ($1/$2) - 2025/06/19 13:46:42
Table 'MR NLH 1/2' 7-max Seat #6 is the button
Seat 3: 52994f5e ($480.35 in chips)
Seat 5: 63a734b8 ($388.51 in chips)
Seat 2: 7c894476 ($412 in chips)
Seat 1: 8e32f2a5 ($249.51 in chips)
Seat 7: fccf5ab0 ($1,191.44 in chips)
Seat 4: Hero ($197 in chips)
Seat 6: dbb356f ($330.71 in chips)
fccf5ab0: posts small blind $1
8e32f2a5: posts big blind $2
*** HOLE CARDS ***
Dealt to 52994f5e 
Dealt to 63a734b8 
Dealt to 7c894476 
Dealt to 8e32f2a5 
Dealt to fccf5ab0 
Dealt to Hero [5d 7d]
Dealt to dbb356f 
7c894476: folds
52994f5e: folds
Hero: raises $4 to $6
63a734b8: folds
dbb356f: folds
fccf5ab0: folds
8e32f2a5: calls $4
*** FLOP *** [Qs 5h 6s]
8e32f2a5: checks
Hero: bets $6.5
8e32f2a5: calls $6.5
*** TURN *** [Qs 5h 6s] [9c]
8e32f2a5: checks
Hero: checks
*** RIVER *** [Qs 5h 6s 9c] [4d]
8e32f2a5: bets $26
Hero: folds
Uncalled bet ($26) returned to 8e32f2a5
*** SHOWDOWN ***
8e32f2a5 collected $26 from pot
*** SUMMARY ***
Total pot $26
Board [Qs 5h 6s 9c 4d]
Seat 3: 52994f5e folded before Flop (didn't bet)
Seat 5: 63a734b8 folded before Flop (didn't bet)
Seat 2: 7c894476 folded before Flop (didn't bet)
Seat 1: 8e32f2a5(big blind)won ($26) with Pair of Queens
Seat 7: fccf5ab0(small blind) folded before Flop
Seat 4: Hero folded on the River
Seat 6: dbb356f folded before Flop (didn't bet)



Poker Hand #ring_944627253: NLH No Limit ($1/$2) - 2025/06/19 13:45:51
Table 'MR NLH 1/2' 7-max Seat #5 is the button
Seat 3: 52994f5e ($480.35 in chips)
Seat 5: 63a734b8 ($388.51 in chips)
Seat 2: 7c894476 ($412 in chips)
Seat 1: 8e32f2a5 ($251.51 in chips)
Seat 7: fccf5ab0 ($1,188.66 in chips)
Seat 4: Hero ($197 in chips)
Seat 6: dbb356f ($331.71 in chips)
dbb356f: posts small blind $1
fccf5ab0: posts big blind $2
8e32f2a5: posts big blind $2
*** HOLE CARDS ***
Dealt to 52994f5e 
Dealt to 63a734b8 
Dealt to 7c894476 
Dealt to 8e32f2a5 
Dealt to fccf5ab0 
Dealt to Hero [Ks 6c]
Dealt to dbb356f 
8e32f2a5: checks
7c894476: folds
52994f5e: folds
Hero: folds
63a734b8: folds
dbb356f: folds
fccf5ab0: checks
*** FLOP *** [3h 7d 7c]
fccf5ab0: checks
8e32f2a5: checks
*** TURN *** [3h 7d 7c] [4c]
fccf5ab0: checks
8e32f2a5: checks
*** RIVER *** [3h 7d 7c 4c] [Ad]
fccf5ab0: checks
8e32f2a5: checks
8e32f2a5: shows [9s 8h]
fccf5ab0: shows [Kc 5s]
63a734b8: shows [7h]
*** SHOWDOWN ***
fccf5ab0 collected $5 from pot
*** SUMMARY ***
Total pot $5
Board [3h 7d 7c 4c Ad]
Seat 3: 52994f5e folded before Flop (didn't bet)
Seat 5: 63a734b8 folded before Flop (didn't bet)
Seat 2: 7c894476 folded before Flop (didn't bet)
Seat 1: 8e32f2a5 showed [9s 8h] and lost with Pair of Sevens
Seat 7: fccf5ab0(big blind) showed [Kc 5s] and won ($5) with Pair of Sevens
Seat 4: Hero folded before Flop (didn't bet)
Seat 6: dbb356f(small blind) folded before Flop



Poker Hand #ring_944626357: NLH No Limit ($1/$2) - 2025/06/19 13:45:00
Table 'MR NLH 1/2' 7-max Seat #4 is the button
Seat 3: 52994f5e ($480.35 in chips)
Seat 5: 63a734b8 ($393.51 in chips)
Seat 2: 7c894476 ($412 in chips)
Seat 7: fccf5ab0 ($1,188.66 in chips)
Seat 4: Hero ($197 in chips)
Seat 6: dbb356f ($327.16 in chips)
63a734b8: posts small blind $1
dbb356f: posts big blind $2
*** HOLE CARDS ***
Dealt to 52994f5e 
Dealt to 63a734b8 
Dealt to 7c894476 
Dealt to fccf5ab0 
Dealt to Hero [4s 9c]
Dealt to dbb356f 
fccf5ab0: folds
7c894476: folds
52994f5e: folds
Hero: folds
63a734b8: calls $1
dbb356f: checks
*** FLOP *** [2c Qs 9d]
63a734b8: checks
dbb356f: checks
*** TURN *** [2c Qs 9d] [6s]
63a734b8: bets $3
dbb356f: calls $3
*** RIVER *** [2c Qs 9d 6s] [2s]
63a734b8: checks
dbb356f: bets $7.5
63a734b8: folds
Uncalled bet ($7.5) returned to dbb356f
*** SHOWDOWN ***
dbb356f collected $10 from pot
*** SUMMARY ***
Total pot $10
Board [2c Qs 9d 6s 2s]
Seat 3: 52994f5e folded before Flop (didn't bet)
Seat 5: 63a734b8(small blind) folded on the River
Seat 2: 7c894476 folded before Flop (didn't bet)
Seat 7: fccf5ab0 folded before Flop (didn't bet)
Seat 4: Hero folded before Flop (didn't bet)
Seat 6: dbb356f(big blind)won ($10) with Three Twos



Poker Hand #ring_944625015: NLH No Limit ($1/$2) - 2025/06/19 13:43:42
Table 'MR NLH 1/2' 7-max Seat #3 is the button
Seat 3: 52994f5e ($480.35 in chips)
Seat 5: 63a734b8 ($395.51 in chips)
Seat 2: 7c894476 ($412 in chips)
Seat 1: 8e32f2a5 ($123.94 in chips)
Seat 7: fccf5ab0 ($1,188.66 in chips)
Seat 4: Hero ($198 in chips)
Seat 6: dbb356f ($212 in chips)
Hero: posts small blind $1
63a734b8: posts big blind $2
*** HOLE CARDS ***
Dealt to 52994f5e 
Dealt to 63a734b8 
Dealt to 7c894476 
Dealt to 8e32f2a5 
Dealt to fccf5ab0 
Dealt to Hero [8c 4h]
Dealt to dbb356f 
dbb356f: raises $4 to $6
fccf5ab0: folds
8e32f2a5: raises $15 to $21
7c894476: folds
52994f5e: folds
Hero: folds
63a734b8: folds
dbb356f: calls $15
*** FLOP *** [Qd 5h Kc]
dbb356f: checks
8e32f2a5: bets $45
dbb356f: raises $89.1 to $134.1
8e32f2a5: calls $57.94 and is all-in
Uncalled bet ($31.16) returned to dbb356f
8e32f2a5: shows [Td Tc] (Pair of Tens)
dbb356f: shows [Kh Jh] (Pair of Kings)
*** TURN *** [Qd 5h Kc] [9h]
*** RIVER *** [Qd 5h Kc 9h] [3c]
*** SHOWDOWN ***
dbb356f collected $250.88 from pot
*** SUMMARY ***
Total pot $250.88
Board [Qd 5h Kc 9h 3c]
Seat 3: 52994f5e folded before Flop (didn't bet)
Seat 5: 63a734b8(big blind) folded before Flop
Seat 2: 7c894476 folded before Flop (didn't bet)
Seat 1: 8e32f2a5 showed [Td Tc] and lost with Pair of Tens
Seat 7: fccf5ab0 folded before Flop (didn't bet)
Seat 4: Hero(small blind) folded before Flop
Seat 6: dbb356f showed [Kh Jh] and won ($250.88) with Pair of Kings



Poker Hand #ring_944624380: NLH No Limit ($1/$2) - 2025/06/19 13:43:06
Table 'MR NLH 1/2' 7-max Seat #2 is the button
Seat 3: 52994f5e ($481.35 in chips)
Seat 5: 63a734b8 ($392.73 in chips)
Seat 2: 7c894476 ($412 in chips)
Seat 1: 8e32f2a5 ($123.94 in chips)
Seat 7: fccf5ab0 ($1,188.66 in chips)
Seat 4: Hero ($200 in chips)
Seat 6: dbb356f ($212 in chips)
52994f5e: posts small blind $1
Hero: posts big blind $2
*** HOLE CARDS ***
Dealt to 52994f5e 
Dealt to 63a734b8 
Dealt to 7c894476 
Dealt to 8e32f2a5 
Dealt to fccf5ab0 
Dealt to Hero [8h Kc]
Dealt to dbb356f 
63a734b8: calls $2
dbb356f: folds
fccf5ab0: folds
8e32f2a5: folds
7c894476: folds
52994f5e: folds
Hero: checks
*** FLOP *** [6c 4h 4c]
Hero: checks
63a734b8: checks
*** TURN *** [6c 4h 4c] [6s]
Hero: checks
63a734b8: bets $5
Hero: folds
Uncalled bet ($5) returned to 63a734b8
52994f5e: shows [4d 6d]
Hero: shows [8h]
63a734b8: shows [7s]
*** SHOWDOWN ***
63a734b8 collected $5 from pot
*** SUMMARY ***
Total pot $5
Board [6c 4h 4c 6s]
Seat 3: 52994f5e(small blind) folded before Flop
Seat 5: 63a734b8 showed [7s] and won ($5) with Pair of Sixes and Pair of Fours
Seat 2: 7c894476 folded before Flop (didn't bet)
Seat 1: 8e32f2a5 folded before Flop (didn't bet)
Seat 7: fccf5ab0 folded before Flop (didn't bet)
Seat 4: Hero(big blind) folded on the Turn
Seat 6: dbb356f folded before Flop (didn't bet)



