Poker Hand #ring_993629229: NLH No Limit ($2/$4) - 2025/07/15 23:15:42
Table 'MR NLH 2/4' 7-max Seat #3 is the button
Seat 7: d21b842d ($310.47 in chips)
Seat 2: 142e76a5 ($918.16 in chips)
Seat 4: d9ad0251 ($473.29 in chips)
Seat 5: e4626d3f ($907.69 in chips)
Seat 1: 8f28f1a1 ($1,317.56 in chips)
Seat 3: 487c4c75 ($228.83 in chips)
Seat 6: Hero ($503.13 in chips)
d9ad0251: posts small blind $2
e4626d3f: posts big blind $4
*** HOLE CARDS ***
Dealt to d21b842d 
Dealt to 142e76a5 
Dealt to d9ad0251 
Dealt to e4626d3f 
Dealt to 8f28f1a1 
Dealt to 487c4c75 
Dealt to Hero [7h Kc]
Hero: folds
d21b842d: folds
8f28f1a1: folds
142e76a5: folds
487c4c75: folds
d9ad0251: calls $2
e4626d3f: checks
*** FLOP *** [4s 7d 6h]
d9ad0251: checks
e4626d3f: checks
*** TURN *** [4s 7d 6h] [Ts]
d9ad0251: checks
e4626d3f: checks
*** RIVER *** [4s 7d 6h Ts] [3d]
d9ad0251: checks
e4626d3f: checks
d9ad0251: shows [9c Qd]
e4626d3f: shows [Kd 2d]
*** SHOWDOWN ***
e4626d3f collected $8 from pot
*** SUMMARY ***
Total pot $8
Board [4s 7d 6h Ts 3d]
Seat 7: d21b842d folded before Flop (didn't bet)
Seat 2: 142e76a5 folded before Flop (didn't bet)
Seat 4: d9ad0251(small blind) showed [9c Qd] and lost with Queen-High
Seat 5: e4626d3f(big blind) showed [Kd 2d] and won ($8) with King-High
Seat 1: 8f28f1a1 folded before Flop (didn't bet)
Seat 3: 487c4c75 folded before Flop (didn't bet)
Seat 6: Hero folded before Flop (didn't bet)



Poker Hand #ring_993627336: NLH No Limit ($2/$4) - 2025/07/15 23:14:48
Table 'MR NLH 2/4' 7-max Seat #2 is the button
Seat 7: d21b842d ($310.47 in chips)
Seat 2: 142e76a5 ($918.16 in chips)
Seat 4: d9ad0251 ($469.65 in chips)
Seat 5: e4626d3f ($907.69 in chips)
Seat 1: 8f28f1a1 ($1,317.56 in chips)
Seat 3: 487c4c75 ($140.83 in chips)
Seat 6: Hero ($503.13 in chips)
487c4c75: posts small blind $2
d9ad0251: posts big blind $4
*** HOLE CARDS ***
Dealt to d21b842d 
Dealt to 142e76a5 
Dealt to d9ad0251 
Dealt to e4626d3f 
Dealt to 8f28f1a1 
Dealt to 487c4c75 
Dealt to Hero [6c Qc]
e4626d3f: folds
Hero: folds
d21b842d: folds
8f28f1a1: folds
142e76a5: folds
487c4c75: calls $2
d9ad0251: checks
*** FLOP *** [4s Jh 3h]
487c4c75: checks
d9ad0251: checks
*** TURN *** [4s Jh 3h] [Js]
487c4c75: checks
d9ad0251: bets $8
487c4c75: folds
Uncalled bet ($8) returned to d9ad0251
*** SHOWDOWN ***
d9ad0251 collected $8 from pot
*** SUMMARY ***
Total pot $8
Board [4s Jh 3h Js]
Seat 7: d21b842d folded before Flop (didn't bet)
Seat 2: 142e76a5 folded before Flop (didn't bet)
Seat 4: d9ad0251(big blind)won ($8) with Pair of Jacks and Pair of Treys
Seat 5: e4626d3f folded before Flop (didn't bet)
Seat 1: 8f28f1a1 folded before Flop (didn't bet)
Seat 3: 487c4c75(small blind) folded on the Turn
Seat 6: Hero folded before Flop (didn't bet)



Poker Hand #ring_993624845: NLH No Limit ($2/$4) - 2025/07/15 23:13:36
Table 'MR NLH 2/4' 7-max Seat #1 is the button
Seat 7: d21b842d ($310.47 in chips)
Seat 2: 142e76a5 ($847.64 in chips)
Seat 4: d9ad0251 ($481.65 in chips)
Seat 5: e4626d3f ($907.69 in chips)
Seat 1: 8f28f1a1 ($1,317.56 in chips)
Seat 3: 487c4c75 ($206.83 in chips)
Seat 6: Hero ($503.13 in chips)
142e76a5: posts small blind $2
487c4c75: posts big blind $4
*** HOLE CARDS ***
Dealt to d21b842d 
Dealt to 142e76a5 
Dealt to d9ad0251 
Dealt to e4626d3f 
Dealt to 8f28f1a1 
Dealt to 487c4c75 
Dealt to Hero [6s Tc]
d9ad0251: calls $4
e4626d3f: folds
Hero: folds
d21b842d: folds
8f28f1a1: folds
142e76a5: calls $2
487c4c75: raises $8 to $12
d9ad0251: calls $8
142e76a5: calls $8
*** FLOP *** [2c 4c 7d]
142e76a5: checks
487c4c75: checks
d9ad0251: checks
*** TURN *** [2c 4c 7d] [2h]
142e76a5: checks
487c4c75: bets $18
d9ad0251: folds
142e76a5: calls $18
*** RIVER *** [2c 4c 7d 2h] [3d]
142e76a5: checks
487c4c75: bets $36
142e76a5: raises $72 to $108
487c4c75: folds
Uncalled bet ($72) returned to 142e76a5
*** SHOWDOWN ***
142e76a5 collected $144 from pot
*** SUMMARY ***
Total pot $144
Board [2c 4c 7d 2h 3d]
Seat 7: d21b842d folded before Flop (didn't bet)
Seat 2: 142e76a5(small blind)won ($144) with Sevens-High Straight
Seat 4: d9ad0251 folded on the Turn
Seat 5: e4626d3f folded before Flop (didn't bet)
Seat 1: 8f28f1a1 folded before Flop (didn't bet)
Seat 3: 487c4c75(big blind) folded on the River
Seat 6: Hero folded before Flop (didn't bet)



Poker Hand #ring_993623384: NLH No Limit ($2/$4) - 2025/07/15 23:12:55
Table 'MR NLH 2/4' 7-max Seat #7 is the button
Seat 7: d21b842d ($310.47 in chips)
Seat 2: 142e76a5 ($851.64 in chips)
Seat 4: d9ad0251 ($493.65 in chips)
Seat 5: e4626d3f ($907.69 in chips)
Seat 1: 8f28f1a1 ($1,319.56 in chips)
Seat 3: 487c4c75 ($206.83 in chips)
Seat 6: Hero ($486.48 in chips)
8f28f1a1: posts small blind $2
142e76a5: posts big blind $4
*** HOLE CARDS ***
Dealt to d21b842d 
Dealt to 142e76a5 
Dealt to d9ad0251 
Dealt to e4626d3f 
Dealt to 8f28f1a1 
Dealt to 487c4c75 
Dealt to Hero [Qs Ad]
487c4c75: folds
d9ad0251: calls $4
e4626d3f: folds
Hero: raises $8 to $12
d21b842d: folds
8f28f1a1: folds
142e76a5: folds
d9ad0251: calls $8
*** FLOP *** [8h Ts 7c]
d9ad0251: checks
Hero: bets $9
d9ad0251: folds
Uncalled bet ($9) returned to Hero
*** SHOWDOWN ***
Hero collected $30 from pot
*** SUMMARY ***
Total pot $30
Board [8h Ts 7c]
Seat 7: d21b842d folded before Flop (didn't bet)
Seat 2: 142e76a5(big blind) folded before Flop
Seat 4: d9ad0251 folded on the Flop
Seat 5: e4626d3f folded before Flop (didn't bet)
Seat 1: 8f28f1a1(small blind) folded before Flop
Seat 3: 487c4c75 folded before Flop (didn't bet)
Seat 6: Herowon ($30) with Ace-High



Poker Hand #ring_993621886: NLH No Limit ($2/$4) - 2025/07/15 23:12:12
Table 'MR NLH 2/4' 7-max Seat #6 is the button
Seat 7: d21b842d ($312.47 in chips)
Seat 2: 142e76a5 ($851.64 in chips)
Seat 4: d9ad0251 ($450.7 in chips)
Seat 5: e4626d3f ($907.69 in chips)
Seat 1: 8f28f1a1 ($1,323.56 in chips)
Seat 3: 487c4c75 ($176.83 in chips)
Seat 6: Hero ($486.48 in chips)
d21b842d: posts small blind $2
8f28f1a1: posts big blind $4
*** HOLE CARDS ***
Dealt to d21b842d 
Dealt to 142e76a5 
Dealt to d9ad0251 
Dealt to e4626d3f 
Dealt to 8f28f1a1 
Dealt to 487c4c75 
Dealt to Hero [Td 3d]
142e76a5: folds
487c4c75: raises $8 to $12
d9ad0251: raises $30 to $42
e4626d3f: folds
Hero: folds
d21b842d: folds
8f28f1a1: folds
487c4c75: calls $30
*** FLOP *** [Jh 5c 9c]
487c4c75: checks
d9ad0251: bets $135
487c4c75: folds
Uncalled bet ($135) returned to d9ad0251
*** SHOWDOWN ***
d9ad0251 collected $90 from pot
*** SUMMARY ***
Total pot $90
Board [Jh 5c 9c]
Seat 7: d21b842d(small blind) folded before Flop
Seat 2: 142e76a5 folded before Flop (didn't bet)
Seat 4: d9ad0251won ($90) with Ace-High
Seat 5: e4626d3f folded before Flop (didn't bet)
Seat 1: 8f28f1a1(big blind) folded before Flop
Seat 3: 487c4c75 folded on the Flop
Seat 6: Hero folded before Flop (didn't bet)



Poker Hand #ring_993620066: NLH No Limit ($2/$4) - 2025/07/15 23:11:20
Table 'MR NLH 2/4' 7-max Seat #5 is the button
Seat 7: d21b842d ($306.92 in chips)
Seat 2: 142e76a5 ($851.64 in chips)
Seat 4: d9ad0251 ($454.7 in chips)
Seat 5: e4626d3f ($907.69 in chips)
Seat 1: 8f28f1a1 ($1,323.56 in chips)
Seat 3: 487c4c75 ($176.83 in chips)
Seat 6: Hero ($488.48 in chips)
Hero: posts small blind $2
d21b842d: posts big blind $4
*** HOLE CARDS ***
Dealt to d21b842d 
Dealt to 142e76a5 
Dealt to d9ad0251 
Dealt to e4626d3f 
Dealt to 8f28f1a1 
Dealt to 487c4c75 
Dealt to Hero [Js 3c]
8f28f1a1: folds
142e76a5: folds
487c4c75: folds
d9ad0251: calls $4
e4626d3f: folds
Hero: folds
d21b842d: checks
*** FLOP *** [4c 6d 3d]
d21b842d: checks
d9ad0251: checks
*** TURN *** [4c 6d 3d] [5d]
d21b842d: bets $7.5
d9ad0251: folds
Uncalled bet ($7.5) returned to d21b842d
*** SHOWDOWN ***
d21b842d collected $10 from pot
*** SUMMARY ***
Total pot $10
Board [4c 6d 3d 5d]
Seat 7: d21b842d(big blind)won ($10) with Ace-High
Seat 2: 142e76a5 folded before Flop (didn't bet)
Seat 4: d9ad0251 folded on the Turn
Seat 5: e4626d3f folded before Flop (didn't bet)
Seat 1: 8f28f1a1 folded before Flop (didn't bet)
Seat 3: 487c4c75 folded before Flop (didn't bet)
Seat 6: Hero(small blind) folded before Flop



Poker Hand #ring_993617613: NLH No Limit ($2/$4) - 2025/07/15 23:10:09
Table 'MR NLH 2/4' 7-max Seat #4 is the button
Seat 7: d21b842d ($318.92 in chips)
Seat 2: 142e76a5 ($851.64 in chips)
Seat 4: d9ad0251 ($466.7 in chips)
Seat 5: e4626d3f ($863.39 in chips)
Seat 1: 8f28f1a1 ($1,335.56 in chips)
Seat 3: 487c4c75 ($176.83 in chips)
Seat 6: Hero ($500.48 in chips)
e4626d3f: posts small blind $2
Hero: posts big blind $4
*** HOLE CARDS ***
Dealt to d21b842d 
Dealt to 142e76a5 
Dealt to d9ad0251 
Dealt to e4626d3f 
Dealt to 8f28f1a1 
Dealt to 487c4c75 
Dealt to Hero [5s 6d]
d21b842d: raises $8 to $12
8f28f1a1: calls $12
142e76a5: folds
487c4c75: folds
d9ad0251: calls $12
e4626d3f: calls $10
Hero: calls $8
*** FLOP *** [Ad Qs Ts]
e4626d3f: checks
Hero: checks
d21b842d: checks
8f28f1a1: checks
d9ad0251: checks
*** TURN *** [Ad Qs Ts] [9d]
e4626d3f: checks
Hero: checks
d21b842d: checks
8f28f1a1: checks
d9ad0251: checks
*** RIVER *** [Ad Qs Ts 9d] [2s]
e4626d3f: checks
Hero: checks
d21b842d: checks
8f28f1a1: checks
d9ad0251: checks
8f28f1a1: shows [Ac 7c]
d9ad0251: shows [7s 6h]
e4626d3f: shows [Tc Td]
Hero: shows [5s 6d]
d21b842d: shows [9h Jh]
*** SHOWDOWN ***
e4626d3f collected $60 from pot
*** SUMMARY ***
Total pot $60
Board [Ad Qs Ts 9d 2s]
Seat 7: d21b842d showed [9h Jh] and lost with Pair of Nines
Seat 2: 142e76a5 folded before Flop (didn't bet)
Seat 4: d9ad0251 showed [7s 6h] and lost with Ace-High
Seat 5: e4626d3f(small blind) showed [Tc Td] and won ($60) with Three Tens
Seat 1: 8f28f1a1 showed [Ac 7c] and lost with Pair of Aces
Seat 3: 487c4c75 folded before Flop (didn't bet)
Seat 6: Hero(big blind) showed [5s 6d] and lost with Ace-High



Poker Hand #ring_993616384: NLH No Limit ($2/$4) - 2025/07/15 23:09:34
Table 'MR NLH 2/4' 7-max Seat #3 is the button
Seat 7: d21b842d ($327.72 in chips)
Seat 2: 142e76a5 ($851.64 in chips)
Seat 4: d9ad0251 ($446.46 in chips)
Seat 5: e4626d3f ($867.39 in chips)
Seat 1: 8f28f1a1 ($1,335.56 in chips)
Seat 3: 487c4c75 ($176.83 in chips)
Seat 6: Hero ($509.28 in chips)
d9ad0251: posts small blind $2
e4626d3f: posts big blind $4
*** HOLE CARDS ***
Dealt to d21b842d 
Dealt to 142e76a5 
Dealt to d9ad0251 
Dealt to e4626d3f 
Dealt to 8f28f1a1 
Dealt to 487c4c75 
Dealt to Hero [Ks 8s]
Hero: raises $4.8 to $8.8
d21b842d: calls $8.8
8f28f1a1: folds
142e76a5: folds
487c4c75: folds
d9ad0251: calls $6.8
e4626d3f: folds
*** FLOP *** [4h 3d 5d]
d9ad0251: bets $22.8
Hero: folds
d21b842d: folds
Uncalled bet ($22.8) returned to d9ad0251
*** SHOWDOWN ***
d9ad0251 collected $30.4 from pot
*** SUMMARY ***
Total pot $30.4
Board [4h 3d 5d]
Seat 7: d21b842d folded on the Flop
Seat 2: 142e76a5 folded before Flop (didn't bet)
Seat 4: d9ad0251(small blind)won ($30.4) with Ace-High
Seat 5: e4626d3f(big blind) folded before Flop
Seat 1: 8f28f1a1 folded before Flop (didn't bet)
Seat 3: 487c4c75 folded before Flop (didn't bet)
Seat 6: Hero folded on the Flop



Poker Hand #ring_993615353: NLH No Limit ($2/$4) - 2025/07/15 23:09:06
Table 'MR NLH 2/4' 7-max Seat #2 is the button
Seat 7: d21b842d ($312.98 in chips)
Seat 2: 142e76a5 ($851.64 in chips)
Seat 4: d9ad0251 ($450.46 in chips)
Seat 5: e4626d3f ($867.39 in chips)
Seat 1: 8f28f1a1 ($1,335.56 in chips)
Seat 3: 487c4c75 ($188.83 in chips)
Seat 6: Hero ($509.28 in chips)
487c4c75: posts small blind $2
d9ad0251: posts big blind $4
*** HOLE CARDS ***
Dealt to d21b842d 
Dealt to 142e76a5 
Dealt to d9ad0251 
Dealt to e4626d3f 
Dealt to 8f28f1a1 
Dealt to 487c4c75 
Dealt to Hero [Tc 3h]
e4626d3f: folds
Hero: folds
d21b842d: raises $8 to $12
8f28f1a1: folds
142e76a5: folds
487c4c75: calls $10
d9ad0251: folds
*** FLOP *** [2h 4d Jc]
487c4c75: checks
d21b842d: bets $14
487c4c75: folds
Uncalled bet ($14) returned to d21b842d
*** SHOWDOWN ***
d21b842d collected $28 from pot
*** SUMMARY ***
Total pot $28
Board [2h 4d Jc]
Seat 7: d21b842dwon ($28) with Pair of Fours
Seat 2: 142e76a5 folded before Flop (didn't bet)
Seat 4: d9ad0251(big blind) folded before Flop
Seat 5: e4626d3f folded before Flop (didn't bet)
Seat 1: 8f28f1a1 folded before Flop (didn't bet)
Seat 3: 487c4c75(small blind) folded on the Flop
Seat 6: Hero folded before Flop (didn't bet)



Poker Hand #ring_993613233: NLH No Limit ($2/$4) - 2025/07/15 23:08:04
Table 'MR NLH 2/4' 7-max Seat #1 is the button
Seat 7: d21b842d ($312.98 in chips)
Seat 2: 142e76a5 ($853.64 in chips)
Seat 4: d9ad0251 ($562.46 in chips)
Seat 5: e4626d3f ($867.39 in chips)
Seat 1: 8f28f1a1 ($1,228.91 in chips)
Seat 3: 487c4c75 ($192.83 in chips)
Seat 6: Hero ($509.28 in chips)
142e76a5: posts small blind $2
487c4c75: posts big blind $4
*** HOLE CARDS ***
Dealt to d21b842d 
Dealt to 142e76a5 
Dealt to d9ad0251 
Dealt to e4626d3f 
Dealt to 8f28f1a1 
Dealt to 487c4c75 
Dealt to Hero [Ks 4d]
d9ad0251: raises $8 to $12
e4626d3f: folds
Hero: folds
d21b842d: folds
8f28f1a1: raises $24 to $36
142e76a5: folds
487c4c75: folds
d9ad0251: calls $24
*** FLOP *** [Js 9h 8s]
d9ad0251: bets $25.74
8f28f1a1: raises $50.26 to $76
d9ad0251: calls $50.26
*** TURN *** [Js 9h 8s] [2d]
d9ad0251: checks
8f28f1a1: bets $151.8
d9ad0251: folds
Uncalled bet ($151.8) returned to 8f28f1a1
*** SHOWDOWN ***
8f28f1a1 collected $230 from pot
*** SUMMARY ***
Total pot $230
Board [Js 9h 8s 2d]
Seat 7: d21b842d folded before Flop (didn't bet)
Seat 2: 142e76a5(small blind) folded before Flop
Seat 4: d9ad0251 folded on the Turn
Seat 5: e4626d3f folded before Flop (didn't bet)
Seat 1: 8f28f1a1won ($230) with Three Jacks
Seat 3: 487c4c75(big blind) folded before Flop
Seat 6: Hero folded before Flop (didn't bet)



Poker Hand #ring_993611753: NLH No Limit ($2/$4) - 2025/07/15 23:07:21
Table 'MR NLH 2/4' 7-max Seat #7 is the button
Seat 7: d21b842d ($312.98 in chips)
Seat 2: 142e76a5 ($857.64 in chips)
Seat 4: d9ad0251 ($598.46 in chips)
Seat 5: e4626d3f ($829.9 in chips)
Seat 1: 8f28f1a1 ($1,230.91 in chips)
Seat 3: 487c4c75 ($192.83 in chips)
Seat 6: Hero ($509.28 in chips)
8f28f1a1: posts small blind $2
142e76a5: posts big blind $4
*** HOLE CARDS ***
Dealt to d21b842d 
Dealt to 142e76a5 
Dealt to d9ad0251 
Dealt to e4626d3f 
Dealt to 8f28f1a1 
Dealt to 487c4c75 
Dealt to Hero [8c 5d]
487c4c75: folds
d9ad0251: raises $8 to $12
e4626d3f: raises $24 to $36
Hero: folds
d21b842d: folds
8f28f1a1: folds
142e76a5: folds
d9ad0251: calls $24
*** FLOP *** [6h 4d 8h]
d9ad0251: checks
e4626d3f: bets $62.4
d9ad0251: folds
Uncalled bet ($62.4) returned to e4626d3f
*** SHOWDOWN ***
e4626d3f collected $78 from pot
*** SUMMARY ***
Total pot $78
Board [6h 4d 8h]
Seat 7: d21b842d folded before Flop (didn't bet)
Seat 2: 142e76a5(big blind) folded before Flop
Seat 4: d9ad0251 folded on the Flop
Seat 5: e4626d3fwon ($78) with Ace-High
Seat 1: 8f28f1a1(small blind) folded before Flop
Seat 3: 487c4c75 folded before Flop (didn't bet)
Seat 6: Hero folded before Flop (didn't bet)



Poker Hand #ring_993609946: NLH No Limit ($2/$4) - 2025/07/15 23:06:29
Table 'MR NLH 2/4' 7-max Seat #6 is the button
Seat 7: d21b842d ($280.32 in chips)
Seat 2: 142e76a5 ($857.64 in chips)
Seat 4: d9ad0251 ($614.46 in chips)
Seat 5: e4626d3f ($829.9 in chips)
Seat 1: 8f28f1a1 ($1,234.91 in chips)
Seat 3: 487c4c75 ($208.83 in chips)
Seat 6: Hero ($509.28 in chips)
d21b842d: posts small blind $2
8f28f1a1: posts big blind $4
*** HOLE CARDS ***
Dealt to d21b842d 
Dealt to 142e76a5 
Dealt to d9ad0251 
Dealt to e4626d3f 
Dealt to 8f28f1a1 
Dealt to 487c4c75 
Dealt to Hero [3h 9h]
142e76a5: folds
487c4c75: calls $4
d9ad0251: calls $4
e4626d3f: folds
Hero: folds
d21b842d: raises $12 to $16
8f28f1a1: folds
487c4c75: calls $12
d9ad0251: calls $12
*** FLOP *** [2d 7c 8s]
d21b842d: checks
487c4c75: checks
d9ad0251: checks
*** TURN *** [2d 7c 8s] [Jh]
d21b842d: bets $39
487c4c75: folds
d9ad0251: folds
Uncalled bet ($39) returned to d21b842d
*** SHOWDOWN ***
d21b842d collected $52 from pot
*** SUMMARY ***
Total pot $52
Board [2d 7c 8s Jh]
Seat 7: d21b842d(small blind)won ($52) with Pair of Jacks
Seat 2: 142e76a5 folded before Flop (didn't bet)
Seat 4: d9ad0251 folded on the Turn
Seat 5: e4626d3f folded before Flop (didn't bet)
Seat 1: 8f28f1a1(big blind) folded before Flop
Seat 3: 487c4c75 folded on the Turn
Seat 6: Hero folded before Flop (didn't bet)



Poker Hand #ring_993608526: NLH No Limit ($2/$4) - 2025/07/15 23:05:48
Table 'MR NLH 2/4' 7-max Seat #5 is the button
Seat 7: d21b842d ($260.3 in chips)
Seat 2: 142e76a5 ($878.64 in chips)
Seat 4: d9ad0251 ($614.46 in chips)
Seat 5: e4626d3f ($829.9 in chips)
Seat 3: 487c4c75 ($208.83 in chips)
Seat 6: Hero ($511.28 in chips)
Hero: posts small blind $2
d21b842d: posts big blind $4
*** HOLE CARDS ***
Dealt to d21b842d 
Dealt to 142e76a5 
Dealt to d9ad0251 
Dealt to e4626d3f 
Dealt to 487c4c75 
Dealt to Hero [6s 5d]
142e76a5: raises $6 to $10
487c4c75: folds
d9ad0251: folds
e4626d3f: folds
Hero: folds
d21b842d: calls $6
*** FLOP *** [5s Ks Jh]
d21b842d: checks
142e76a5: bets $11
d21b842d: calls $11
*** TURN *** [5s Ks Jh] [8s]
d21b842d: checks
142e76a5: checks
*** RIVER *** [5s Ks Jh 8s] [9c]
d21b842d: checks
142e76a5: checks
142e76a5: shows [7c 7d]
d21b842d: shows [Jc Qh]
*** SHOWDOWN ***
d21b842d collected $44 from pot
*** SUMMARY ***
Total pot $44
Board [5s Ks Jh 8s 9c]
Seat 7: d21b842d(big blind) showed [Jc Qh] and won ($44) with Pair of Jacks
Seat 2: 142e76a5 showed [7c 7d] and lost with Pair of Sevens
Seat 4: d9ad0251 folded before Flop (didn't bet)
Seat 5: e4626d3f folded before Flop (didn't bet)
Seat 3: 487c4c75 folded before Flop (didn't bet)
Seat 6: Hero(small blind) folded before Flop



Poker Hand #ring_993606124: NLH No Limit ($2/$4) - 2025/07/15 23:04:38
Table 'MR NLH 2/4' 7-max Seat #4 is the button
Seat 7: d21b842d ($260.3 in chips)
Seat 2: 142e76a5 ($878.64 in chips)
Seat 4: d9ad0251 ($628.46 in chips)
Seat 5: e4626d3f ($949.58 in chips)
Seat 3: 487c4c75 ($208.83 in chips)
Seat 6: Hero ($390 in chips)
e4626d3f: posts small blind $2
Hero: posts big blind $4
*** HOLE CARDS ***
Dealt to d21b842d 
Dealt to 142e76a5 
Dealt to d9ad0251 
Dealt to e4626d3f 
Dealt to 487c4c75 
Dealt to Hero [As 2s]
d21b842d: folds
142e76a5: folds
487c4c75: folds
d9ad0251: calls $4
e4626d3f: raises $10 to $14
Hero: calls $10
d9ad0251: calls $10
*** FLOP *** [4d 8s 3h]
e4626d3f: bets $27.72
Hero: calls $27.72
d9ad0251: folds
*** TURN *** [4d 8s 3h] [Ad]
e4626d3f: bets $77.96
Hero: calls $77.96
*** RIVER *** [4d 8s 3h Ad] [2h]
e4626d3f: checks
Hero: checks
e4626d3f: shows [Jd 8h]
Hero: shows [As 2s]
*** SHOWDOWN ***
Hero collected $253.36 from pot
*** SUMMARY ***
Total pot $253.36
Board [4d 8s 3h Ad 2h]
Seat 7: d21b842d folded before Flop (didn't bet)
Seat 2: 142e76a5 folded before Flop (didn't bet)
Seat 4: d9ad0251 folded on the Flop
Seat 5: e4626d3f(small blind) showed [Jd 8h] and lost with Pair of Eights
Seat 3: 487c4c75 folded before Flop (didn't bet)
Seat 6: Hero(big blind) showed [As 2s] and won ($253.36) with Pair of Aces and Pair of Twos



Poker Hand #ring_993604909: NLH No Limit ($2/$4) - 2025/07/15 23:04:03
Table 'MR NLH 2/4' 7-max Seat #3 is the button
Seat 7: d21b842d ($260.3 in chips)
Seat 2: 142e76a5 ($878.64 in chips)
Seat 4: d9ad0251 ($630.46 in chips)
Seat 5: e4626d3f ($947.58 in chips)
Seat 3: 487c4c75 ($208.83 in chips)
Seat 6: Hero ($390 in chips)
d9ad0251: posts small blind $2
e4626d3f: posts big blind $4
*** HOLE CARDS ***
Dealt to d21b842d 
Dealt to 142e76a5 
Dealt to d9ad0251 
Dealt to e4626d3f 
Dealt to 487c4c75 
Dealt to Hero [Qs 8d]
Hero: folds
d21b842d: folds
142e76a5: folds
487c4c75: folds
d9ad0251: folds
*** SHOWDOWN ***
e4626d3f collected $6 from pot
*** SUMMARY ***
Total pot $6
Seat 7: d21b842d folded before Flop (didn't bet)
Seat 2: 142e76a5 folded before Flop (didn't bet)
Seat 4: d9ad0251(small blind) folded before Flop
Seat 5: e4626d3f(big blind)won ($6)
Seat 3: 487c4c75 folded before Flop (didn't bet)
Seat 6: Hero folded before Flop (didn't bet)



Poker Hand #ring_993603792: NLH No Limit ($2/$4) - 2025/07/15 23:03:32
Table 'MR NLH 2/4' 7-max Seat #2 is the button
Seat 7: d21b842d ($270.3 in chips)
Seat 2: 142e76a5 ($878.64 in chips)
Seat 1: a0442fc2 ($359.73 in chips)
Seat 4: d9ad0251 ($640.46 in chips)
Seat 5: e4626d3f ($927.02 in chips)
Seat 3: 487c4c75 ($210.83 in chips)
Seat 6: Hero ($390 in chips)
487c4c75: posts small blind $2
d9ad0251: posts big blind $4
*** HOLE CARDS ***
Dealt to d21b842d 
Dealt to 142e76a5 
Dealt to a0442fc2 
Dealt to d9ad0251 
Dealt to e4626d3f 
Dealt to 487c4c75 
Dealt to Hero [Qc 6d]
e4626d3f: raises $6 to $10
Hero: folds
d21b842d: calls $10
a0442fc2: folds
142e76a5: folds
487c4c75: folds
d9ad0251: calls $6
*** FLOP *** [Qs 7c Kh]
d9ad0251: checks
e4626d3f: bets $10.56
d21b842d: folds
d9ad0251: folds
Uncalled bet ($10.56) returned to e4626d3f
*** SHOWDOWN ***
e4626d3f collected $32 from pot
*** SUMMARY ***
Total pot $32
Board [Qs 7c Kh]
Seat 7: d21b842d folded on the Flop
Seat 2: 142e76a5 folded before Flop (didn't bet)
Seat 1: a0442fc2 folded before Flop (didn't bet)
Seat 4: d9ad0251(big blind) folded on the Flop
Seat 5: e4626d3fwon ($32) with Three Kings
Seat 3: 487c4c75(small blind) folded before Flop
Seat 6: Hero folded before Flop (didn't bet)



Poker Hand #ring_993600322: NLH No Limit ($2/$4) - 2025/07/15 23:01:50
Table 'MR NLH 2/4' 7-max Seat #1 is the button
Seat 7: d21b842d ($247.02 in chips)
Seat 2: 142e76a5 ($880.64 in chips)
Seat 1: a0442fc2 ($373.73 in chips)
Seat 4: d9ad0251 ($654.46 in chips)
Seat 5: e4626d3f ($966.1 in chips)
Seat 3: 487c4c75 ($214.83 in chips)
Seat 6: Hero ($366.72 in chips)
142e76a5: posts small blind $2
487c4c75: posts big blind $4
*** HOLE CARDS ***
Dealt to d21b842d 
Dealt to 142e76a5 
Dealt to a0442fc2 
Dealt to d9ad0251 
Dealt to e4626d3f 
Dealt to 487c4c75 
Dealt to Hero [9c Ac]
d9ad0251: calls $4
e4626d3f: raises $10 to $14
Hero: calls $14
d21b842d: calls $14
a0442fc2: calls $14
142e76a5: folds
487c4c75: folds
d9ad0251: calls $10
*** FLOP *** [9d 4h 3c]
d9ad0251: checks
e4626d3f: bets $25.08
Hero: calls $25.08
d21b842d: raises $113.43 to $138.51
a0442fc2: folds
d9ad0251: folds
e4626d3f: folds
Hero: raises $214.21 to $352.72 and is all-in
d21b842d: calls $94.51 and is all-in
Uncalled bet ($119.7) returned to Hero
Hero: shows [9c Ac] (Pair of Nines)
d21b842d: shows [9s As] (Pair of Nines)
*** TURN *** [9d 4h 3c] [6s]
*** RIVER *** [9d 4h 3c 6s] [Jd]
d9ad0251: shows [Js]
*** SHOWDOWN ***
Hero collected $283.56 from pot
d21b842d collected $283.56 from pot
*** SUMMARY ***
Total pot $567.12
Board [9d 4h 3c 6s Jd]
Seat 7: d21b842d showed [9s As] and won ($283.56) with Pair of Nines
Seat 2: 142e76a5(small blind) folded before Flop
Seat 1: a0442fc2 folded on the Flop
Seat 4: d9ad0251 folded on the Flop
Seat 5: e4626d3f folded on the Flop
Seat 3: 487c4c75(big blind) folded before Flop
Seat 6: Hero showed [9c Ac] and won ($283.56) with Pair of Nines



Poker Hand #ring_993598783: NLH No Limit ($2/$4) - 2025/07/15 23:01:05
Table 'MR NLH 2/4' 7-max Seat #7 is the button
Seat 7: d21b842d ($237.65 in chips)
Seat 2: 142e76a5 ($884.64 in chips)
Seat 1: a0442fc2 ($375.73 in chips)
Seat 4: d9ad0251 ($658.46 in chips)
Seat 5: e4626d3f ($966.1 in chips)
Seat 3: 487c4c75 ($214.83 in chips)
Seat 6: Hero ($366.72 in chips)
a0442fc2: posts small blind $2
142e76a5: posts big blind $4
*** HOLE CARDS ***
Dealt to d21b842d 
Dealt to 142e76a5 
Dealt to a0442fc2 
Dealt to d9ad0251 
Dealt to e4626d3f 
Dealt to 487c4c75 
Dealt to Hero [Qs 6d]
487c4c75: folds
d9ad0251: calls $4
e4626d3f: folds
Hero: folds
d21b842d: calls $4
a0442fc2: folds
142e76a5: checks
*** FLOP *** [4c 3c 4d]
142e76a5: checks
d9ad0251: checks
d21b842d: bets $7
142e76a5: folds
d9ad0251: folds
Uncalled bet ($7) returned to d21b842d
*** SHOWDOWN ***
d21b842d collected $14 from pot
*** SUMMARY ***
Total pot $14
Board [4c 3c 4d]
Seat 7: d21b842dwon ($14) with Pair of Fours
Seat 2: 142e76a5(big blind) folded on the Flop
Seat 1: a0442fc2(small blind) folded before Flop
Seat 4: d9ad0251 folded on the Flop
Seat 5: e4626d3f folded before Flop (didn't bet)
Seat 3: 487c4c75 folded before Flop (didn't bet)
Seat 6: Hero folded before Flop (didn't bet)



Poker Hand #ring_993595917: NLH No Limit ($2/$4) - 2025/07/15 22:59:43
Table 'MR NLH 2/4' 7-max Seat #6 is the button
Seat 7: d21b842d ($239.65 in chips)
Seat 2: 142e76a5 ($1,059.23 in chips)
Seat 1: a0442fc2 ($385.73 in chips)
Seat 4: d9ad0251 ($658.46 in chips)
Seat 5: e4626d3f ($989.96 in chips)
Seat 3: 487c4c75 ($214.83 in chips)
Seat 6: Hero ($174.59 in chips)
d21b842d: posts small blind $2
a0442fc2: posts big blind $4
*** HOLE CARDS ***
Dealt to d21b842d 
Dealt to 142e76a5 
Dealt to a0442fc2 
Dealt to d9ad0251 
Dealt to e4626d3f 
Dealt to 487c4c75 
Dealt to Hero [8d Ad]
142e76a5: raises $6 to $10
487c4c75: folds
d9ad0251: folds
e4626d3f: calls $10
Hero: calls $10
d21b842d: folds
a0442fc2: calls $6
*** FLOP *** [4d Qd Kd]
a0442fc2: checks
142e76a5: checks
e4626d3f: bets $13.86
Hero: calls $13.86
a0442fc2: folds
142e76a5: calls $13.86
*** TURN *** [4d Qd Kd] [9s]
142e76a5: checks
e4626d3f: checks
Hero: bets $41.79
142e76a5: calls $41.79
e4626d3f: folds
*** RIVER *** [4d Qd Kd 9s] [7c]
142e76a5: checks
Hero: bets $108.94 and is all-in
142e76a5: calls $108.94
142e76a5: shows [As Ac]
Hero: shows [8d Ad]
*** SHOWDOWN ***
Hero collected $385.04 from pot
*** SUMMARY ***
Total pot $385.04
Board [4d Qd Kd 9s 7c]
Seat 7: d21b842d(small blind) folded before Flop
Seat 2: 142e76a5 showed [As Ac] and lost with Pair of Aces
Seat 1: a0442fc2(big blind) folded on the Flop
Seat 4: d9ad0251 folded before Flop (didn't bet)
Seat 5: e4626d3f folded on the Turn
Seat 3: 487c4c75 folded before Flop (didn't bet)
Seat 6: Hero showed [8d Ad] and won ($385.04) with Ace High Flush



Poker Hand #ring_993594516: NLH No Limit ($2/$4) - 2025/07/15 22:59:02
Table 'MR NLH 2/4' 7-max Seat #5 is the button
Seat 7: d21b842d ($332.21 in chips)
Seat 2: 142e76a5 ($1,059.23 in chips)
Seat 1: a0442fc2 ($270.03 in chips)
Seat 4: d9ad0251 ($674.46 in chips)
Seat 5: e4626d3f ($1,005.96 in chips)
Seat 3: 487c4c75 ($214.83 in chips)
Seat 6: Hero ($176.59 in chips)
Hero: posts small blind $2
d21b842d: posts big blind $4
*** HOLE CARDS ***
Dealt to d21b842d 
Dealt to 142e76a5 
Dealt to a0442fc2 
Dealt to d9ad0251 
Dealt to e4626d3f 
Dealt to 487c4c75 
Dealt to Hero [2c 7s]
a0442fc2: raises $12 to $16
142e76a5: folds
487c4c75: folds
d9ad0251: calls $16
e4626d3f: calls $16
Hero: folds
d21b842d: calls $12
*** FLOP *** [Ad Kd Ac]
d21b842d: checks
a0442fc2: bets $33
d9ad0251: folds
e4626d3f: folds
d21b842d: calls $33
*** TURN *** [Ad Kd Ac] [5s]
d21b842d: checks
a0442fc2: bets $43.56
d21b842d: calls $43.56
*** RIVER *** [Ad Kd Ac 5s] [3d]
d21b842d: checks
a0442fc2: checks
a0442fc2: shows [Jd Kh]
d21b842d: shows [Jc Jh]
*** SHOWDOWN ***
a0442fc2 collected $219.12 from pot
*** SUMMARY ***
Total pot $219.12
Board [Ad Kd Ac 5s 3d]
Seat 7: d21b842d(big blind) showed [Jc Jh] and lost with Pair of Aces and Pair of Jacks
Seat 2: 142e76a5 folded before Flop (didn't bet)
Seat 1: a0442fc2 showed [Jd Kh] and won ($219.12) with Pair of Aces and Pair of Kings
Seat 4: d9ad0251 folded on the Flop
Seat 5: e4626d3f folded on the Flop
Seat 3: 487c4c75 folded before Flop (didn't bet)
Seat 6: Hero(small blind) folded before Flop



Poker Hand #ring_993592471: NLH No Limit ($2/$4) - 2025/07/15 22:58:01
Table 'MR NLH 2/4' 7-max Seat #4 is the button
Seat 7: d21b842d ($332.21 in chips)
Seat 2: 142e76a5 ($1,069.23 in chips)
Seat 1: a0442fc2 ($270.03 in chips)
Seat 4: d9ad0251 ($674.46 in chips)
Seat 5: e4626d3f ($1,007.96 in chips)
Seat 3: 487c4c75 ($200 in chips)
Seat 6: Hero ($180.59 in chips)
e4626d3f: posts small blind $2
Hero: posts big blind $4
487c4c75: posts big blind $4
*** HOLE CARDS ***
Dealt to d21b842d 
Dealt to 142e76a5 
Dealt to a0442fc2 
Dealt to d9ad0251 
Dealt to e4626d3f 
Dealt to 487c4c75 
Dealt to Hero [9h 4s]
d21b842d: folds
a0442fc2: folds
142e76a5: raises $6 to $10
487c4c75: calls $6
d9ad0251: folds
e4626d3f: folds
Hero: folds
*** FLOP *** [Kh 7c Ah]
142e76a5: checks
487c4c75: checks
*** TURN *** [Kh 7c Ah] [3c]
142e76a5: checks
487c4c75: checks
*** RIVER *** [Kh 7c Ah 3c] [Qc]
142e76a5: checks
487c4c75: bets $17.16
142e76a5: folds
Uncalled bet ($17.16) returned to 487c4c75
*** SHOWDOWN ***
487c4c75 collected $26 from pot
*** SUMMARY ***
Total pot $26
Board [Kh 7c Ah 3c Qc]
Seat 7: d21b842d folded before Flop (didn't bet)
Seat 2: 142e76a5 folded on the River
Seat 1: a0442fc2 folded before Flop (didn't bet)
Seat 4: d9ad0251 folded before Flop (didn't bet)
Seat 5: e4626d3f(small blind) folded before Flop
Seat 3: 487c4c75won ($26) with Aces-High Straight
Seat 6: Hero(big blind) folded before Flop



Poker Hand #ring_993590631: NLH No Limit ($2/$4) - 2025/07/15 22:57:08
Table 'MR NLH 2/4' 7-max Seat #0 is the button
Seat 7: d21b842d ($317.29 in chips)
Seat 2: 142e76a5 ($1,069.23 in chips)
Seat 1: a0442fc2 ($270.03 in chips)
Seat 4: d9ad0251 ($682.46 in chips)
Seat 5: e4626d3f ($1,015.96 in chips)
Seat 6: Hero ($180.59 in chips)
d9ad0251: posts small blind $2
e4626d3f: posts big blind $4
*** HOLE CARDS ***
Dealt to d21b842d 
Dealt to 142e76a5 
Dealt to a0442fc2 
Dealt to d9ad0251 
Dealt to e4626d3f 
Dealt to Hero [2c Kd]
Hero: folds
d21b842d: raises $4 to $8
a0442fc2: folds
142e76a5: folds
d9ad0251: calls $6
e4626d3f: calls $4
*** FLOP *** [Tc Qh 9c]
d9ad0251: checks
e4626d3f: checks
d21b842d: bets $12
d9ad0251: folds
e4626d3f: folds
Uncalled bet ($12) returned to d21b842d
*** SHOWDOWN ***
d21b842d collected $24 from pot
*** SUMMARY ***
Total pot $24
Board [Tc Qh 9c]
Seat 7: d21b842dwon ($24) with Queen-High
Seat 2: 142e76a5 folded before Flop (didn't bet)
Seat 1: a0442fc2 folded before Flop (didn't bet)
Seat 4: d9ad0251(small blind) folded on the Flop
Seat 5: e4626d3f(big blind) folded on the Flop
Seat 6: Hero folded before Flop (didn't bet)



Poker Hand #ring_993587393: NLH No Limit ($2/$4) - 2025/07/15 22:55:35
Table 'MR NLH 2/4' 7-max Seat #2 is the button
Seat 7: d21b842d ($317.29 in chips)
Seat 2: 142e76a5 ($1,069.23 in chips)
Seat 1: a0442fc2 ($270.03 in chips)
Seat 4: d9ad0251 ($610.21 in chips)
Seat 5: e4626d3f ($1,025.96 in chips)
Seat 6: Hero ($250.59 in chips)
d9ad0251: posts big blind $4
*** HOLE CARDS ***
Dealt to d21b842d 
Dealt to 142e76a5 
Dealt to a0442fc2 
Dealt to d9ad0251 
Dealt to e4626d3f 
Dealt to Hero [Ad 6d]
e4626d3f: raises $6 to $10
Hero: calls $10
d21b842d: folds
a0442fc2: folds
142e76a5: folds
d9ad0251: calls $6
*** FLOP *** [Ac 8h 5s]
d9ad0251: bets $15
e4626d3f: folds
Hero: calls $15
*** TURN *** [Ac 8h 5s] [2s]
d9ad0251: bets $45
Hero: calls $45
*** RIVER *** [Ac 8h 5s 2s] [8c]
d9ad0251: bets $75
Hero: folds
Uncalled bet ($75) returned to d9ad0251
d9ad0251: shows [As]
Hero: shows [Ad]
*** SHOWDOWN ***
d9ad0251 collected $150 from pot
*** SUMMARY ***
Total pot $150
Board [Ac 8h 5s 2s 8c]
Seat 7: d21b842d folded before Flop (didn't bet)
Seat 2: 142e76a5 folded before Flop (didn't bet)
Seat 1: a0442fc2 folded before Flop (didn't bet)
Seat 4: d9ad0251(big blind) showed [As] and won ($150) with Pair of Aces and Pair of Eights
Seat 5: e4626d3f folded on the Flop
Seat 6: Hero folded on the River



Poker Hand #ring_993585189: NLH No Limit ($2/$4) - 2025/07/15 22:54:30
Table 'MR NLH 2/4' 7-max Seat #1 is the button
Seat 7: d21b842d ($333.29 in chips)
Seat 2: 142e76a5 ($1,071.23 in chips)
Seat 1: a0442fc2 ($224 in chips)
Seat 4: d9ad0251 ($626.21 in chips)
Seat 5: e4626d3f ($1,025.96 in chips)
Seat 3: 79d97765 ($1,250.91 in chips)
Seat 6: Hero ($250.59 in chips)
142e76a5: posts small blind $2
79d97765: posts big blind $4
*** HOLE CARDS ***
Dealt to d21b842d 
Dealt to 142e76a5 
Dealt to a0442fc2 
Dealt to d9ad0251 
Dealt to e4626d3f 
Dealt to 79d97765 
Dealt to Hero [9c Kh]
d9ad0251: calls $4
e4626d3f: folds
Hero: folds
d21b842d: raises $12 to $16
a0442fc2: calls $16
142e76a5: folds
79d97765: calls $12
d9ad0251: calls $12
*** FLOP *** [7d 5h Qc]
79d97765: checks
d9ad0251: checks
d21b842d: checks
a0442fc2: bets $21.78
79d97765: folds
d9ad0251: folds
d21b842d: folds
Uncalled bet ($21.78) returned to a0442fc2
*** SHOWDOWN ***
a0442fc2 collected $66 from pot
*** SUMMARY ***
Total pot $66
Board [7d 5h Qc]
Seat 7: d21b842d folded on the Flop
Seat 2: 142e76a5(small blind) folded before Flop
Seat 1: a0442fc2won ($66) with Pair of Fives
Seat 4: d9ad0251 folded on the Flop
Seat 5: e4626d3f folded before Flop (didn't bet)
Seat 3: 79d97765(big blind) folded on the Flop
Seat 6: Hero folded before Flop (didn't bet)



Poker Hand #ring_993582782: NLH No Limit ($2/$4) - 2025/07/15 22:53:21
Table 'MR NLH 2/4' 7-max Seat #7 is the button
Seat 7: d21b842d ($343.29 in chips)
Seat 2: 142e76a5 ($1,075.23 in chips)
Seat 1: a0442fc2 ($40.46 in chips)
Seat 4: d9ad0251 ($476.79 in chips)
Seat 5: e4626d3f ($1,025.96 in chips)
Seat 3: 79d97765 ($1,359.05 in chips)
Seat 6: Hero ($250.59 in chips)
a0442fc2: posts small blind $2
142e76a5: posts big blind $4
*** HOLE CARDS ***
Dealt to d21b842d 
Dealt to 142e76a5 
Dealt to a0442fc2 
Dealt to d9ad0251 
Dealt to e4626d3f 
Dealt to 79d97765 
Dealt to Hero [2h 9h]
79d97765: raises $6 to $10
d9ad0251: calls $10
e4626d3f: folds
Hero: folds
d21b842d: calls $10
a0442fc2: calls $8
142e76a5: folds
*** FLOP *** [9c 8d Jh]
a0442fc2: bets $30.46 and is all-in
79d97765: calls $30.46
d9ad0251: calls $30.46
d21b842d: folds
*** TURN *** [9c 8d Jh] [6s]
79d97765: checks
d9ad0251: bets $67.68
79d97765: calls $67.68
*** RIVER *** [9c 8d Jh 6s] [Ad]
79d97765: checks
d9ad0251: checks
a0442fc2: shows [9s 4c]
79d97765: shows [Td Kd]
d9ad0251: shows [Th Jd]
*** SHOWDOWN ***
d9ad0251 collected $135.38 from pot
d9ad0251 collected $135.36 from pot
*** SUMMARY ***
Total pot $270.74
Board [9c 8d Jh 6s Ad]
Seat 7: d21b842d folded on the Flop
Seat 2: 142e76a5(big blind) folded before Flop
Seat 1: a0442fc2(small blind) showed [9s 4c] and lost with Pair of Nines
Seat 4: d9ad0251 showed [Th Jd] and won ($135.38) with Pair of Jacks
Seat 5: e4626d3f folded before Flop (didn't bet)
Seat 3: 79d97765 showed [Td Kd] and lost with Ace-High
Seat 6: Hero folded before Flop (didn't bet)



Poker Hand #ring_993580605: NLH No Limit ($2/$4) - 2025/07/15 22:52:17
Table 'MR NLH 2/4' 7-max Seat #6 is the button
Seat 7: d21b842d ($260.95 in chips)
Seat 2: 142e76a5 ($1,075.23 in chips)
Seat 1: a0442fc2 ($56.46 in chips)
Seat 4: d9ad0251 ($492.79 in chips)
Seat 5: e4626d3f ($1,025.96 in chips)
Seat 3: 79d97765 ($1,359.05 in chips)
Seat 6: Hero ($308.59 in chips)
d21b842d: posts small blind $2
a0442fc2: posts big blind $4
*** HOLE CARDS ***
Dealt to d21b842d 
Dealt to 142e76a5 
Dealt to a0442fc2 
Dealt to d9ad0251 
Dealt to e4626d3f 
Dealt to 79d97765 
Dealt to Hero [Qd Qc]
142e76a5: folds
79d97765: folds
d9ad0251: calls $4
e4626d3f: folds
Hero: raises $12 to $16
d21b842d: calls $14
a0442fc2: calls $12
d9ad0251: calls $12
*** FLOP *** [2s 9c 8h]
d21b842d: checks
a0442fc2: checks
d9ad0251: checks
Hero: bets $42
d21b842d: calls $42
a0442fc2: folds
d9ad0251: folds
*** TURN *** [2s 9c 8h] [Kh]
d21b842d: checks
Hero: checks
*** RIVER *** [2s 9c 8h Kh] [Ah]
d21b842d: bets $202.95 and is all-in
Hero: folds
Uncalled bet ($202.95) returned to d21b842d
*** SHOWDOWN ***
d21b842d collected $148 from pot
*** SUMMARY ***
Total pot $148
Board [2s 9c 8h Kh Ah]
Seat 7: d21b842d(small blind)won ($148) with Ace High Flush
Seat 2: 142e76a5 folded before Flop (didn't bet)
Seat 1: a0442fc2(big blind) folded on the Flop
Seat 4: d9ad0251 folded on the Flop
Seat 5: e4626d3f folded before Flop (didn't bet)
Seat 3: 79d97765 folded before Flop (didn't bet)
Seat 6: Hero folded on the River



Poker Hand #ring_993578030: NLH No Limit ($2/$4) - 2025/07/15 22:51:03
Table 'MR NLH 2/4' 7-max Seat #5 is the button
Seat 7: d21b842d ($264.95 in chips)
Seat 2: 142e76a5 ($729.65 in chips)
Seat 1: a0442fc2 ($239.22 in chips)
Seat 4: d9ad0251 ($492.79 in chips)
Seat 5: e4626d3f ($1,208.72 in chips)
Seat 3: 79d97765 ($1,359.05 in chips)
Seat 6: Hero ($310.59 in chips)
Hero: posts small blind $2
d21b842d: posts big blind $4
*** HOLE CARDS ***
Dealt to d21b842d 
Dealt to 142e76a5 
Dealt to a0442fc2 
Dealt to d9ad0251 
Dealt to e4626d3f 
Dealt to 79d97765 
Dealt to Hero [Ac 9c]
a0442fc2: raises $8 to $12
142e76a5: calls $12
79d97765: folds
d9ad0251: folds
e4626d3f: raises $48 to $60
Hero: folds
d21b842d: folds
a0442fc2: calls $48
142e76a5: calls $48
*** FLOP *** [9d 6h 9h]
a0442fc2: checks
142e76a5: checks
e4626d3f: bets $122.76
a0442fc2: calls $122.76
142e76a5: calls $122.76
*** TURN *** [9d 6h 9h] [3c]
a0442fc2: checks
142e76a5: checks
e4626d3f: checks
*** RIVER *** [9d 6h 9h 3c] [4s]
a0442fc2: checks
142e76a5: bets $277.14
e4626d3f: folds
a0442fc2: folds
Uncalled bet ($277.14) returned to 142e76a5
a0442fc2: shows [5h Th]
Hero: shows [9c]
*** SHOWDOWN ***
142e76a5 collected $554.28 from pot
*** SUMMARY ***
Total pot $554.28
Board [9d 6h 9h 3c 4s]
Seat 7: d21b842d(big blind) folded before Flop
Seat 2: 142e76a5won ($554.28) with Pair of Tens and Pair of Nines
Seat 1: a0442fc2 folded on the River
Seat 4: d9ad0251 folded before Flop (didn't bet)
Seat 5: e4626d3f folded on the River
Seat 3: 79d97765 folded before Flop (didn't bet)
Seat 6: Hero(small blind) folded before Flop



Poker Hand #ring_993577046: NLH No Limit ($2/$4) - 2025/07/15 22:50:34
Table 'MR NLH 2/4' 7-max Seat #4 is the button
Seat 7: d21b842d ($264.95 in chips)
Seat 2: 142e76a5 ($729.65 in chips)
Seat 1: a0442fc2 ($233.67 in chips)
Seat 4: d9ad0251 ($492.79 in chips)
Seat 5: e4626d3f ($1,210.72 in chips)
Seat 3: 79d97765 ($1,359.05 in chips)
Seat 6: Hero ($314.59 in chips)
e4626d3f: posts small blind $2
Hero: posts big blind $4
*** HOLE CARDS ***
Dealt to d21b842d 
Dealt to 142e76a5 
Dealt to a0442fc2 
Dealt to d9ad0251 
Dealt to e4626d3f 
Dealt to 79d97765 
Dealt to Hero [Ks 6c]
d21b842d: folds
a0442fc2: calls $4
142e76a5: folds
79d97765: folds
d9ad0251: folds
e4626d3f: folds
Hero: checks
*** FLOP *** [Jd 9h 5d]
Hero: checks
a0442fc2: bets $10
Hero: folds
Uncalled bet ($10) returned to a0442fc2
*** SHOWDOWN ***
a0442fc2 collected $10 from pot
*** SUMMARY ***
Total pot $10
Board [Jd 9h 5d]
Seat 7: d21b842d folded before Flop (didn't bet)
Seat 2: 142e76a5 folded before Flop (didn't bet)
Seat 1: a0442fc2won ($10) with Jack-High
Seat 4: d9ad0251 folded before Flop (didn't bet)
Seat 5: e4626d3f(small blind) folded before Flop
Seat 3: 79d97765 folded before Flop (didn't bet)
Seat 6: Hero(big blind) folded on the Flop



Poker Hand #ring_993575205: NLH No Limit ($2/$4) - 2025/07/15 22:49:40
Table 'MR NLH 2/4' 7-max Seat #3 is the button
Seat 7: d21b842d ($264.95 in chips)
Seat 2: 142e76a5 ($709.65 in chips)
Seat 1: a0442fc2 ($247.67 in chips)
Seat 4: d9ad0251 ($494.79 in chips)
Seat 5: e4626d3f ($1,214.72 in chips)
Seat 3: 79d97765 ($1,359.05 in chips)
Seat 6: Hero ($314.59 in chips)
d9ad0251: posts small blind $2
e4626d3f: posts big blind $4
*** HOLE CARDS ***
Dealt to d21b842d 
Dealt to 142e76a5 
Dealt to a0442fc2 
Dealt to d9ad0251 
Dealt to e4626d3f 
Dealt to 79d97765 
Dealt to Hero [8c Ad]
Hero: folds
d21b842d: folds
a0442fc2: raises $10 to $14
142e76a5: raises $34 to $48
79d97765: folds
d9ad0251: folds
e4626d3f: folds
a0442fc2: folds
Uncalled bet ($34) returned to 142e76a5
*** SHOWDOWN ***
142e76a5 collected $34 from pot
*** SUMMARY ***
Total pot $34
Seat 7: d21b842d folded before Flop (didn't bet)
Seat 2: 142e76a5won ($34)
Seat 1: a0442fc2 folded before Flop
Seat 4: d9ad0251(small blind) folded before Flop
Seat 5: e4626d3f(big blind) folded before Flop
Seat 3: 79d97765 folded before Flop (didn't bet)
Seat 6: Hero folded before Flop (didn't bet)



Poker Hand #ring_993571538: NLH No Limit ($2/$4) - 2025/07/15 22:47:55
Table 'MR NLH 2/4' 7-max Seat #2 is the button
Seat 7: d21b842d ($296.95 in chips)
Seat 2: 142e76a5 ($709.65 in chips)
Seat 1: a0442fc2 ($247.67 in chips)
Seat 4: d9ad0251 ($498.79 in chips)
Seat 5: e4626d3f ($1,214.72 in chips)
Seat 3: 79d97765 ($1,296.55 in chips)
Seat 6: Hero ($346.59 in chips)
79d97765: posts small blind $2
d9ad0251: posts big blind $4
*** HOLE CARDS ***
Dealt to d21b842d 
Dealt to 142e76a5 
Dealt to a0442fc2 
Dealt to d9ad0251 
Dealt to e4626d3f 
Dealt to 79d97765 
Dealt to Hero [5h 5c]
e4626d3f: folds
Hero: raises $8 to $12
d21b842d: calls $12
a0442fc2: folds
142e76a5: folds
79d97765: calls $10
d9ad0251: folds
*** FLOP *** [Jc 7s Tc]
79d97765: checks
Hero: checks
d21b842d: checks
*** TURN *** [Jc 7s Tc] [Ah]
79d97765: checks
Hero: bets $20
d21b842d: calls $20
79d97765: calls $20
*** RIVER *** [Jc 7s Tc Ah] [Qs]
79d97765: bets $75
Hero: folds
d21b842d: folds
Uncalled bet ($75) returned to 79d97765
*** SHOWDOWN ***
79d97765 collected $100 from pot
*** SUMMARY ***
Total pot $100
Board [Jc 7s Tc Ah Qs]
Seat 7: d21b842d folded on the River
Seat 2: 142e76a5 folded before Flop (didn't bet)
Seat 1: a0442fc2 folded before Flop (didn't bet)
Seat 4: d9ad0251(big blind) folded before Flop
Seat 5: e4626d3f folded before Flop (didn't bet)
Seat 3: 79d97765(small blind)won ($100) with Aces-High Straight
Seat 6: Hero folded on the River



Poker Hand #ring_993569893: NLH No Limit ($2/$4) - 2025/07/15 22:47:07
Table 'MR NLH 2/4' 7-max Seat #1 is the button
Seat 7: d21b842d ($318.95 in chips)
Seat 2: 142e76a5 ($731.65 in chips)
Seat 1: a0442fc2 ($200 in chips)
Seat 4: d9ad0251 ($502.79 in chips)
Seat 5: e4626d3f ($1,214.72 in chips)
Seat 3: 79d97765 ($1,300.55 in chips)
Seat 6: Hero ($346.59 in chips)
142e76a5: posts small blind $2
79d97765: posts big blind $4
a0442fc2: posts big blind $4
*** HOLE CARDS ***
Dealt to d21b842d 
Dealt to 142e76a5 
Dealt to a0442fc2 
Dealt to d9ad0251 
Dealt to e4626d3f 
Dealt to 79d97765 
Dealt to Hero [7h 5c]
d9ad0251: calls $4
e4626d3f: folds
Hero: folds
d21b842d: raises $18 to $22
a0442fc2: calls $18
142e76a5: calls $20
79d97765: folds
d9ad0251: folds
*** FLOP *** [Th Kh Js]
142e76a5: checks
d21b842d: checks
a0442fc2: bets $178 and is all-in
142e76a5: folds
d21b842d: folds
Uncalled bet ($178) returned to a0442fc2
d21b842d: shows [Jd]
*** SHOWDOWN ***
a0442fc2 collected $74 from pot
*** SUMMARY ***
Total pot $74
Board [Th Kh Js]
Seat 7: d21b842d folded on the Flop
Seat 2: 142e76a5(small blind) folded on the Flop
Seat 1: a0442fc2won ($74) with Pair of Kings
Seat 4: d9ad0251 folded before Flop
Seat 5: e4626d3f folded before Flop (didn't bet)
Seat 3: 79d97765(big blind) folded before Flop
Seat 6: Hero folded before Flop (didn't bet)



Poker Hand #ring_993566479: NLH No Limit ($2/$4) - 2025/07/15 22:45:28
Table 'MR NLH 2/4' 7-max Seat #7 is the button
Seat 7: d21b842d ($318.95 in chips)
Seat 1: c5328343 ($1,498.35 in chips)
Seat 2: 142e76a5 ($831.81 in chips)
Seat 4: d9ad0251 ($468.56 in chips)
Seat 5: e4626d3f ($1,214.72 in chips)
Seat 3: 79d97765 ($1,300.55 in chips)
Seat 6: Hero ($312.37 in chips)
c5328343: posts small blind $2
142e76a5: posts big blind $4
*** HOLE CARDS ***
Dealt to d21b842d 
Dealt to c5328343 
Dealt to 142e76a5 
Dealt to d9ad0251 
Dealt to e4626d3f 
Dealt to 79d97765 
Dealt to Hero [8c Qc]
79d97765: folds
d9ad0251: calls $4
e4626d3f: folds
Hero: raises $8 to $12
d21b842d: folds
c5328343: folds
142e76a5: calls $8
d9ad0251: calls $8
*** FLOP *** [Td 8d 9s]
142e76a5: checks
d9ad0251: bets $12.54
Hero: calls $12.54
142e76a5: calls $12.54
*** TURN *** [Td 8d 9s] [Jc]
142e76a5: checks
d9ad0251: bets $75.62
Hero: calls $75.62
142e76a5: calls $75.62
*** RIVER *** [Td 8d 9s Jc] [Kc]
142e76a5: checks
d9ad0251: bets $302.48
Hero: calls $212.21 and is all-in
142e76a5: folds
Uncalled bet ($90.27) returned to d9ad0251
d9ad0251: shows [8h Qs]
Hero: shows [8c Qc]
*** SHOWDOWN ***
d9ad0251 collected $363.45 from pot
Hero collected $363.45 from pot
*** SUMMARY ***
Total pot $726.9
Board [Td 8d 9s Jc Kc]
Seat 7: d21b842d folded before Flop (didn't bet)
Seat 1: c5328343(small blind) folded before Flop
Seat 2: 142e76a5(big blind) folded on the River
Seat 4: d9ad0251 showed [8h Qs] and won ($363.45) with Kings-High Straight
Seat 5: e4626d3f folded before Flop (didn't bet)
Seat 3: 79d97765 folded before Flop (didn't bet)
Seat 6: Hero showed [8c Qc] and won ($363.45) with Kings-High Straight



Poker Hand #ring_993564800: NLH No Limit ($2/$4) - 2025/07/15 22:44:39
Table 'MR NLH 2/4' 7-max Seat #6 is the button
Seat 7: d21b842d ($311.49 in chips)
Seat 1: c5328343 ($1,502.35 in chips)
Seat 2: 142e76a5 ($831.81 in chips)
Seat 4: d9ad0251 ($472.56 in chips)
Seat 5: e4626d3f ($1,214.72 in chips)
Seat 3: 79d97765 ($1,300.55 in chips)
Seat 6: Hero ($312.37 in chips)
d21b842d: posts small blind $2
c5328343: posts big blind $4
*** HOLE CARDS ***
Dealt to d21b842d 
Dealt to c5328343 
Dealt to 142e76a5 
Dealt to d9ad0251 
Dealt to e4626d3f 
Dealt to 79d97765 
Dealt to Hero [7d 3d]
142e76a5: folds
79d97765: folds
d9ad0251: calls $4
e4626d3f: folds
Hero: folds
d21b842d: calls $2
c5328343: checks
*** FLOP *** [Qc As Qd]
d21b842d: checks
c5328343: checks
d9ad0251: checks
*** TURN *** [Qc As Qd] [3c]
d21b842d: checks
c5328343: checks
d9ad0251: checks
*** RIVER *** [Qc As Qd 3c] [3h]
d21b842d: bets $9
c5328343: folds
d9ad0251: folds
Uncalled bet ($9) returned to d21b842d
*** SHOWDOWN ***
d21b842d collected $12 from pot
*** SUMMARY ***
Total pot $12
Board [Qc As Qd 3c 3h]
Seat 7: d21b842d(small blind)won ($12) with Pair of Queens and Pair of Treys
Seat 1: c5328343(big blind) folded on the River
Seat 2: 142e76a5 folded before Flop (didn't bet)
Seat 4: d9ad0251 folded on the River
Seat 5: e4626d3f folded before Flop (didn't bet)
Seat 3: 79d97765 folded before Flop (didn't bet)
Seat 6: Hero folded before Flop (didn't bet)



Poker Hand #ring_993562838: NLH No Limit ($2/$4) - 2025/07/15 22:43:41
Table 'MR NLH 2/4' 7-max Seat #5 is the button
Seat 7: d21b842d ($321.49 in chips)
Seat 1: c5328343 ($1,502.35 in chips)
Seat 2: 142e76a5 ($841.81 in chips)
Seat 4: d9ad0251 ($452 in chips)
Seat 5: e4626d3f ($1,214.72 in chips)
Seat 3: 79d97765 ($1,300.55 in chips)
Seat 6: Hero ($314.37 in chips)
Hero: posts small blind $2
d21b842d: posts big blind $4
*** HOLE CARDS ***
Dealt to d21b842d 
Dealt to c5328343 
Dealt to 142e76a5 
Dealt to d9ad0251 
Dealt to e4626d3f 
Dealt to 79d97765 
Dealt to Hero [3d Qc]
c5328343: folds
142e76a5: raises $6 to $10
79d97765: folds
d9ad0251: calls $10
e4626d3f: folds
Hero: folds
d21b842d: calls $6
*** FLOP *** [Ts Kh 4h]
d21b842d: checks
142e76a5: checks
d9ad0251: checks
*** TURN *** [Ts Kh 4h] [9s]
d21b842d: checks
142e76a5: checks
d9ad0251: checks
*** RIVER *** [Ts Kh 4h 9s] [Jd]
d21b842d: checks
142e76a5: checks
d9ad0251: bets $32
d21b842d: folds
142e76a5: folds
Uncalled bet ($32) returned to d9ad0251
*** SHOWDOWN ***
d9ad0251 collected $32 from pot
*** SUMMARY ***
Total pot $32
Board [Ts Kh 4h 9s Jd]
Seat 7: d21b842d(big blind) folded on the River
Seat 1: c5328343 folded before Flop (didn't bet)
Seat 2: 142e76a5 folded on the River
Seat 4: d9ad0251won ($32) with Pair of Jacks and Pair of Nines
Seat 5: e4626d3f folded before Flop (didn't bet)
Seat 3: 79d97765 folded before Flop (didn't bet)
Seat 6: Hero(small blind) folded before Flop



Poker Hand #ring_993560717: NLH No Limit ($2/$4) - 2025/07/15 22:42:39
Table 'MR NLH 2/4' 7-max Seat #4 is the button
Seat 7: d21b842d ($333.49 in chips)
Seat 1: c5328343 ($1,556.35 in chips)
Seat 2: 142e76a5 ($841.81 in chips)
Seat 4: d9ad0251 ($386.67 in chips)
Seat 5: e4626d3f ($1,216.72 in chips)
Seat 3: 79d97765 ($1,300.55 in chips)
Seat 6: Hero ($318.37 in chips)
e4626d3f: posts small blind $2
Hero: posts big blind $4
*** HOLE CARDS ***
Dealt to d21b842d 
Dealt to c5328343 
Dealt to 142e76a5 
Dealt to d9ad0251 
Dealt to e4626d3f 
Dealt to 79d97765 
Dealt to Hero [4d 6c]
d21b842d: raises $8 to $12
c5328343: calls $12
142e76a5: folds
79d97765: folds
d9ad0251: raises $42 to $54
e4626d3f: folds
Hero: folds
d21b842d: folds
c5328343: calls $42
*** FLOP *** [2s 5s Jd]
c5328343: checks
d9ad0251: bets $332
c5328343: folds
Uncalled bet ($332) returned to d9ad0251
*** SHOWDOWN ***
d9ad0251 collected $126 from pot
*** SUMMARY ***
Total pot $126
Board [2s 5s Jd]
Seat 7: d21b842d folded before Flop
Seat 1: c5328343 folded on the Flop
Seat 2: 142e76a5 folded before Flop (didn't bet)
Seat 4: d9ad0251won ($126) with Pair of Kings
Seat 5: e4626d3f(small blind) folded before Flop
Seat 3: 79d97765 folded before Flop (didn't bet)
Seat 6: Hero(big blind) folded before Flop



Poker Hand #ring_993559015: NLH No Limit ($2/$4) - 2025/07/15 22:41:48
Table 'MR NLH 2/4' 7-max Seat #3 is the button
Seat 7: d21b842d ($333.49 in chips)
Seat 1: c5328343 ($1,556.35 in chips)
Seat 2: 142e76a5 ($841.81 in chips)
Seat 4: d9ad0251 ($411.67 in chips)
Seat 5: e4626d3f ($1,226.72 in chips)
Seat 3: 79d97765 ($1,269.25 in chips)
Seat 6: Hero ($318.37 in chips)
d9ad0251: posts small blind $2
e4626d3f: posts big blind $4
*** HOLE CARDS ***
Dealt to d21b842d 
Dealt to c5328343 
Dealt to 142e76a5 
Dealt to d9ad0251 
Dealt to e4626d3f 
Dealt to 79d97765 
Dealt to Hero [2d 7h]
Hero: folds
d21b842d: folds
c5328343: folds
142e76a5: folds
79d97765: raises $6 to $10
d9ad0251: calls $8
e4626d3f: calls $6
*** FLOP *** [Ks 8d Ac]
d9ad0251: bets $15
e4626d3f: folds
79d97765: raises $33 to $48
d9ad0251: folds
Uncalled bet ($33) returned to 79d97765
*** SHOWDOWN ***
79d97765 collected $60 from pot
*** SUMMARY ***
Total pot $60
Board [Ks 8d Ac]
Seat 7: d21b842d folded before Flop (didn't bet)
Seat 1: c5328343 folded before Flop (didn't bet)
Seat 2: 142e76a5 folded before Flop (didn't bet)
Seat 4: d9ad0251(small blind) folded on the Flop
Seat 5: e4626d3f(big blind) folded on the Flop
Seat 3: 79d97765won ($60) with Ace-High
Seat 6: Hero folded before Flop (didn't bet)



Poker Hand #ring_993557128: NLH No Limit ($2/$4) - 2025/07/15 22:40:53
Table 'MR NLH 2/4' 7-max Seat #2 is the button
Seat 7: d21b842d ($231.87 in chips)
Seat 1: c5328343 ($1,610.35 in chips)
Seat 2: 142e76a5 ($841.81 in chips)
Seat 4: d9ad0251 ($465.67 in chips)
Seat 5: e4626d3f ($1,226.72 in chips)
Seat 3: 79d97765 ($1,271.25 in chips)
Seat 6: Hero ($318.37 in chips)
79d97765: posts small blind $2
d9ad0251: posts big blind $4
*** HOLE CARDS ***
Dealt to d21b842d 
Dealt to c5328343 
Dealt to 142e76a5 
Dealt to d9ad0251 
Dealt to e4626d3f 
Dealt to 79d97765 
Dealt to Hero [4h Ad]
e4626d3f: folds
Hero: folds
d21b842d: calls $4
c5328343: raises $12 to $16
142e76a5: folds
79d97765: folds
d9ad0251: raises $38 to $54
d21b842d: calls $50
c5328343: calls $38
*** FLOP *** [Qc Kd Td]
d9ad0251: checks
d21b842d: checks
c5328343: checks
*** TURN *** [Qc Kd Td] [5h]
d9ad0251: checks
d21b842d: checks
c5328343: checks
*** RIVER *** [Qc Kd Td 5h] [5d]
d9ad0251: checks
d21b842d: checks
c5328343: checks
c5328343: shows [Tc As]
d9ad0251: shows [7h 7s]
d21b842d: shows [Js Qh]
*** SHOWDOWN ***
d21b842d collected $164 from pot
*** SUMMARY ***
Total pot $164
Board [Qc Kd Td 5h 5d]
Seat 7: d21b842d showed [Js Qh] and won ($164) with Pair of Queens and Pair of Fives
Seat 1: c5328343 showed [Tc As] and lost with Pair of Tens and Pair of Fives
Seat 2: 142e76a5 folded before Flop (didn't bet)
Seat 4: d9ad0251(big blind) showed [7h 7s] and lost with Pair of Sevens and Pair of Fives
Seat 5: e4626d3f folded before Flop (didn't bet)
Seat 3: 79d97765(small blind) folded before Flop
Seat 6: Hero folded before Flop (didn't bet)



Poker Hand #ring_993556329: NLH No Limit ($2/$4) - 2025/07/15 22:40:28
Table 'MR NLH 2/4' 7-max Seat #1 is the button
Seat 7: d21b842d ($231.87 in chips)
Seat 1: c5328343 ($1,610.35 in chips)
Seat 2: 142e76a5 ($843.81 in chips)
Seat 4: d9ad0251 ($465.67 in chips)
Seat 5: e4626d3f ($1,226.72 in chips)
Seat 3: 79d97765 ($1,269.25 in chips)
Seat 6: Hero ($318.37 in chips)
142e76a5: posts small blind $2
79d97765: posts big blind $4
*** HOLE CARDS ***
Dealt to d21b842d 
Dealt to c5328343 
Dealt to 142e76a5 
Dealt to d9ad0251 
Dealt to e4626d3f 
Dealt to 79d97765 
Dealt to Hero [4c 5h]
d9ad0251: folds
e4626d3f: folds
Hero: folds
d21b842d: folds
c5328343: folds
142e76a5: folds
*** SHOWDOWN ***
79d97765 collected $6 from pot
*** SUMMARY ***
Total pot $6
Seat 7: d21b842d folded before Flop (didn't bet)
Seat 1: c5328343 folded before Flop (didn't bet)
Seat 2: 142e76a5(small blind) folded before Flop
Seat 4: d9ad0251 folded before Flop (didn't bet)
Seat 5: e4626d3f folded before Flop (didn't bet)
Seat 3: 79d97765(big blind)won ($6)
Seat 6: Hero folded before Flop (didn't bet)



Poker Hand #ring_993554641: NLH No Limit ($2/$4) - 2025/07/15 22:39:37
Table 'MR NLH 2/4' 7-max Seat #7 is the button
Seat 7: d21b842d ($217.04 in chips)
Seat 1: c5328343 ($1,612.35 in chips)
Seat 2: 142e76a5 ($847.81 in chips)
Seat 4: d9ad0251 ($465.67 in chips)
Seat 5: e4626d3f ($1,226.72 in chips)
Seat 3: 79d97765 ($1,279.25 in chips)
Seat 6: Hero ($318.37 in chips)
c5328343: posts small blind $2
142e76a5: posts big blind $4
*** HOLE CARDS ***
Dealt to d21b842d 
Dealt to c5328343 
Dealt to 142e76a5 
Dealt to d9ad0251 
Dealt to e4626d3f 
Dealt to 79d97765 
Dealt to Hero [4h 6s]
79d97765: raises $6 to $10
d9ad0251: folds
e4626d3f: folds
Hero: folds
d21b842d: calls $10
c5328343: folds
142e76a5: folds
*** FLOP *** [Kh 5h 3c]
79d97765: checks
d21b842d: bets $19.5
79d97765: folds
Uncalled bet ($19.5) returned to d21b842d
*** SHOWDOWN ***
d21b842d collected $26 from pot
*** SUMMARY ***
Total pot $26
Board [Kh 5h 3c]
Seat 7: d21b842dwon ($26) with Ace-High
Seat 1: c5328343(small blind) folded before Flop
Seat 2: 142e76a5(big blind) folded before Flop
Seat 4: d9ad0251 folded before Flop (didn't bet)
Seat 5: e4626d3f folded before Flop (didn't bet)
Seat 3: 79d97765 folded on the Flop
Seat 6: Hero folded before Flop (didn't bet)



Poker Hand #ring_993552116: NLH No Limit ($2/$4) - 2025/07/15 22:38:22
Table 'MR NLH 2/4' 7-max Seat #6 is the button
Seat 7: d21b842d ($219.04 in chips)
Seat 1: c5328343 ($1,602.98 in chips)
Seat 2: 142e76a5 ($847.81 in chips)
Seat 4: d9ad0251 ($469.67 in chips)
Seat 5: e4626d3f ($1,226.72 in chips)
Seat 3: 79d97765 ($1,279.25 in chips)
Seat 6: Hero ($322.37 in chips)
d21b842d: posts small blind $2
c5328343: posts big blind $4
*** HOLE CARDS ***
Dealt to d21b842d 
Dealt to c5328343 
Dealt to 142e76a5 
Dealt to d9ad0251 
Dealt to e4626d3f 
Dealt to 79d97765 
Dealt to Hero [4h 3d]
142e76a5: folds
79d97765: folds
d9ad0251: calls $4
e4626d3f: folds
Hero: calls $4
d21b842d: folds
c5328343: checks
*** FLOP *** [9d Ks Jc]
c5328343: checks
d9ad0251: checks
Hero: checks
*** TURN *** [9d Ks Jc] [5s]
c5328343: checks
d9ad0251: checks
Hero: checks
*** RIVER *** [9d Ks Jc 5s] [2h]
c5328343: checks
d9ad0251: checks
Hero: checks
c5328343: shows [8c Js]
d9ad0251: shows [6h 5h]
Hero: shows [4h 3d]
*** SHOWDOWN ***
c5328343 collected $14 from pot
*** SUMMARY ***
Total pot $14
Board [9d Ks Jc 5s 2h]
Seat 7: d21b842d(small blind) folded before Flop
Seat 1: c5328343(big blind) showed [8c Js] and won ($14) with Pair of Jacks
Seat 2: 142e76a5 folded before Flop (didn't bet)
Seat 4: d9ad0251 showed [6h 5h] and lost with Pair of Fives
Seat 5: e4626d3f folded before Flop (didn't bet)
Seat 3: 79d97765 folded before Flop (didn't bet)
Seat 6: Hero showed [4h 3d] and lost with King-High



Poker Hand #ring_993550092: NLH No Limit ($2/$4) - 2025/07/15 22:37:21
Table 'MR NLH 2/4' 7-max Seat #5 is the button
Seat 7: d21b842d ($174.54 in chips)
Seat 1: c5328343 ($1,602.98 in chips)
Seat 2: 142e76a5 ($847.81 in chips)
Seat 4: d9ad0251 ($469.67 in chips)
Seat 5: e4626d3f ($1,226.72 in chips)
Seat 3: 79d97765 ($1,279.25 in chips)
Seat 6: Hero ($372.37 in chips)
Hero: posts small blind $2
d21b842d: posts big blind $4
*** HOLE CARDS ***
Dealt to d21b842d 
Dealt to c5328343 
Dealt to 142e76a5 
Dealt to d9ad0251 
Dealt to e4626d3f 
Dealt to 79d97765 
Dealt to Hero [5h 6h]
c5328343: folds
142e76a5: folds
79d97765: folds
d9ad0251: folds
e4626d3f: folds
Hero: raises $6 to $10
d21b842d: calls $6
*** FLOP *** [Th 6s 3c]
Hero: bets $10
d21b842d: calls $10
*** TURN *** [Th 6s 3c] [2c]
Hero: checks
d21b842d: checks
*** RIVER *** [Th 6s 3c 2c] [Qs]
Hero: checks
d21b842d: bets $30
Hero: calls $30
Hero: shows [5h 6h]
d21b842d: shows [Jc Qd]
*** SHOWDOWN ***
d21b842d collected $100 from pot
*** SUMMARY ***
Total pot $100
Board [Th 6s 3c 2c Qs]
Seat 7: d21b842d(big blind) showed [Jc Qd] and won ($100) with Pair of Queens
Seat 1: c5328343 folded before Flop (didn't bet)
Seat 2: 142e76a5 folded before Flop (didn't bet)
Seat 4: d9ad0251 folded before Flop (didn't bet)
Seat 5: e4626d3f folded before Flop (didn't bet)
Seat 3: 79d97765 folded before Flop (didn't bet)
Seat 6: Hero(small blind) showed [5h 6h] and lost with Pair of Sixes



Poker Hand #ring_993548480: NLH No Limit ($2/$4) - 2025/07/15 22:36:31
Table 'MR NLH 2/4' 7-max Seat #4 is the button
Seat 7: d21b842d ($178.54 in chips)
Seat 1: c5328343 ($1,602.98 in chips)
Seat 2: 142e76a5 ($847.81 in chips)
Seat 4: d9ad0251 ($460.3 in chips)
Seat 5: e4626d3f ($1,228.72 in chips)
Seat 3: 79d97765 ($1,279.25 in chips)
Seat 6: Hero ($376.37 in chips)
e4626d3f: posts small blind $2
Hero: posts big blind $4
*** HOLE CARDS ***
Dealt to d21b842d 
Dealt to c5328343 
Dealt to 142e76a5 
Dealt to d9ad0251 
Dealt to e4626d3f 
Dealt to 79d97765 
Dealt to Hero [4d 6c]
d21b842d: calls $4
c5328343: folds
142e76a5: folds
79d97765: folds
d9ad0251: calls $4
e4626d3f: folds
Hero: checks
*** FLOP *** [4c 3d Kd]
Hero: checks
d21b842d: checks
d9ad0251: bets $14
Hero: folds
d21b842d: folds
Uncalled bet ($14) returned to d9ad0251
*** SHOWDOWN ***
d9ad0251 collected $14 from pot
*** SUMMARY ***
Total pot $14
Board [4c 3d Kd]
Seat 7: d21b842d folded on the Flop
Seat 1: c5328343 folded before Flop (didn't bet)
Seat 2: 142e76a5 folded before Flop (didn't bet)
Seat 4: d9ad0251won ($14) with Pair of Kings
Seat 5: e4626d3f(small blind) folded before Flop
Seat 3: 79d97765 folded before Flop (didn't bet)
Seat 6: Hero(big blind) folded on the Flop



Poker Hand #ring_993547247: NLH No Limit ($2/$4) - 2025/07/15 22:35:54
Table 'MR NLH 2/4' 7-max Seat #3 is the button
Seat 7: d21b842d ($178.54 in chips)
Seat 1: c5328343 ($1,630.98 in chips)
Seat 2: 142e76a5 ($847.81 in chips)
Seat 4: d9ad0251 ($432 in chips)
Seat 5: e4626d3f ($1,232.72 in chips)
Seat 3: 79d97765 ($1,279.25 in chips)
Seat 6: Hero ($376.37 in chips)
d9ad0251: posts small blind $2
e4626d3f: posts big blind $4
*** HOLE CARDS ***
Dealt to d21b842d 
Dealt to c5328343 
Dealt to 142e76a5 
Dealt to d9ad0251 
Dealt to e4626d3f 
Dealt to 79d97765 
Dealt to Hero [7d Qd]
Hero: folds
d21b842d: folds
c5328343: raises $4 to $8
142e76a5: folds
79d97765: folds
d9ad0251: raises $20 to $28
e4626d3f: folds
c5328343: calls $20
*** FLOP *** [7h 9h Js]
d9ad0251: bets $60
c5328343: folds
Uncalled bet ($60) returned to d9ad0251
*** SHOWDOWN ***
d9ad0251 collected $60 from pot
*** SUMMARY ***
Total pot $60
Board [7h 9h Js]
Seat 7: d21b842d folded before Flop (didn't bet)
Seat 1: c5328343 folded on the Flop
Seat 2: 142e76a5 folded before Flop (didn't bet)
Seat 4: d9ad0251(small blind)won ($60) with Pair of Aces
Seat 5: e4626d3f(big blind) folded before Flop
Seat 3: 79d97765 folded before Flop (didn't bet)
Seat 6: Hero folded before Flop (didn't bet)



Poker Hand #ring_993546265: NLH No Limit ($2/$4) - 2025/07/15 22:35:24
Table 'MR NLH 2/4' 7-max Seat #2 is the button
Seat 7: d21b842d ($178.54 in chips)
Seat 1: c5328343 ($1,630.98 in chips)
Seat 2: 142e76a5 ($847.81 in chips)
Seat 4: d9ad0251 ($436 in chips)
Seat 5: e4626d3f ($1,232.72 in chips)
Seat 3: 79d97765 ($1,281.25 in chips)
Seat 6: Hero ($370.37 in chips)
79d97765: posts small blind $2
d9ad0251: posts big blind $4
*** HOLE CARDS ***
Dealt to d21b842d 
Dealt to c5328343 
Dealt to 142e76a5 
Dealt to d9ad0251 
Dealt to e4626d3f 
Dealt to 79d97765 
Dealt to Hero [Td Qd]
e4626d3f: folds
Hero: raises $8 to $12
d21b842d: folds
c5328343: folds
142e76a5: folds
79d97765: folds
d9ad0251: folds
Uncalled bet ($8) returned to Hero
*** SHOWDOWN ***
Hero collected $10 from pot
*** SUMMARY ***
Total pot $10
Seat 7: d21b842d folded before Flop (didn't bet)
Seat 1: c5328343 folded before Flop (didn't bet)
Seat 2: 142e76a5 folded before Flop (didn't bet)
Seat 4: d9ad0251(big blind) folded before Flop
Seat 5: e4626d3f folded before Flop (didn't bet)
Seat 3: 79d97765(small blind) folded before Flop
Seat 6: Herowon ($10)



Poker Hand #ring_993543117: NLH No Limit ($2/$4) - 2025/07/15 22:33:49
Table 'MR NLH 2/4' 7-max Seat #1 is the button
Seat 7: d21b842d ($178.54 in chips)
Seat 1: c5328343 ($1,560.73 in chips)
Seat 2: 142e76a5 ($849.81 in chips)
Seat 4: d9ad0251 ($436 in chips)
Seat 5: e4626d3f ($1,232.72 in chips)
Seat 3: 79d97765 ($1,285.25 in chips)
Seat 6: Hero ($442.37 in chips)
142e76a5: posts small blind $2
79d97765: posts big blind $4
*** HOLE CARDS ***
Dealt to d21b842d 
Dealt to c5328343 
Dealt to 142e76a5 
Dealt to d9ad0251 
Dealt to e4626d3f 
Dealt to 79d97765 
Dealt to Hero [3c 3d]
d9ad0251: folds
e4626d3f: folds
Hero: raises $8 to $12
d21b842d: folds
c5328343: raises $22.5 to $34.5
142e76a5: folds
79d97765: folds
Hero: calls $22.5
*** FLOP *** [6s 8s 6h]
Hero: checks
c5328343: bets $37.5
Hero: calls $37.5
*** TURN *** [6s 8s 6h] [2c]
Hero: checks
c5328343: bets $96
Hero: folds
Uncalled bet ($96) returned to c5328343
*** SHOWDOWN ***
c5328343 collected $150 from pot
*** SUMMARY ***
Total pot $150
Board [6s 8s 6h 2c]
Seat 7: d21b842d folded before Flop (didn't bet)
Seat 1: c5328343won ($150) with Pair of Jacks and Pair of Sixes
Seat 2: 142e76a5(small blind) folded before Flop
Seat 4: d9ad0251 folded before Flop (didn't bet)
Seat 5: e4626d3f folded before Flop (didn't bet)
Seat 3: 79d97765(big blind) folded before Flop
Seat 6: Hero folded on the Turn



Poker Hand #ring_993541728: NLH No Limit ($2/$4) - 2025/07/15 22:33:07
Table 'MR NLH 2/4' 7-max Seat #7 is the button
Seat 7: d21b842d ($178.54 in chips)
Seat 1: c5328343 ($1,562.73 in chips)
Seat 2: 142e76a5 ($853.81 in chips)
Seat 4: d9ad0251 ($496 in chips)
Seat 5: e4626d3f ($1,163.84 in chips)
Seat 3: 79d97765 ($1,295.25 in chips)
Seat 6: Hero ($442.37 in chips)
c5328343: posts small blind $2
142e76a5: posts big blind $4
*** HOLE CARDS ***
Dealt to d21b842d 
Dealt to c5328343 
Dealt to 142e76a5 
Dealt to d9ad0251 
Dealt to e4626d3f 
Dealt to 79d97765 
Dealt to Hero [4s 8s]
79d97765: raises $6 to $10
d9ad0251: calls $10
e4626d3f: raises $50 to $60
Hero: folds
d21b842d: folds
c5328343: folds
142e76a5: folds
79d97765: folds
d9ad0251: calls $50
*** FLOP *** [6h 5s 2h]
d9ad0251: checks
e4626d3f: bets $108.8
d9ad0251: folds
Uncalled bet ($108.8) returned to e4626d3f
*** SHOWDOWN ***
e4626d3f collected $136 from pot
*** SUMMARY ***
Total pot $136
Board [6h 5s 2h]
Seat 7: d21b842d folded before Flop (didn't bet)
Seat 1: c5328343(small blind) folded before Flop
Seat 2: 142e76a5(big blind) folded before Flop
Seat 4: d9ad0251 folded on the Flop
Seat 5: e4626d3fwon ($136) with Pair of Queens
Seat 3: 79d97765 folded before Flop
Seat 6: Hero folded before Flop (didn't bet)



Poker Hand #ring_993540500: NLH No Limit ($2/$4) - 2025/07/15 22:32:31
Table 'MR NLH 2/4' 7-max Seat #6 is the button
Seat 7: d21b842d ($171.26 in chips)
Seat 1: c5328343 ($1,570.73 in chips)
Seat 2: 142e76a5 ($853.81 in chips)
Seat 4: d9ad0251 ($496 in chips)
Seat 5: e4626d3f ($1,163.84 in chips)
Seat 3: 79d97765 ($1,295.25 in chips)
Seat 6: Hero ($442.37 in chips)
d21b842d: posts small blind $2
c5328343: posts big blind $4
*** HOLE CARDS ***
Dealt to d21b842d 
Dealt to c5328343 
Dealt to 142e76a5 
Dealt to d9ad0251 
Dealt to e4626d3f 
Dealt to 79d97765 
Dealt to Hero [3d Js]
142e76a5: folds
79d97765: folds
d9ad0251: folds
e4626d3f: folds
Hero: folds
d21b842d: calls $2
c5328343: checks
*** FLOP *** [7h 3s 2d]
d21b842d: checks
c5328343: bets $4
d21b842d: calls $4
*** TURN *** [7h 3s 2d] [Qs]
d21b842d: checks
c5328343: checks
*** RIVER *** [7h 3s 2d Qs] [6c]
d21b842d: bets $16
c5328343: folds
Uncalled bet ($16) returned to d21b842d
*** SHOWDOWN ***
d21b842d collected $16 from pot
*** SUMMARY ***
Total pot $16
Board [7h 3s 2d Qs 6c]
Seat 7: d21b842d(small blind)won ($16) with Pair of Queens
Seat 1: c5328343(big blind) folded on the River
Seat 2: 142e76a5 folded before Flop (didn't bet)
Seat 4: d9ad0251 folded before Flop (didn't bet)
Seat 5: e4626d3f folded before Flop (didn't bet)
Seat 3: 79d97765 folded before Flop (didn't bet)
Seat 6: Hero folded before Flop (didn't bet)



Poker Hand #ring_993539076: NLH No Limit ($2/$4) - 2025/07/15 22:31:48
Table 'MR NLH 2/4' 7-max Seat #5 is the button
Seat 7: d21b842d ($175.26 in chips)
Seat 1: c5328343 ($1,570.73 in chips)
Seat 2: 142e76a5 ($853.81 in chips)
Seat 4: d9ad0251 ($500 in chips)
Seat 5: e4626d3f ($1,167.84 in chips)
Seat 3: 79d97765 ($1,295.25 in chips)
Seat 6: Hero ($431.09 in chips)
Hero: posts small blind $2
d21b842d: posts big blind $4
d9ad0251: posts big blind $4
*** HOLE CARDS ***
Dealt to d21b842d 
Dealt to c5328343 
Dealt to 142e76a5 
Dealt to d9ad0251 
Dealt to e4626d3f 
Dealt to 79d97765 
Dealt to Hero [9h Ks]
c5328343: folds
142e76a5: folds
79d97765: folds
d9ad0251: checks
e4626d3f: calls $4
Hero: calls $2
d21b842d: checks
*** FLOP *** [5c Kh 8h]
Hero: bets $8
d21b842d: folds
d9ad0251: folds
e4626d3f: folds
Uncalled bet ($8) returned to Hero
*** SHOWDOWN ***
Hero collected $16 from pot
*** SUMMARY ***
Total pot $16
Board [5c Kh 8h]
Seat 7: d21b842d(big blind) folded on the Flop
Seat 1: c5328343 folded before Flop (didn't bet)
Seat 2: 142e76a5 folded before Flop (didn't bet)
Seat 4: d9ad0251 folded on the Flop
Seat 5: e4626d3f folded on the Flop
Seat 3: 79d97765 folded before Flop (didn't bet)
Seat 6: Hero(small blind)won ($16) with Pair of Kings



Poker Hand #ring_993537281: NLH No Limit ($2/$4) - 2025/07/15 22:30:54
Table 'MR NLH 2/4' 7-max Seat #3 is the button
Seat 7: d21b842d ($132.31 in chips)
Seat 1: c5328343 ($1,570.73 in chips)
Seat 2: 142e76a5 ($895.81 in chips)
Seat 5: e4626d3f ($1,169.84 in chips)
Seat 3: 79d97765 ($1,295.25 in chips)
Seat 6: Hero ($435.09 in chips)
e4626d3f: posts small blind $2
Hero: posts big blind $4
*** HOLE CARDS ***
Dealt to d21b842d 
Dealt to c5328343 
Dealt to 142e76a5 
Dealt to e4626d3f 
Dealt to 79d97765 
Dealt to Hero [Qs 5h]
d21b842d: raises $8 to $12
c5328343: folds
142e76a5: calls $12
79d97765: folds
e4626d3f: folds
Hero: folds
*** FLOP *** [Jc 4d 6h]
d21b842d: bets $30
142e76a5: calls $30
*** TURN *** [Jc 4d 6h] [As]
d21b842d: checks
142e76a5: checks
*** RIVER *** [Jc 4d 6h As] [8s]
d21b842d: checks
142e76a5: checks
142e76a5: shows [9h 9c]
d21b842d: shows [Ks Kc]
*** SHOWDOWN ***
d21b842d collected $90 from pot
*** SUMMARY ***
Total pot $90
Board [Jc 4d 6h As 8s]
Seat 7: d21b842d showed [Ks Kc] and won ($90) with Pair of Kings
Seat 1: c5328343 folded before Flop (didn't bet)
Seat 2: 142e76a5 showed [9h 9c] and lost with Pair of Nines
Seat 5: e4626d3f(small blind) folded before Flop
Seat 3: 79d97765 folded before Flop (didn't bet)
Seat 6: Hero(big blind) folded before Flop



Poker Hand #ring_993536131: NLH No Limit ($2/$4) - 2025/07/15 22:30:18
Table 'MR NLH 2/4' 7-max Seat #2 is the button
Seat 7: d21b842d ($132.31 in chips)
Seat 1: c5328343 ($1,570.73 in chips)
Seat 2: 142e76a5 ($905.81 in chips)
Seat 5: e4626d3f ($1,158.83 in chips)
Seat 3: 79d97765 ($1,297.25 in chips)
Seat 6: Hero ($435.09 in chips)
79d97765: posts small blind $2
e4626d3f: posts big blind $4
*** HOLE CARDS ***
Dealt to d21b842d 
Dealt to c5328343 
Dealt to 142e76a5 
Dealt to e4626d3f 
Dealt to 79d97765 
Dealt to Hero [Jd 8s]
Hero: folds
d21b842d: folds
c5328343: folds
142e76a5: raises $6 to $10
79d97765: folds
e4626d3f: calls $6
*** FLOP *** [7d 8h 3d]
e4626d3f: checks
142e76a5: checks
*** TURN *** [7d 8h 3d] [5h]
e4626d3f: bets $17.6
142e76a5: folds
Uncalled bet ($17.6) returned to e4626d3f
*** SHOWDOWN ***
e4626d3f collected $22 from pot
*** SUMMARY ***
Total pot $22
Board [7d 8h 3d 5h]
Seat 7: d21b842d folded before Flop (didn't bet)
Seat 1: c5328343 folded before Flop (didn't bet)
Seat 2: 142e76a5 folded on the Turn
Seat 5: e4626d3f(big blind)won ($22) with Ten-High
Seat 3: 79d97765(small blind) folded before Flop
Seat 6: Hero folded before Flop (didn't bet)



Poker Hand #ring_993533274: NLH No Limit ($2/$4) - 2025/07/15 22:28:52
Table 'MR NLH 2/4' 7-max Seat #1 is the button
Seat 7: d21b842d ($142.31 in chips)
Seat 1: c5328343 ($1,570.73 in chips)
Seat 2: 142e76a5 ($907.81 in chips)
Seat 5: e4626d3f ($1,090.98 in chips)
Seat 3: 79d97765 ($1,360.31 in chips)
Seat 6: Hero ($435.09 in chips)
142e76a5: posts small blind $2
79d97765: posts big blind $4
*** HOLE CARDS ***
Dealt to d21b842d 
Dealt to c5328343 
Dealt to 142e76a5 
Dealt to e4626d3f 
Dealt to 79d97765 
Dealt to Hero [5c Qc]
e4626d3f: raises $6 to $10
Hero: folds
d21b842d: calls $10
c5328343: folds
142e76a5: folds
79d97765: calls $6
*** FLOP *** [8c 6h Kd]
79d97765: checks
e4626d3f: bets $10.56
d21b842d: folds
79d97765: calls $10.56
*** TURN *** [8c 6h Kd] [9c]
79d97765: checks
e4626d3f: bets $42.5
79d97765: calls $42.5
*** RIVER *** [8c 6h Kd 9c] [Qh]
79d97765: checks
e4626d3f: checks
79d97765: shows [6c 7c]
e4626d3f: shows [Th Td]
*** SHOWDOWN ***
e4626d3f collected $138.12 from pot
*** SUMMARY ***
Total pot $138.12
Board [8c 6h Kd 9c Qh]
Seat 7: d21b842d folded on the Flop
Seat 1: c5328343 folded before Flop (didn't bet)
Seat 2: 142e76a5(small blind) folded before Flop
Seat 5: e4626d3f showed [Th Td] and won ($138.12) with Pair of Tens
Seat 3: 79d97765(big blind) showed [6c 7c] and lost with Pair of Sixes
Seat 6: Hero folded before Flop (didn't bet)



Poker Hand #ring_993531955: NLH No Limit ($2/$4) - 2025/07/15 22:28:13
Table 'MR NLH 2/4' 7-max Seat #7 is the button
Seat 7: d21b842d ($142.31 in chips)
Seat 1: c5328343 ($1,572.73 in chips)
Seat 2: 142e76a5 ($911.81 in chips)
Seat 5: e4626d3f ($1,074.98 in chips)
Seat 3: 79d97765 ($1,370.31 in chips)
Seat 6: Hero ($435.09 in chips)
c5328343: posts small blind $2
142e76a5: posts big blind $4
*** HOLE CARDS ***
Dealt to d21b842d 
Dealt to c5328343 
Dealt to 142e76a5 
Dealt to e4626d3f 
Dealt to 79d97765 
Dealt to Hero [4h As]
79d97765: raises $6 to $10
e4626d3f: raises $34 to $44
Hero: folds
d21b842d: folds
c5328343: folds
142e76a5: folds
79d97765: folds
Uncalled bet ($34) returned to e4626d3f
*** SHOWDOWN ***
e4626d3f collected $26 from pot
*** SUMMARY ***
Total pot $26
Seat 7: d21b842d folded before Flop (didn't bet)
Seat 1: c5328343(small blind) folded before Flop
Seat 2: 142e76a5(big blind) folded before Flop
Seat 5: e4626d3fwon ($26)
Seat 3: 79d97765 folded before Flop
Seat 6: Hero folded before Flop (didn't bet)



Poker Hand #ring_993530739: NLH No Limit ($2/$4) - 2025/07/15 22:27:35
Table 'MR NLH 2/4' 7-max Seat #6 is the button
Seat 7: d21b842d ($123.66 in chips)
Seat 1: c5328343 ($1,582.73 in chips)
Seat 2: 142e76a5 ($921.81 in chips)
Seat 5: e4626d3f ($1,074.98 in chips)
Seat 3: 79d97765 ($1,370.31 in chips)
Seat 6: Hero ($435.09 in chips)
d21b842d: posts small blind $2
c5328343: posts big blind $4
*** HOLE CARDS ***
Dealt to d21b842d 
Dealt to c5328343 
Dealt to 142e76a5 
Dealt to e4626d3f 
Dealt to 79d97765 
Dealt to Hero [8d 5c]
142e76a5: raises $6 to $10
79d97765: folds
e4626d3f: folds
Hero: folds
d21b842d: calls $8
c5328343: calls $6
*** FLOP *** [5s Td 8c]
d21b842d: checks
c5328343: checks
142e76a5: checks
*** TURN *** [5s Td 8c] [4d]
d21b842d: bets $15
c5328343: folds
142e76a5: folds
Uncalled bet ($15) returned to d21b842d
*** SHOWDOWN ***
d21b842d collected $30 from pot
*** SUMMARY ***
Total pot $30
Board [5s Td 8c 4d]
Seat 7: d21b842d(small blind)won ($30) with Pair of Tens
Seat 1: c5328343(big blind) folded on the Turn
Seat 2: 142e76a5 folded on the Turn
Seat 5: e4626d3f folded before Flop (didn't bet)
Seat 3: 79d97765 folded before Flop (didn't bet)
Seat 6: Hero folded before Flop (didn't bet)



Poker Hand #ring_993528598: NLH No Limit ($2/$4) - 2025/07/15 22:26:31
Table 'MR NLH 2/4' 7-max Seat #5 is the button
Seat 7: d21b842d ($133.66 in chips)
Seat 1: c5328343 ($1,582.73 in chips)
Seat 2: 142e76a5 ($921.81 in chips)
Seat 5: e4626d3f ($1,074.98 in chips)
Seat 3: 79d97765 ($1,351.66 in chips)
Seat 6: Hero ($445.09 in chips)
Hero: posts small blind $2
d21b842d: posts big blind $4
*** HOLE CARDS ***
Dealt to d21b842d 
Dealt to c5328343 
Dealt to 142e76a5 
Dealt to e4626d3f 
Dealt to 79d97765 
Dealt to Hero [6d 6s]
c5328343: folds
142e76a5: folds
79d97765: raises $6 to $10
e4626d3f: folds
Hero: calls $8
d21b842d: calls $6
*** FLOP *** [Ks Jd 4d]
Hero: checks
d21b842d: checks
79d97765: checks
*** TURN *** [Ks Jd 4d] [Kd]
Hero: checks
d21b842d: checks
79d97765: checks
*** RIVER *** [Ks Jd 4d Kd] [Th]
Hero: checks
d21b842d: checks
79d97765: bets $22.5
Hero: folds
d21b842d: folds
Uncalled bet ($22.5) returned to 79d97765
*** SHOWDOWN ***
79d97765 collected $30 from pot
*** SUMMARY ***
Total pot $30
Board [Ks Jd 4d Kd Th]
Seat 7: d21b842d(big blind) folded on the River
Seat 1: c5328343 folded before Flop (didn't bet)
Seat 2: 142e76a5 folded before Flop (didn't bet)
Seat 5: e4626d3f folded before Flop (didn't bet)
Seat 3: 79d97765won ($30) with Pair of Kings and Pair of Jacks
Seat 6: Hero(small blind) folded on the River



Poker Hand #ring_993526843: NLH No Limit ($2/$4) - 2025/07/15 22:25:37
Table 'MR NLH 2/4' 7-max Seat #3 is the button
Seat 7: d21b842d ($133.66 in chips)
Seat 1: c5328343 ($1,618.33 in chips)
Seat 2: 142e76a5 ($921.81 in chips)
Seat 5: e4626d3f ($1,110.58 in chips)
Seat 3: 79d97765 ($1,351.66 in chips)
Seat 6: Hero ($379.69 in chips)
e4626d3f: posts small blind $2
Hero: posts big blind $4
*** HOLE CARDS ***
Dealt to d21b842d 
Dealt to c5328343 
Dealt to 142e76a5 
Dealt to e4626d3f 
Dealt to 79d97765 
Dealt to Hero [Kh Kd]
d21b842d: folds
c5328343: raises $4 to $8
142e76a5: folds
79d97765: folds
e4626d3f: calls $6
Hero: raises $27.6 to $35.6
c5328343: calls $27.6
e4626d3f: calls $27.6
*** FLOP *** [Ad 6d 7h]
e4626d3f: checks
Hero: bets $32.04
c5328343: folds
e4626d3f: folds
Uncalled bet ($32.04) returned to Hero
*** SHOWDOWN ***
Hero collected $106.8 from pot
*** SUMMARY ***
Total pot $106.8
Board [Ad 6d 7h]
Seat 7: d21b842d folded before Flop (didn't bet)
Seat 1: c5328343 folded on the Flop
Seat 2: 142e76a5 folded before Flop (didn't bet)
Seat 5: e4626d3f(small blind) folded on the Flop
Seat 3: 79d97765 folded before Flop (didn't bet)
Seat 6: Hero(big blind)won ($106.8) with Pair of Kings



Poker Hand #ring_993525101: NLH No Limit ($2/$4) - 2025/07/15 22:24:45
Table 'MR NLH 2/4' 7-max Seat #2 is the button
Seat 7: d21b842d ($157.66 in chips)
Seat 1: c5328343 ($1,618.33 in chips)
Seat 2: 142e76a5 ($921.81 in chips)
Seat 5: e4626d3f ($1,087.83 in chips)
Seat 3: 79d97765 ($1,353.66 in chips)
Seat 6: Hero ($379.69 in chips)
79d97765: posts small blind $2
e4626d3f: posts big blind $4
*** HOLE CARDS ***
Dealt to d21b842d 
Dealt to c5328343 
Dealt to 142e76a5 
Dealt to e4626d3f 
Dealt to 79d97765 
Dealt to Hero [8d 9c]
Hero: folds
d21b842d: calls $4
c5328343: folds
142e76a5: folds
79d97765: folds
e4626d3f: checks
*** FLOP *** [8s 6h 3c]
e4626d3f: checks
d21b842d: bets $5
e4626d3f: calls $5
*** TURN *** [8s 6h 3c] [Ah]
e4626d3f: checks
d21b842d: bets $15
e4626d3f: calls $15
*** RIVER *** [8s 6h 3c Ah] [4d]
e4626d3f: bets $40
d21b842d: folds
Uncalled bet ($40) returned to e4626d3f
*** SHOWDOWN ***
e4626d3f collected $50 from pot
*** SUMMARY ***
Total pot $50
Board [8s 6h 3c Ah 4d]
Seat 7: d21b842d folded on the River
Seat 1: c5328343 folded before Flop (didn't bet)
Seat 2: 142e76a5 folded before Flop (didn't bet)
Seat 5: e4626d3f(big blind)won ($50) with Pair of Aces
Seat 3: 79d97765(small blind) folded before Flop
Seat 6: Hero folded before Flop (didn't bet)



Poker Hand #ring_993524259: NLH No Limit ($2/$4) - 2025/07/15 22:24:20
Table 'MR NLH 2/4' 7-max Seat #1 is the button
Seat 7: d21b842d ($151.66 in chips)
Seat 1: c5328343 ($1,618.33 in chips)
Seat 2: 142e76a5 ($923.81 in chips)
Seat 5: e4626d3f ($1,087.83 in chips)
Seat 3: 79d97765 ($1,357.66 in chips)
Seat 6: Hero ($379.69 in chips)
142e76a5: posts small blind $2
79d97765: posts big blind $4
*** HOLE CARDS ***
Dealt to d21b842d 
Dealt to c5328343 
Dealt to 142e76a5 
Dealt to e4626d3f 
Dealt to 79d97765 
Dealt to Hero [6s Th]
e4626d3f: folds
Hero: folds
d21b842d: raises $8 to $12
c5328343: folds
142e76a5: folds
79d97765: folds
Uncalled bet ($8) returned to d21b842d
*** SHOWDOWN ***
d21b842d collected $10 from pot
*** SUMMARY ***
Total pot $10
Seat 7: d21b842dwon ($10)
Seat 1: c5328343 folded before Flop (didn't bet)
Seat 2: 142e76a5(small blind) folded before Flop
Seat 5: e4626d3f folded before Flop (didn't bet)
Seat 3: 79d97765(big blind) folded before Flop
Seat 6: Hero folded before Flop (didn't bet)



Poker Hand #ring_993523112: NLH No Limit ($2/$4) - 2025/07/15 22:23:45
Table 'MR NLH 2/4' 7-max Seat #7 is the button
Seat 7: d21b842d ($185.42 in chips)
Seat 1: c5328343 ($1,620.33 in chips)
Seat 2: 142e76a5 ($927.81 in chips)
Seat 5: e4626d3f ($1,042.82 in chips)
Seat 3: 79d97765 ($1,357.66 in chips)
Seat 6: Hero ($389.69 in chips)
c5328343: posts small blind $2
142e76a5: posts big blind $4
*** HOLE CARDS ***
Dealt to d21b842d 
Dealt to c5328343 
Dealt to 142e76a5 
Dealt to e4626d3f 
Dealt to 79d97765 
Dealt to Hero [6d 6c]
79d97765: folds
e4626d3f: raises $6 to $10
Hero: calls $10
d21b842d: calls $10
c5328343: folds
142e76a5: folds
*** FLOP *** [Jd 9h 7d]
e4626d3f: bets $23.76
Hero: folds
d21b842d: calls $23.76
*** TURN *** [Jd 9h 7d] [5d]
e4626d3f: bets $66.82
d21b842d: folds
Uncalled bet ($66.82) returned to e4626d3f
*** SHOWDOWN ***
e4626d3f collected $83.52 from pot
*** SUMMARY ***
Total pot $83.52
Board [Jd 9h 7d 5d]
Seat 7: d21b842d folded on the Turn
Seat 1: c5328343(small blind) folded before Flop
Seat 2: 142e76a5(big blind) folded before Flop
Seat 5: e4626d3fwon ($83.52) with Pair of Queens
Seat 3: 79d97765 folded before Flop (didn't bet)
Seat 6: Hero folded on the Flop



Poker Hand #ring_993521697: NLH No Limit ($2/$4) - 2025/07/15 22:23:01
Table 'MR NLH 2/4' 7-max Seat #6 is the button
Seat 7: d21b842d ($165.29 in chips)
Seat 1: c5328343 ($1,624.33 in chips)
Seat 2: 142e76a5 ($927.81 in chips)
Seat 5: e4626d3f ($1,060.74 in chips)
Seat 3: 79d97765 ($1,357.66 in chips)
Seat 6: Hero ($389.69 in chips)
d21b842d: posts small blind $2
c5328343: posts big blind $4
*** HOLE CARDS ***
Dealt to d21b842d 
Dealt to c5328343 
Dealt to 142e76a5 
Dealt to e4626d3f 
Dealt to 79d97765 
Dealt to Hero [7s 5c]
142e76a5: folds
79d97765: folds
e4626d3f: raises $6 to $10
Hero: folds
d21b842d: calls $8
c5328343: folds
*** FLOP *** [6c 4c Ac]
d21b842d: checks
e4626d3f: bets $7.92
d21b842d: calls $7.92
*** TURN *** [6c 4c Ac] [5s]
d21b842d: checks
e4626d3f: checks
*** RIVER *** [6c 4c Ac 5s] [7c]
d21b842d: bets $147.37 and is all-in
e4626d3f: folds
Uncalled bet ($147.37) returned to d21b842d
d21b842d: shows [9s]
*** SHOWDOWN ***
d21b842d collected $39.84 from pot
*** SUMMARY ***
Total pot $39.84
Board [6c 4c Ac 5s 7c]
Seat 7: d21b842d(small blind) showed [9s] and won ($39.84) with Ace High Flush
Seat 1: c5328343(big blind) folded before Flop
Seat 2: 142e76a5 folded before Flop (didn't bet)
Seat 5: e4626d3f folded on the River
Seat 3: 79d97765 folded before Flop (didn't bet)
Seat 6: Hero folded before Flop (didn't bet)



Poker Hand #ring_993519522: NLH No Limit ($2/$4) - 2025/07/15 22:21:55
Table 'MR NLH 2/4' 7-max Seat #5 is the button
Seat 7: d21b842d ($163.6 in chips)
Seat 1: c5328343 ($1,624.33 in chips)
Seat 2: 142e76a5 ($937.81 in chips)
Seat 5: e4626d3f ($1,070.74 in chips)
Seat 3: 79d97765 ($1,357.66 in chips)
Seat 6: Hero ($388 in chips)
Hero: posts small blind $2
d21b842d: posts big blind $4
*** HOLE CARDS ***
Dealt to d21b842d 
Dealt to c5328343 
Dealt to 142e76a5 
Dealt to e4626d3f 
Dealt to 79d97765 
Dealt to Hero [6s 8s]
c5328343: folds
142e76a5: raises $6 to $10
79d97765: folds
e4626d3f: calls $10
Hero: calls $8
d21b842d: calls $6
*** FLOP *** [4s Qd 5c]
Hero: bets $12
d21b842d: calls $12
142e76a5: folds
e4626d3f: folds
*** TURN *** [4s Qd 5c] [8h]
Hero: bets $32
d21b842d: calls $32
*** RIVER *** [4s Qd 5c 8h] [7s]
Hero: bets $147.2
d21b842d: calls $109.6 and is all-in
Uncalled bet ($37.6) returned to Hero
Hero: shows [6s 8s]
d21b842d: shows [3c 6d]
*** SHOWDOWN ***
Hero collected $173.6 from pot
d21b842d collected $173.6 from pot
*** SUMMARY ***
Total pot $347.2
Board [4s Qd 5c 8h 7s]
Seat 7: d21b842d(big blind) showed [3c 6d] and won ($173.6) with Eights-High Straight
Seat 1: c5328343 folded before Flop (didn't bet)
Seat 2: 142e76a5 folded on the Flop
Seat 5: e4626d3f folded on the Flop
Seat 3: 79d97765 folded before Flop (didn't bet)
Seat 6: Hero(small blind) showed [6s 8s] and won ($173.6) with Eights-High Straight



Poker Hand #ring_993518732: NLH No Limit ($2/$4) - 2025/07/15 22:21:30
Table 'MR NLH 2/4' 7-max Seat #3 is the button
Seat 7: d21b842d ($150.77 in chips)
Seat 1: c5328343 ($1,624.33 in chips)
Seat 2: 142e76a5 ($937.81 in chips)
Seat 5: e4626d3f ($1,072.74 in chips)
Seat 3: 79d97765 ($1,357.66 in chips)
Seat 6: Hero ($400 in chips)
e4626d3f: posts small blind $2
Hero: posts big blind $4
*** HOLE CARDS ***
Dealt to d21b842d 
Dealt to c5328343 
Dealt to 142e76a5 
Dealt to e4626d3f 
Dealt to 79d97765 
Dealt to Hero [4c Kc]
d21b842d: raises $8 to $12
c5328343: folds
142e76a5: folds
79d97765: folds
e4626d3f: folds
Hero: calls $8
*** FLOP *** [8d Js Jd]
Hero: checks
d21b842d: bets $13
Hero: folds
Uncalled bet ($13) returned to d21b842d
*** SHOWDOWN ***
d21b842d collected $26 from pot
*** SUMMARY ***
Total pot $26
Board [8d Js Jd]
Seat 7: d21b842dwon ($26) with Pair of Jacks
Seat 1: c5328343 folded before Flop (didn't bet)
Seat 2: 142e76a5 folded before Flop (didn't bet)
Seat 5: e4626d3f(small blind) folded before Flop
Seat 3: 79d97765 folded before Flop (didn't bet)
Seat 6: Hero(big blind) folded on the Flop



