Poker Hand #ring_963659686: NLH No Limit ($2/$4) - 2025/06/30 03:07:12
Table 'MR NLH 2/4' 7-max Seat #3 is the button
Seat 3: Hero ($178 in chips)
Seat 2: 87b73f58 ($906.9 in chips)
Seat 5: 6c207430 ($1,076.41 in chips)
6c207430: posts small blind $2
87b73f58: posts big blind $4
*** HOLE CARDS ***
Dealt to Hero [3d 5d]
Dealt to 87b73f58 
Dealt to 6c207430 
Hero: raises $6 to $10
6c207430: folds
87b73f58: folds
Uncalled bet ($6) returned to Hero
*** SHOWDOWN ***
Hero collected $10 from pot
*** SUMMARY ***
Total pot $10
Seat 3: Herowon ($10)
Seat 2: 87b73f58(big blind) folded before Flop
Seat 5: 6c207430(small blind) folded before Flop



Poker Hand #ring_963658529: NLH No Limit ($2/$4) - 2025/06/30 03:06:14
Table 'MR NLH 2/4' 7-max Seat #2 is the button
Seat 3: Hero ($190 in chips)
Seat 2: 87b73f58 ($918.9 in chips)
Seat 5: 6c207430 ($1,054.03 in chips)
Hero: posts small blind $2
6c207430: posts big blind $4
*** HOLE CARDS ***
Dealt to Hero [4c Ac]
Dealt to 87b73f58 
Dealt to 6c207430 
87b73f58: raises $8 to $12
Hero: calls $10
6c207430: calls $8
*** FLOP *** [8d 8h 9d]
Hero: checks
6c207430: checks
87b73f58: checks
*** TURN *** [8d 8h 9d] [2h]
Hero: checks
6c207430: bets $27
87b73f58: folds
Hero: folds
Uncalled bet ($27) returned to 6c207430
*** SHOWDOWN ***
6c207430 collected $36 from pot
*** SUMMARY ***
Total pot $36
Board [8d 8h 9d 2h]
Seat 3: Hero(small blind) folded on the Turn
Seat 2: 87b73f58 folded on the Turn
Seat 5: 6c207430(big blind)won ($36) with Pair of Nines and Pair of Eights



Poker Hand #ring_963657244: NLH No Limit ($2/$4) - 2025/06/30 03:05:08
Table 'MR NLH 2/4' 7-max Seat #5 is the button
Seat 3: Hero ($200 in chips)
Seat 2: 87b73f58 ($889.33 in chips)
Seat 5: 6c207430 ($1,076.03 in chips)
87b73f58: posts small blind $2
Hero: posts big blind $4
*** HOLE CARDS ***
Dealt to Hero [Kh 2s]
Dealt to 87b73f58 
Dealt to 6c207430 
6c207430: raises $6 to $10
87b73f58: calls $8
Hero: calls $6
*** FLOP *** [8c 3c As]
87b73f58: checks
Hero: checks
6c207430: bets $12
87b73f58: raises $40.5 to $52.5
Hero: folds
6c207430: folds
Uncalled bet ($40.5) returned to 87b73f58
*** SHOWDOWN ***
87b73f58 collected $54 from pot
*** SUMMARY ***
Total pot $54
Board [8c 3c As]
Seat 3: Hero(big blind) folded on the Flop
Seat 2: 87b73f58(small blind)won ($54) with Pair of Aces and Pair of Treys
Seat 5: 6c207430 folded on the Flop



