Poker Hand #ring_978362532: NLH No Limit ($1/$2) - 2025/07/08 00:48:01
Table 'MR NLH 1/2' 7-max Seat #2 is the button
Seat 7: f911ed95 ($340.28 in chips)
Seat 4: 8ac04aa3 ($202 in chips)
Seat 2: f2e1932a ($570.3 in chips)
Seat 3: e5cbeb18 ($431.19 in chips)
Seat 1: 2040fbe ($207.75 in chips)
Seat 5: Hero ($242.73 in chips)
e5cbeb18: posts small blind $1
8ac04aa3: posts big blind $2
*** HOLE CARDS ***
Dealt to f911ed95 
Dealt to 8ac04aa3 
Dealt to f2e1932a 
Dealt to e5cbeb18 
Dealt to 2040fbe 
Dealt to Hero [7h Kh]
Hero: folds
f911ed95: folds
2040fbe: folds
f2e1932a: folds
e5cbeb18: raises $4 to $6
8ac04aa3: folds
Uncalled bet ($4) returned to e5cbeb18
*** SHOWDOWN ***
e5cbeb18 collected $4 from pot
*** SUMMARY ***
Total pot $4
Seat 7: f911ed95 folded before Flop (didn't bet)
Seat 4: 8ac04aa3(big blind) folded before Flop
Seat 2: f2e1932a folded before Flop (didn't bet)
Seat 3: e5cbeb18(small blind)won ($4)
Seat 1: 2040fbe folded before Flop (didn't bet)
Seat 5: Hero folded before Flop (didn't bet)



Poker Hand #ring_978359946: NLH No Limit ($1/$2) - 2025/07/08 00:46:40
Table 'MR NLH 1/2' 7-max Seat #1 is the button
Seat 7: f911ed95 ($352.28 in chips)
Seat 4: 8ac04aa3 ($204 in chips)
Seat 2: f2e1932a ($572.3 in chips)
Seat 3: e5cbeb18 ($416.95 in chips)
Seat 1: 2040fbe ($207.75 in chips)
Seat 5: Hero ($242.73 in chips)
f2e1932a: posts small blind $1
e5cbeb18: posts big blind $2
8ac04aa3: posts big blind $2
*** HOLE CARDS ***
Dealt to f911ed95 
Dealt to 8ac04aa3 
Dealt to f2e1932a 
Dealt to e5cbeb18 
Dealt to 2040fbe 
Dealt to Hero [Jh 6s]
8ac04aa3: checks
Hero: folds
f911ed95: calls $2
2040fbe: folds
f2e1932a: calls $1
e5cbeb18: raises $10 to $12
8ac04aa3: folds
f911ed95: calls $10
f2e1932a: folds
*** FLOP *** [4d 7d 7c]
e5cbeb18: checks
f911ed95: checks
*** TURN *** [4d 7d 7c] [9c]
e5cbeb18: checks
f911ed95: checks
*** RIVER *** [4d 7d 7c 9c] [Kc]
e5cbeb18: bets $22.4
f911ed95: folds
Uncalled bet ($22.4) returned to e5cbeb18
*** SHOWDOWN ***
e5cbeb18 collected $28 from pot
*** SUMMARY ***
Total pot $28
Board [4d 7d 7c 9c Kc]
Seat 7: f911ed95 folded on the River
Seat 4: 8ac04aa3 folded before Flop
Seat 2: f2e1932a(small blind) folded before Flop
Seat 3: e5cbeb18(big blind)won ($28) with Pair of Kings and Pair of Sevens
Seat 1: 2040fbe folded before Flop (didn't bet)
Seat 5: Hero folded before Flop (didn't bet)



Poker Hand #ring_978359230: NLH No Limit ($1/$2) - 2025/07/08 00:46:19
Table 'MR NLH 1/2' 7-max Seat #7 is the button
Seat 7: f911ed95 ($352.28 in chips)
Seat 2: f2e1932a ($574.3 in chips)
Seat 3: e5cbeb18 ($413.95 in chips)
Seat 1: 2040fbe ($208.75 in chips)
Seat 5: Hero ($242.73 in chips)
2040fbe: posts small blind $1
f2e1932a: posts big blind $2
*** HOLE CARDS ***
Dealt to f911ed95 
Dealt to f2e1932a 
Dealt to e5cbeb18 
Dealt to 2040fbe 
Dealt to Hero [9c 3d]
e5cbeb18: raises $3 to $5
Hero: folds
f911ed95: folds
2040fbe: folds
f2e1932a: folds
Uncalled bet ($3) returned to e5cbeb18
*** SHOWDOWN ***
e5cbeb18 collected $5 from pot
*** SUMMARY ***
Total pot $5
Seat 7: f911ed95 folded before Flop (didn't bet)
Seat 2: f2e1932a(big blind) folded before Flop
Seat 3: e5cbeb18won ($5)
Seat 1: 2040fbe(small blind) folded before Flop
Seat 5: Hero folded before Flop (didn't bet)



Poker Hand #ring_978356556: NLH No Limit ($1/$2) - 2025/07/08 00:44:59
Table 'MR NLH 1/2' 7-max Seat #5 is the button
Seat 7: f911ed95 ($341.58 in chips)
Seat 2: f2e1932a ($574.3 in chips)
Seat 3: e5cbeb18 ($413.95 in chips)
Seat 1: 2040fbe ($210.75 in chips)
Seat 5: Hero ($252.93 in chips)
f911ed95: posts small blind $1
2040fbe: posts big blind $2
*** HOLE CARDS ***
Dealt to f911ed95 
Dealt to f2e1932a 
Dealt to e5cbeb18 
Dealt to 2040fbe 
Dealt to Hero [Kd Ac]
f2e1932a: folds
e5cbeb18: folds
Hero: raises $4 to $6
f911ed95: calls $5
2040fbe: folds
*** FLOP *** [3d Jh 8c]
f911ed95: checks
Hero: bets $4.2
f911ed95: calls $4.2
*** TURN *** [3d Jh 8c] [7c]
f911ed95: checks
Hero: checks
*** RIVER *** [3d Jh 8c 7c] [5c]
f911ed95: checks
Hero: checks
Hero: shows [Kd Ac]
f911ed95: shows [8h Ah]
*** SHOWDOWN ***
f911ed95 collected $22.4 from pot
*** SUMMARY ***
Total pot $22.4
Board [3d Jh 8c 7c 5c]
Seat 7: f911ed95(small blind) showed [8h Ah] and won ($22.4) with Pair of Eights
Seat 2: f2e1932a folded before Flop (didn't bet)
Seat 3: e5cbeb18 folded before Flop (didn't bet)
Seat 1: 2040fbe(big blind) folded before Flop
Seat 5: Hero showed [Kd Ac] and lost with Ace-High



Poker Hand #ring_978355514: NLH No Limit ($1/$2) - 2025/07/08 00:44:27
Table 'MR NLH 1/2' 7-max Seat #3 is the button
Seat 7: f911ed95 ($345.98 in chips)
Seat 2: f2e1932a ($574.3 in chips)
Seat 3: e5cbeb18 ($413.95 in chips)
Seat 1: 2040fbe ($210.75 in chips)
Seat 5: Hero ($248.92 in chips)
Hero: posts small blind $1
f911ed95: posts big blind $2
*** HOLE CARDS ***
Dealt to f911ed95 
Dealt to f2e1932a 
Dealt to e5cbeb18 
Dealt to 2040fbe 
Dealt to Hero [Jc 3c]
2040fbe: folds
f2e1932a: folds
e5cbeb18: folds
Hero: raises $2.4 to $4.4
f911ed95: calls $2.4
*** FLOP *** [8d Kd 2s]
Hero: bets $2.64
f911ed95: folds
Uncalled bet ($2.64) returned to Hero
*** SHOWDOWN ***
Hero collected $8.8 from pot
*** SUMMARY ***
Total pot $8.8
Board [8d Kd 2s]
Seat 7: f911ed95(big blind) folded on the Flop
Seat 2: f2e1932a folded before Flop (didn't bet)
Seat 3: e5cbeb18 folded before Flop (didn't bet)
Seat 1: 2040fbe folded before Flop (didn't bet)
Seat 5: Hero(small blind)won ($8.8) with King-High



Poker Hand #ring_978354020: NLH No Limit ($1/$2) - 2025/07/08 00:43:40
Table 'MR NLH 1/2' 7-max Seat #2 is the button
Seat 7: f911ed95 ($358.98 in chips)
Seat 2: f2e1932a ($574.3 in chips)
Seat 3: e5cbeb18 ($414.95 in chips)
Seat 1: 2040fbe ($210.75 in chips)
Seat 5: Hero ($236.63 in chips)
e5cbeb18: posts small blind $1
Hero: posts big blind $2
*** HOLE CARDS ***
Dealt to f911ed95 
Dealt to f2e1932a 
Dealt to e5cbeb18 
Dealt to 2040fbe 
Dealt to Hero [8d 9h]
f911ed95: calls $2
2040fbe: folds
f2e1932a: folds
e5cbeb18: folds
Hero: checks
*** FLOP *** [4d 8h 6h]
Hero: bets $2
f911ed95: raises $9 to $11
Hero: calls $9
*** TURN *** [4d 8h 6h] [9s]
Hero: checks
f911ed95: checks
*** RIVER *** [4d 8h 6h 9s] [4s]
Hero: checks
f911ed95: checks
Hero: shows [8d 9h]
f911ed95: shows [Qh Kh]
*** SHOWDOWN ***
Hero collected $27 from pot
*** SUMMARY ***
Total pot $27
Board [4d 8h 6h 9s 4s]
Seat 7: f911ed95 showed [Qh Kh] and lost with Pair of Fours
Seat 2: f2e1932a folded before Flop (didn't bet)
Seat 3: e5cbeb18(small blind) folded before Flop
Seat 1: 2040fbe folded before Flop (didn't bet)
Seat 5: Hero(big blind) showed [8d 9h] and won ($27) with Pair of Nines and Pair of Eights



Poker Hand #ring_978352624: NLH No Limit ($1/$2) - 2025/07/08 00:42:57
Table 'MR NLH 1/2' 7-max Seat #1 is the button
Seat 7: f911ed95 ($270.25 in chips)
Seat 2: f2e1932a ($575.3 in chips)
Seat 3: e5cbeb18 ($511.95 in chips)
Seat 1: 2040fbe ($210.75 in chips)
Seat 5: Hero ($236.63 in chips)
f2e1932a: posts small blind $1
e5cbeb18: posts big blind $2
*** HOLE CARDS ***
Dealt to f911ed95 
Dealt to f2e1932a 
Dealt to e5cbeb18 
Dealt to 2040fbe 
Dealt to Hero [7s 9d]
Hero: folds
f911ed95: calls $2
2040fbe: folds
f2e1932a: folds
e5cbeb18: raises $10 to $12
f911ed95: raises $25 to $37
e5cbeb18: calls $25
*** FLOP *** [9s Kh 9c]
e5cbeb18: checks
f911ed95: checks
*** TURN *** [9s Kh 9c] [Jh]
e5cbeb18: checks
f911ed95: checks
*** RIVER *** [9s Kh 9c Jh] [Tc]
e5cbeb18: bets $60
f911ed95: calls $60
e5cbeb18: shows [Js Ks]
f911ed95: shows [Qc Qd]
*** SHOWDOWN ***
f911ed95 collected $195 from pot
*** SUMMARY ***
Total pot $195
Board [9s Kh 9c Jh Tc]
Seat 7: f911ed95 showed [Qc Qd] and won ($195) with Kings-High Straight
Seat 2: f2e1932a(small blind) folded before Flop
Seat 3: e5cbeb18(big blind) showed [Js Ks] and lost with Pair of Kings and Pair of Jacks
Seat 1: 2040fbe folded before Flop (didn't bet)
Seat 5: Hero folded before Flop (didn't bet)



Poker Hand #ring_978351464: NLH No Limit ($1/$2) - 2025/07/08 00:42:23
Table 'MR NLH 1/2' 7-max Seat #7 is the button
Seat 7: f911ed95 ($270.25 in chips)
Seat 2: f2e1932a ($577.3 in chips)
Seat 3: e5cbeb18 ($504.53 in chips)
Seat 1: 2040fbe ($211.75 in chips)
Seat 5: Hero ($241.63 in chips)
2040fbe: posts small blind $1
f2e1932a: posts big blind $2
*** HOLE CARDS ***
Dealt to f911ed95 
Dealt to f2e1932a 
Dealt to e5cbeb18 
Dealt to 2040fbe 
Dealt to Hero [As 3s]
e5cbeb18: raises $3 to $5
Hero: calls $5
f911ed95: folds
2040fbe: folds
f2e1932a: folds
*** FLOP *** [7s 3d Kc]
e5cbeb18: bets $4.29
Hero: folds
Uncalled bet ($4.29) returned to e5cbeb18
*** SHOWDOWN ***
e5cbeb18 collected $13 from pot
*** SUMMARY ***
Total pot $13
Board [7s 3d Kc]
Seat 7: f911ed95 folded before Flop (didn't bet)
Seat 2: f2e1932a(big blind) folded before Flop
Seat 3: e5cbeb18won ($13) with Pair of Kings
Seat 1: 2040fbe(small blind) folded before Flop
Seat 5: Hero folded on the Flop



Poker Hand #ring_978350567: NLH No Limit ($1/$2) - 2025/07/08 00:41:56
Table 'MR NLH 1/2' 7-max Seat #5 is the button
Seat 7: f911ed95 ($268.25 in chips)
Seat 2: f2e1932a ($577.3 in chips)
Seat 3: e5cbeb18 ($504.53 in chips)
Seat 1: 2040fbe ($213.75 in chips)
Seat 5: Hero ($241.63 in chips)
f911ed95: posts small blind $1
2040fbe: posts big blind $2
*** HOLE CARDS ***
Dealt to f911ed95 
Dealt to f2e1932a 
Dealt to e5cbeb18 
Dealt to 2040fbe 
Dealt to Hero [Tc 6d]
f2e1932a: folds
e5cbeb18: folds
Hero: folds
f911ed95: raises $6 to $8
2040fbe: folds
Uncalled bet ($6) returned to f911ed95
*** SHOWDOWN ***
f911ed95 collected $4 from pot
*** SUMMARY ***
Total pot $4
Seat 7: f911ed95(small blind)won ($4)
Seat 2: f2e1932a folded before Flop (didn't bet)
Seat 3: e5cbeb18 folded before Flop (didn't bet)
Seat 1: 2040fbe(big blind) folded before Flop
Seat 5: Hero folded before Flop (didn't bet)



Poker Hand #ring_978349995: NLH No Limit ($1/$2) - 2025/07/08 00:41:38
Table 'MR NLH 1/2' 7-max Seat #3 is the button
Seat 7: f911ed95 ($270.25 in chips)
Seat 2: f2e1932a ($577.3 in chips)
Seat 3: e5cbeb18 ($504.53 in chips)
Seat 1: 2040fbe ($213.75 in chips)
Seat 5: Hero ($239.63 in chips)
Hero: posts small blind $1
f911ed95: posts big blind $2
*** HOLE CARDS ***
Dealt to f911ed95 
Dealt to f2e1932a 
Dealt to e5cbeb18 
Dealt to 2040fbe 
Dealt to Hero [Jd 9c]
2040fbe: folds
f2e1932a: folds
e5cbeb18: folds
Hero: raises $2.4 to $4.4
f911ed95: folds
Uncalled bet ($2.4) returned to Hero
*** SHOWDOWN ***
Hero collected $4 from pot
*** SUMMARY ***
Total pot $4
Seat 7: f911ed95(big blind) folded before Flop
Seat 2: f2e1932a folded before Flop (didn't bet)
Seat 3: e5cbeb18 folded before Flop (didn't bet)
Seat 1: 2040fbe folded before Flop (didn't bet)
Seat 5: Hero(small blind)won ($4)



Poker Hand #ring_978348892: NLH No Limit ($1/$2) - 2025/07/08 00:41:05
Table 'MR NLH 1/2' 7-max Seat #2 is the button
Seat 7: f911ed95 ($272.25 in chips)
Seat 2: f2e1932a ($577.3 in chips)
Seat 3: e5cbeb18 ($505.53 in chips)
Seat 1: 2040fbe ($213.75 in chips)
Seat 5: Hero ($236.63 in chips)
e5cbeb18: posts small blind $1
Hero: posts big blind $2
*** HOLE CARDS ***
Dealt to f911ed95 
Dealt to f2e1932a 
Dealt to e5cbeb18 
Dealt to 2040fbe 
Dealt to Hero [9d As]
f911ed95: calls $2
2040fbe: folds
f2e1932a: folds
e5cbeb18: folds
Hero: raises $4 to $6
f911ed95: folds
Uncalled bet ($4) returned to Hero
*** SHOWDOWN ***
Hero collected $5 from pot
*** SUMMARY ***
Total pot $5
Seat 7: f911ed95 folded before Flop
Seat 2: f2e1932a folded before Flop (didn't bet)
Seat 3: e5cbeb18(small blind) folded before Flop
Seat 1: 2040fbe folded before Flop (didn't bet)
Seat 5: Hero(big blind)won ($5)



Poker Hand #ring_978346798: NLH No Limit ($1/$2) - 2025/07/08 00:40:00
Table 'MR NLH 1/2' 7-max Seat #1 is the button
Seat 7: f911ed95 ($272.25 in chips)
Seat 2: f2e1932a ($578.3 in chips)
Seat 3: e5cbeb18 ($500.02 in chips)
Seat 1: 2040fbe ($218.75 in chips)
Seat 5: Hero ($236.63 in chips)
f2e1932a: posts small blind $1
e5cbeb18: posts big blind $2
*** HOLE CARDS ***
Dealt to f911ed95 
Dealt to f2e1932a 
Dealt to e5cbeb18 
Dealt to 2040fbe 
Dealt to Hero [2h Kc]
Hero: folds
f911ed95: folds
2040fbe: raises $3 to $5
f2e1932a: folds
e5cbeb18: calls $3
*** FLOP *** [4h 5c Ac]
e5cbeb18: checks
2040fbe: checks
*** TURN *** [4h 5c Ac] [Tc]
e5cbeb18: bets $8.8
2040fbe: folds
Uncalled bet ($8.8) returned to e5cbeb18
*** SHOWDOWN ***
e5cbeb18 collected $11 from pot
*** SUMMARY ***
Total pot $11
Board [4h 5c Ac Tc]
Seat 7: f911ed95 folded before Flop (didn't bet)
Seat 2: f2e1932a(small blind) folded before Flop
Seat 3: e5cbeb18(big blind)won ($11) with Ace High Flush
Seat 1: 2040fbe folded on the Turn
Seat 5: Hero folded before Flop (didn't bet)



Poker Hand #ring_978345827: NLH No Limit ($1/$2) - 2025/07/08 00:39:32
Table 'MR NLH 1/2' 7-max Seat #7 is the button
Seat 7: f911ed95 ($269.25 in chips)
Seat 2: f2e1932a ($580.3 in chips)
Seat 3: e5cbeb18 ($500.02 in chips)
Seat 1: 2040fbe ($219.75 in chips)
Seat 5: Hero ($236.63 in chips)
2040fbe: posts small blind $1
f2e1932a: posts big blind $2
*** HOLE CARDS ***
Dealt to f911ed95 
Dealt to f2e1932a 
Dealt to e5cbeb18 
Dealt to 2040fbe 
Dealt to Hero [8s 9c]
e5cbeb18: folds
Hero: folds
f911ed95: raises $6 to $8
2040fbe: folds
f2e1932a: folds
Uncalled bet ($6) returned to f911ed95
*** SHOWDOWN ***
f911ed95 collected $5 from pot
*** SUMMARY ***
Total pot $5
Seat 7: f911ed95won ($5)
Seat 2: f2e1932a(big blind) folded before Flop
Seat 3: e5cbeb18 folded before Flop (didn't bet)
Seat 1: 2040fbe(small blind) folded before Flop
Seat 5: Hero folded before Flop (didn't bet)



Poker Hand #ring_978343853: NLH No Limit ($1/$2) - 2025/07/08 00:38:31
Table 'MR NLH 1/2' 7-max Seat #5 is the button
Seat 7: f911ed95 ($282.25 in chips)
Seat 2: f2e1932a ($580.3 in chips)
Seat 3: e5cbeb18 ($500.02 in chips)
Seat 1: 2040fbe ($221.75 in chips)
Seat 5: Hero ($223.39 in chips)
f911ed95: posts small blind $1
2040fbe: posts big blind $2
*** HOLE CARDS ***
Dealt to f911ed95 
Dealt to f2e1932a 
Dealt to e5cbeb18 
Dealt to 2040fbe 
Dealt to Hero [9s Js]
f2e1932a: folds
e5cbeb18: folds
Hero: raises $4 to $6
f911ed95: calls $5
2040fbe: folds
*** FLOP *** [4s Jc 6h]
f911ed95: checks
Hero: bets $7
f911ed95: calls $7
*** TURN *** [4s Jc 6h] [3c]
f911ed95: checks
Hero: bets $14
f911ed95: folds
Uncalled bet ($14) returned to Hero
*** SHOWDOWN ***
Hero collected $28 from pot
*** SUMMARY ***
Total pot $28
Board [4s Jc 6h 3c]
Seat 7: f911ed95(small blind) folded on the Turn
Seat 2: f2e1932a folded before Flop (didn't bet)
Seat 3: e5cbeb18 folded before Flop (didn't bet)
Seat 1: 2040fbe(big blind) folded before Flop
Seat 5: Herowon ($28) with Pair of Jacks



Poker Hand #ring_978343219: NLH No Limit ($1/$2) - 2025/07/08 00:38:11
Table 'MR NLH 1/2' 7-max Seat #3 is the button
Seat 7: f911ed95 ($284.25 in chips)
Seat 2: f2e1932a ($580.3 in chips)
Seat 3: e5cbeb18 ($500.02 in chips)
Seat 1: 2040fbe ($218.75 in chips)
Seat 5: Hero ($224.39 in chips)
Hero: posts small blind $1
f911ed95: posts big blind $2
*** HOLE CARDS ***
Dealt to f911ed95 
Dealt to f2e1932a 
Dealt to e5cbeb18 
Dealt to 2040fbe 
Dealt to Hero [8h 3c]
2040fbe: raises $3 to $5
f2e1932a: folds
e5cbeb18: folds
Hero: folds
f911ed95: folds
Uncalled bet ($3) returned to 2040fbe
*** SHOWDOWN ***
2040fbe collected $5 from pot
*** SUMMARY ***
Total pot $5
Seat 7: f911ed95(big blind) folded before Flop
Seat 2: f2e1932a folded before Flop (didn't bet)
Seat 3: e5cbeb18 folded before Flop (didn't bet)
Seat 1: 2040fbewon ($5)
Seat 5: Hero(small blind) folded before Flop



Poker Hand #ring_978341414: NLH No Limit ($1/$2) - 2025/07/08 00:37:15
Table 'MR NLH 1/2' 7-max Seat #2 is the button
Seat 7: f911ed95 ($292.25 in chips)
Seat 2: f2e1932a ($580.3 in chips)
Seat 3: e5cbeb18 ($501.02 in chips)
Seat 1: 2040fbe ($208.6 in chips)
Seat 5: Hero ($226.39 in chips)
e5cbeb18: posts small blind $1
Hero: posts big blind $2
*** HOLE CARDS ***
Dealt to f911ed95 
Dealt to f2e1932a 
Dealt to e5cbeb18 
Dealt to 2040fbe 
Dealt to Hero [Ah 3s]
f911ed95: calls $2
2040fbe: raises $6 to $8
f2e1932a: folds
e5cbeb18: folds
Hero: folds
f911ed95: calls $6
*** FLOP *** [7s Js Ts]
f911ed95: checks
2040fbe: checks
*** TURN *** [7s Js Ts] [3d]
f911ed95: checks
2040fbe: checks
*** RIVER *** [7s Js Ts 3d] [Th]
f911ed95: checks
2040fbe: checks
2040fbe: shows [6h 6c]
f911ed95: shows [Kc 9c]
*** SHOWDOWN ***
2040fbe collected $19 from pot
*** SUMMARY ***
Total pot $19
Board [7s Js Ts 3d Th]
Seat 7: f911ed95 showed [Kc 9c] and lost with Pair of Tens
Seat 2: f2e1932a folded before Flop (didn't bet)
Seat 3: e5cbeb18(small blind) folded before Flop
Seat 1: 2040fbe showed [6h 6c] and won ($19) with Pair of Tens and Pair of Sixes
Seat 5: Hero(big blind) folded before Flop



Poker Hand #ring_978339916: NLH No Limit ($1/$2) - 2025/07/08 00:36:28
Table 'MR NLH 1/2' 7-max Seat #1 is the button
Seat 7: f911ed95 ($292.25 in chips)
Seat 2: f2e1932a ($581.3 in chips)
Seat 3: e5cbeb18 ($495.51 in chips)
Seat 1: 2040fbe ($213.6 in chips)
Seat 5: Hero ($226.39 in chips)
f2e1932a: posts small blind $1
e5cbeb18: posts big blind $2
*** HOLE CARDS ***
Dealt to f911ed95 
Dealt to f2e1932a 
Dealt to e5cbeb18 
Dealt to 2040fbe 
Dealt to Hero [8s Qh]
Hero: folds
f911ed95: folds
2040fbe: raises $3 to $5
f2e1932a: folds
e5cbeb18: calls $3
*** FLOP *** [4h 2h 3h]
e5cbeb18: checks
2040fbe: checks
*** TURN *** [4h 2h 3h] [2d]
e5cbeb18: bets $8.8
2040fbe: folds
Uncalled bet ($8.8) returned to e5cbeb18
*** SHOWDOWN ***
e5cbeb18 collected $11 from pot
*** SUMMARY ***
Total pot $11
Board [4h 2h 3h 2d]
Seat 7: f911ed95 folded before Flop (didn't bet)
Seat 2: f2e1932a(small blind) folded before Flop
Seat 3: e5cbeb18(big blind)won ($11) with Pair of Twos
Seat 1: 2040fbe folded on the Turn
Seat 5: Hero folded before Flop (didn't bet)



Poker Hand #ring_978339198: NLH No Limit ($1/$2) - 2025/07/08 00:36:07
Table 'MR NLH 1/2' 7-max Seat #7 is the button
Seat 7: f911ed95 ($292.25 in chips)
Seat 2: f2e1932a ($583.3 in chips)
Seat 3: e5cbeb18 ($492.51 in chips)
Seat 1: 2040fbe ($214.6 in chips)
Seat 5: Hero ($226.39 in chips)
2040fbe: posts small blind $1
f2e1932a: posts big blind $2
*** HOLE CARDS ***
Dealt to f911ed95 
Dealt to f2e1932a 
Dealt to e5cbeb18 
Dealt to 2040fbe 
Dealt to Hero [4s 2h]
e5cbeb18: raises $3 to $5
Hero: folds
f911ed95: folds
2040fbe: folds
f2e1932a: folds
Uncalled bet ($3) returned to e5cbeb18
*** SHOWDOWN ***
e5cbeb18 collected $5 from pot
*** SUMMARY ***
Total pot $5
Seat 7: f911ed95 folded before Flop (didn't bet)
Seat 2: f2e1932a(big blind) folded before Flop
Seat 3: e5cbeb18won ($5)
Seat 1: 2040fbe(small blind) folded before Flop
Seat 5: Hero folded before Flop (didn't bet)



Poker Hand #ring_978338498: NLH No Limit ($1/$2) - 2025/07/08 00:35:45
Table 'MR NLH 1/2' 7-max Seat #5 is the button
Seat 7: f911ed95 ($293.25 in chips)
Seat 2: f2e1932a ($583.3 in chips)
Seat 3: e5cbeb18 ($492.51 in chips)
Seat 1: 2040fbe ($213.6 in chips)
Seat 5: Hero ($226.39 in chips)
f911ed95: posts small blind $1
2040fbe: posts big blind $2
*** HOLE CARDS ***
Dealt to f911ed95 
Dealt to f2e1932a 
Dealt to e5cbeb18 
Dealt to 2040fbe 
Dealt to Hero [3c Qh]
f2e1932a: folds
e5cbeb18: folds
Hero: folds
f911ed95: folds
*** SHOWDOWN ***
2040fbe collected $3 from pot
*** SUMMARY ***
Total pot $3
Seat 7: f911ed95(small blind) folded before Flop
Seat 2: f2e1932a folded before Flop (didn't bet)
Seat 3: e5cbeb18 folded before Flop (didn't bet)
Seat 1: 2040fbe(big blind)won ($3)
Seat 5: Hero folded before Flop (didn't bet)



Poker Hand #ring_978337796: NLH No Limit ($1/$2) - 2025/07/08 00:35:24
Table 'MR NLH 1/2' 7-max Seat #3 is the button
Seat 7: f911ed95 ($295.25 in chips)
Seat 2: f2e1932a ($580.3 in chips)
Seat 3: e5cbeb18 ($492.51 in chips)
Seat 1: 2040fbe ($213.6 in chips)
Seat 5: Hero ($227.39 in chips)
Hero: posts small blind $1
f911ed95: posts big blind $2
*** HOLE CARDS ***
Dealt to f911ed95 
Dealt to f2e1932a 
Dealt to e5cbeb18 
Dealt to 2040fbe 
Dealt to Hero [5s 7c]
2040fbe: folds
f2e1932a: raises $3 to $5
e5cbeb18: folds
Hero: folds
f911ed95: folds
Uncalled bet ($3) returned to f2e1932a
*** SHOWDOWN ***
f2e1932a collected $5 from pot
*** SUMMARY ***
Total pot $5
Seat 7: f911ed95(big blind) folded before Flop
Seat 2: f2e1932awon ($5)
Seat 3: e5cbeb18 folded before Flop (didn't bet)
Seat 1: 2040fbe folded before Flop (didn't bet)
Seat 5: Hero(small blind) folded before Flop



Poker Hand #ring_978335263: NLH No Limit ($1/$2) - 2025/07/08 00:34:07
Table 'MR NLH 1/2' 7-max Seat #2 is the button
Seat 7: f911ed95 ($295.25 in chips)
Seat 2: f2e1932a ($585.3 in chips)
Seat 3: e5cbeb18 ($497.51 in chips)
Seat 1: 2040fbe ($200 in chips)
Seat 5: Hero ($232.39 in chips)
e5cbeb18: posts small blind $1
Hero: posts big blind $2
*** HOLE CARDS ***
Dealt to f911ed95 
Dealt to f2e1932a 
Dealt to e5cbeb18 
Dealt to 2040fbe 
Dealt to Hero [9d Ts]
f911ed95: folds
2040fbe: raises $3 to $5
f2e1932a: calls $5
e5cbeb18: calls $4
Hero: calls $3
*** FLOP *** [7h Jh 7d]
e5cbeb18: checks
Hero: checks
2040fbe: checks
f2e1932a: checks
*** TURN *** [7h Jh 7d] [Ac]
e5cbeb18: checks
Hero: checks
2040fbe: bets $10
f2e1932a: folds
e5cbeb18: folds
Hero: folds
Uncalled bet ($10) returned to 2040fbe
*** SHOWDOWN ***
2040fbe collected $20 from pot
*** SUMMARY ***
Total pot $20
Board [7h Jh 7d Ac]
Seat 7: f911ed95 folded before Flop (didn't bet)
Seat 2: f2e1932a folded on the Turn
Seat 3: e5cbeb18(small blind) folded on the Turn
Seat 1: 2040fbewon ($20) with Pair of Sevens
Seat 5: Hero(big blind) folded on the Turn



Poker Hand #ring_978334330: NLH No Limit ($1/$2) - 2025/07/08 00:33:39
Table 'MR NLH 1/2' 7-max Seat #1 is the button
Seat 7: f911ed95 ($295.25 in chips)
Seat 2: f2e1932a ($586.3 in chips)
Seat 3: e5cbeb18 ($496.51 in chips)
Seat 1: 2040fbe ($200 in chips)
Seat 5: Hero ($232.39 in chips)
f2e1932a: posts small blind $1
e5cbeb18: posts big blind $2
*** HOLE CARDS ***
Dealt to f911ed95 
Dealt to f2e1932a 
Dealt to e5cbeb18 
Dealt to 2040fbe 
Dealt to Hero [3s 2d]
Hero: folds
f911ed95: folds
2040fbe: folds
f2e1932a: folds
*** SHOWDOWN ***
e5cbeb18 collected $3 from pot
*** SUMMARY ***
Total pot $3
Seat 7: f911ed95 folded before Flop (didn't bet)
Seat 2: f2e1932a(small blind) folded before Flop
Seat 3: e5cbeb18(big blind)won ($3)
Seat 1: 2040fbe folded before Flop (didn't bet)
Seat 5: Hero folded before Flop (didn't bet)



Poker Hand #ring_978333085: NLH No Limit ($1/$2) - 2025/07/08 00:32:59
Table 'MR NLH 1/2' 7-max Seat #7 is the button
Seat 7: f911ed95 ($295.25 in chips)
Seat 2: f2e1932a ($580.84 in chips)
Seat 3: e5cbeb18 ($496.51 in chips)
Seat 1: 2040fbe ($198.51 in chips)
Seat 5: Hero ($232.39 in chips)
2040fbe: posts small blind $1
f2e1932a: posts big blind $2
*** HOLE CARDS ***
Dealt to f911ed95 
Dealt to f2e1932a 
Dealt to e5cbeb18 
Dealt to 2040fbe 
Dealt to Hero [Kd 8h]
e5cbeb18: folds
Hero: folds
f911ed95: folds
2040fbe: raises $4 to $6
f2e1932a: calls $4
*** FLOP *** [Jd 6d 8s]
2040fbe: checks
f2e1932a: bets $7.92
2040fbe: folds
Uncalled bet ($7.92) returned to f2e1932a
*** SHOWDOWN ***
f2e1932a collected $12 from pot
*** SUMMARY ***
Total pot $12
Board [Jd 6d 8s]
Seat 7: f911ed95 folded before Flop (didn't bet)
Seat 2: f2e1932a(big blind)won ($12) with Jack-High
Seat 3: e5cbeb18 folded before Flop (didn't bet)
Seat 1: 2040fbe(small blind) folded on the Flop
Seat 5: Hero folded before Flop (didn't bet)



Poker Hand #ring_978332140: NLH No Limit ($1/$2) - 2025/07/08 00:32:30
Table 'MR NLH 1/2' 7-max Seat #5 is the button
Seat 7: f911ed95 ($300.25 in chips)
Seat 2: f2e1932a ($580.84 in chips)
Seat 3: e5cbeb18 ($490.05 in chips)
Seat 1: 2040fbe ($200.51 in chips)
Seat 5: Hero ($232.39 in chips)
f911ed95: posts small blind $1
2040fbe: posts big blind $2
*** HOLE CARDS ***
Dealt to f911ed95 
Dealt to f2e1932a 
Dealt to e5cbeb18 
Dealt to 2040fbe 
Dealt to Hero [4d Tc]
f2e1932a: folds
e5cbeb18: raises $3 to $5
Hero: folds
f911ed95: calls $4
2040fbe: folds
*** FLOP *** [7c Td 8h]
f911ed95: checks
e5cbeb18: bets $7.92
f911ed95: folds
Uncalled bet ($7.92) returned to e5cbeb18
*** SHOWDOWN ***
e5cbeb18 collected $12 from pot
*** SUMMARY ***
Total pot $12
Board [7c Td 8h]
Seat 7: f911ed95(small blind) folded on the Flop
Seat 2: f2e1932a folded before Flop (didn't bet)
Seat 3: e5cbeb18won ($12) with Ace-High
Seat 1: 2040fbe(big blind) folded before Flop
Seat 5: Hero folded before Flop (didn't bet)



Poker Hand #ring_978330033: NLH No Limit ($1/$2) - 2025/07/08 00:31:26
Table 'MR NLH 1/2' 7-max Seat #3 is the button
Seat 7: f911ed95 ($301 in chips)
Seat 2: f2e1932a ($580.84 in chips)
Seat 3: e5cbeb18 ($490.05 in chips)
Seat 1: 2040fbe ($200.51 in chips)
Seat 5: Hero ($233.13 in chips)
Hero: posts small blind $1
f911ed95: posts big blind $2
*** HOLE CARDS ***
Dealt to f911ed95 
Dealt to f2e1932a 
Dealt to e5cbeb18 
Dealt to 2040fbe 
Dealt to Hero [9c Ad]
2040fbe: folds
f2e1932a: folds
e5cbeb18: folds
Hero: raises $2.4 to $4.4
f911ed95: calls $2.4
*** FLOP *** [6d 4s Ts]
Hero: checks
f911ed95: checks
*** TURN *** [6d 4s Ts] [7h]
Hero: checks
f911ed95: checks
*** RIVER *** [6d 4s Ts 7h] [8s]
Hero: checks
f911ed95: bets $6.6
Hero: calls $6.6
Hero: shows [9c Ad]
f911ed95: shows [9d Ah]
*** SHOWDOWN ***
Hero collected $11 from pot
f911ed95 collected $11 from pot
*** SUMMARY ***
Total pot $22
Board [6d 4s Ts 7h 8s]
Seat 7: f911ed95(big blind) showed [9d Ah] and won ($11) with Tens-High Straight
Seat 2: f2e1932a folded before Flop (didn't bet)
Seat 3: e5cbeb18 folded before Flop (didn't bet)
Seat 1: 2040fbe folded before Flop (didn't bet)
Seat 5: Hero(small blind) showed [9c Ad] and won ($11) with Tens-High Straight



Poker Hand #ring_978329159: NLH No Limit ($1/$2) - 2025/07/08 00:30:59
Table 'MR NLH 1/2' 7-max Seat #2 is the button
Seat 7: f911ed95 ($298 in chips)
Seat 2: f2e1932a ($580.84 in chips)
Seat 3: e5cbeb18 ($491.05 in chips)
Seat 1: 2040fbe ($200.51 in chips)
Seat 5: Hero ($235.13 in chips)
e5cbeb18: posts small blind $1
Hero: posts big blind $2
*** HOLE CARDS ***
Dealt to f911ed95 
Dealt to f2e1932a 
Dealt to e5cbeb18 
Dealt to 2040fbe 
Dealt to Hero [Qh 4c]
f911ed95: raises $6 to $8
2040fbe: folds
f2e1932a: folds
e5cbeb18: folds
Hero: folds
Uncalled bet ($6) returned to f911ed95
*** SHOWDOWN ***
f911ed95 collected $5 from pot
*** SUMMARY ***
Total pot $5
Seat 7: f911ed95won ($5)
Seat 2: f2e1932a folded before Flop (didn't bet)
Seat 3: e5cbeb18(small blind) folded before Flop
Seat 1: 2040fbe folded before Flop (didn't bet)
Seat 5: Hero(big blind) folded before Flop



Poker Hand #ring_978328043: NLH No Limit ($1/$2) - 2025/07/08 00:30:25
Table 'MR NLH 1/2' 7-max Seat #1 is the button
Seat 7: f911ed95 ($300 in chips)
Seat 2: f2e1932a ($568.84 in chips)
Seat 3: e5cbeb18 ($493.05 in chips)
Seat 1: 2040fbe ($208.51 in chips)
Seat 5: Hero ($235.13 in chips)
f2e1932a: posts small blind $1
e5cbeb18: posts big blind $2
f911ed95: posts big blind $2
*** HOLE CARDS ***
Dealt to f911ed95 
Dealt to f2e1932a 
Dealt to e5cbeb18 
Dealt to 2040fbe 
Dealt to Hero [9c 2h]
Hero: folds
f911ed95: checks
2040fbe: raises $6 to $8
f2e1932a: raises $20 to $28
e5cbeb18: folds
f911ed95: folds
2040fbe: folds
Uncalled bet ($20) returned to f2e1932a
*** SHOWDOWN ***
f2e1932a collected $20 from pot
*** SUMMARY ***
Total pot $20
Seat 7: f911ed95 folded before Flop
Seat 2: f2e1932a(small blind)won ($20)
Seat 3: e5cbeb18(big blind) folded before Flop
Seat 1: 2040fbe folded before Flop
Seat 5: Hero folded before Flop (didn't bet)



Poker Hand #ring_978327571: NLH No Limit ($1/$2) - 2025/07/08 00:30:11
Table 'MR NLH 1/2' 7-max Seat #5 is the button
Seat 2: f2e1932a ($567.84 in chips)
Seat 3: e5cbeb18 ($493.05 in chips)
Seat 1: 2040fbe ($209.51 in chips)
Seat 5: Hero ($235.13 in chips)
2040fbe: posts small blind $1
f2e1932a: posts big blind $2
*** HOLE CARDS ***
Dealt to f2e1932a 
Dealt to e5cbeb18 
Dealt to 2040fbe 
Dealt to Hero [6c Ts]
e5cbeb18: folds
Hero: folds
2040fbe: folds
*** SHOWDOWN ***
f2e1932a collected $3 from pot
*** SUMMARY ***
Total pot $3
Seat 2: f2e1932a(big blind)won ($3)
Seat 3: e5cbeb18 folded before Flop (didn't bet)
Seat 1: 2040fbe(small blind) folded before Flop
Seat 5: Hero folded before Flop (didn't bet)



Poker Hand #ring_978325967: NLH No Limit ($1/$2) - 2025/07/08 00:29:23
Table 'MR NLH 1/2' 7-max Seat #3 is the button
Seat 2: f2e1932a ($567.84 in chips)
Seat 3: e5cbeb18 ($493.05 in chips)
Seat 1: 2040fbe ($213.51 in chips)
Seat 5: Hero ($231.49 in chips)
Hero: posts small blind $1
2040fbe: posts big blind $2
*** HOLE CARDS ***
Dealt to f2e1932a 
Dealt to e5cbeb18 
Dealt to 2040fbe 
Dealt to Hero [9d Ah]
f2e1932a: folds
e5cbeb18: folds
Hero: raises $2 to $4
2040fbe: calls $2
*** FLOP *** [Th 8s 8d]
Hero: checks
2040fbe: checks
*** TURN *** [Th 8s 8d] [Jc]
Hero: bets $4
2040fbe: folds
Uncalled bet ($4) returned to Hero
*** SHOWDOWN ***
Hero collected $8 from pot
*** SUMMARY ***
Total pot $8
Board [Th 8s 8d Jc]
Seat 2: f2e1932a folded before Flop (didn't bet)
Seat 3: e5cbeb18 folded before Flop (didn't bet)
Seat 1: 2040fbe(big blind) folded on the Turn
Seat 5: Hero(small blind)won ($8) with Pair of Eights



Poker Hand #ring_978324415: NLH No Limit ($1/$2) - 2025/07/08 00:28:36
Table 'MR NLH 1/2' 7-max Seat #2 is the button
Seat 2: f2e1932a ($560.47 in chips)
Seat 3: e5cbeb18 ($499.05 in chips)
Seat 1: 2040fbe ($213.51 in chips)
Seat 5: Hero ($233.49 in chips)
e5cbeb18: posts small blind $1
Hero: posts big blind $2
*** HOLE CARDS ***
Dealt to f2e1932a 
Dealt to e5cbeb18 
Dealt to 2040fbe 
Dealt to Hero [Td 2c]
2040fbe: folds
f2e1932a: raises $4 to $6
e5cbeb18: calls $5
Hero: folds
*** FLOP *** [Th 6c Qd]
e5cbeb18: checks
f2e1932a: checks
*** TURN *** [Th 6c Qd] [9h]
e5cbeb18: checks
f2e1932a: checks
*** RIVER *** [Th 6c Qd 9h] [2d]
e5cbeb18: checks
f2e1932a: checks
f2e1932a: shows [5c 5s]
e5cbeb18: shows [5d 3d]
*** SHOWDOWN ***
f2e1932a collected $14 from pot
*** SUMMARY ***
Total pot $14
Board [Th 6c Qd 9h 2d]
Seat 2: f2e1932a showed [5c 5s] and won ($14) with Pair of Fives
Seat 3: e5cbeb18(small blind) showed [5d 3d] and lost with Queen-High
Seat 1: 2040fbe folded before Flop (didn't bet)
Seat 5: Hero(big blind) folded before Flop



Poker Hand #ring_978323839: NLH No Limit ($1/$2) - 2025/07/08 00:28:18
Table 'MR NLH 1/2' 7-max Seat #1 is the button
Seat 2: f2e1932a ($561.47 in chips)
Seat 3: e5cbeb18 ($501.05 in chips)
Seat 1: 2040fbe ($213.51 in chips)
Seat 5: Hero ($230.49 in chips)
f2e1932a: posts small blind $1
e5cbeb18: posts big blind $2
*** HOLE CARDS ***
Dealt to f2e1932a 
Dealt to e5cbeb18 
Dealt to 2040fbe 
Dealt to Hero [Ks Ac]
Hero: raises $4 to $6
2040fbe: folds
f2e1932a: folds
e5cbeb18: folds
Uncalled bet ($4) returned to Hero
*** SHOWDOWN ***
Hero collected $5 from pot
*** SUMMARY ***
Total pot $5
Seat 2: f2e1932a(small blind) folded before Flop
Seat 3: e5cbeb18(big blind) folded before Flop
Seat 1: 2040fbe folded before Flop (didn't bet)
Seat 5: Herowon ($5)



Poker Hand #ring_978323024: NLH No Limit ($1/$2) - 2025/07/08 00:27:54
Table 'MR NLH 1/2' 7-max Seat #5 is the button
Seat 2: f2e1932a ($563.47 in chips)
Seat 3: e5cbeb18 ($498.05 in chips)
Seat 1: 2040fbe ($214.51 in chips)
Seat 5: Hero ($230.49 in chips)
2040fbe: posts small blind $1
f2e1932a: posts big blind $2
*** HOLE CARDS ***
Dealt to f2e1932a 
Dealt to e5cbeb18 
Dealt to 2040fbe 
Dealt to Hero [Kc 6h]
e5cbeb18: raises $3 to $5
Hero: folds
2040fbe: folds
f2e1932a: folds
Uncalled bet ($3) returned to e5cbeb18
*** SHOWDOWN ***
e5cbeb18 collected $5 from pot
*** SUMMARY ***
Total pot $5
Seat 2: f2e1932a(big blind) folded before Flop
Seat 3: e5cbeb18won ($5)
Seat 1: 2040fbe(small blind) folded before Flop
Seat 5: Hero folded before Flop (didn't bet)



Poker Hand #ring_978322013: NLH No Limit ($1/$2) - 2025/07/08 00:27:24
Table 'MR NLH 1/2' 7-max Seat #3 is the button
Seat 2: f2e1932a ($563.47 in chips)
Seat 3: e5cbeb18 ($503.05 in chips)
Seat 1: 2040fbe ($208.51 in chips)
Seat 5: Hero ($231.49 in chips)
Hero: posts small blind $1
2040fbe: posts big blind $2
*** HOLE CARDS ***
Dealt to f2e1932a 
Dealt to e5cbeb18 
Dealt to 2040fbe 
Dealt to Hero [5d 8h]
f2e1932a: folds
e5cbeb18: raises $3 to $5
Hero: folds
2040fbe: raises $19 to $24
e5cbeb18: folds
Uncalled bet ($19) returned to 2040fbe
*** SHOWDOWN ***
2040fbe collected $11 from pot
*** SUMMARY ***
Total pot $11
Seat 2: f2e1932a folded before Flop (didn't bet)
Seat 3: e5cbeb18 folded before Flop
Seat 1: 2040fbe(big blind)won ($11)
Seat 5: Hero(small blind) folded before Flop



Poker Hand #ring_978320898: NLH No Limit ($1/$2) - 2025/07/08 00:26:50
Table 'MR NLH 1/2' 7-max Seat #2 is the button
Seat 2: f2e1932a ($563.47 in chips)
Seat 3: e5cbeb18 ($504.05 in chips)
Seat 1: 2040fbe ($203 in chips)
Seat 5: Hero ($236.49 in chips)
e5cbeb18: posts small blind $1
Hero: posts big blind $2
*** HOLE CARDS ***
Dealt to f2e1932a 
Dealt to e5cbeb18 
Dealt to 2040fbe 
Dealt to Hero [3h 4h]
2040fbe: raises $3 to $5
f2e1932a: folds
e5cbeb18: folds
Hero: calls $3
*** FLOP *** [Qc Ts 2d]
Hero: checks
2040fbe: bets $8.25
Hero: folds
Uncalled bet ($8.25) returned to 2040fbe
*** SHOWDOWN ***
2040fbe collected $11 from pot
*** SUMMARY ***
Total pot $11
Board [Qc Ts 2d]
Seat 2: f2e1932a folded before Flop (didn't bet)
Seat 3: e5cbeb18(small blind) folded before Flop
Seat 1: 2040fbewon ($11) with Pair of Aces
Seat 5: Hero(big blind) folded on the Flop



Poker Hand #ring_978319929: NLH No Limit ($1/$2) - 2025/07/08 00:26:20
Table 'MR NLH 1/2' 7-max Seat #1 is the button
Seat 6: 1f69ca2b ($472.6 in chips)
Seat 2: f2e1932a ($561.47 in chips)
Seat 3: e5cbeb18 ($506.05 in chips)
Seat 1: 2040fbe ($203 in chips)
Seat 5: Hero ($236.49 in chips)
f2e1932a: posts small blind $1
e5cbeb18: posts big blind $2
*** HOLE CARDS ***
Dealt to 1f69ca2b 
Dealt to f2e1932a 
Dealt to e5cbeb18 
Dealt to 2040fbe 
Dealt to Hero [Ah 3d]
Hero: folds
1f69ca2b: folds
2040fbe: folds
f2e1932a: raises $4 to $6
e5cbeb18: folds
Uncalled bet ($4) returned to f2e1932a
*** SHOWDOWN ***
f2e1932a collected $4 from pot
*** SUMMARY ***
Total pot $4
Seat 6: 1f69ca2b folded before Flop (didn't bet)
Seat 2: f2e1932a(small blind)won ($4)
Seat 3: e5cbeb18(big blind) folded before Flop
Seat 1: 2040fbe folded before Flop (didn't bet)
Seat 5: Hero folded before Flop (didn't bet)



Poker Hand #ring_978319282: NLH No Limit ($1/$2) - 2025/07/08 00:26:01
Table 'MR NLH 1/2' 7-max Seat #6 is the button
Seat 4: 4a32253d ($399 in chips)
Seat 6: 1f69ca2b ($472.6 in chips)
Seat 2: f2e1932a ($560.47 in chips)
Seat 3: e5cbeb18 ($506.05 in chips)
Seat 1: 2040fbe ($204 in chips)
Seat 5: Hero ($236.49 in chips)
2040fbe: posts small blind $1
f2e1932a: posts big blind $2
*** HOLE CARDS ***
Dealt to 4a32253d 
Dealt to 1f69ca2b 
Dealt to f2e1932a 
Dealt to e5cbeb18 
Dealt to 2040fbe 
Dealt to Hero [2d Qs]
e5cbeb18: folds
4a32253d: folds
Hero: folds
1f69ca2b: folds
2040fbe: folds
*** SHOWDOWN ***
f2e1932a collected $3 from pot
*** SUMMARY ***
Total pot $3
Seat 4: 4a32253d folded before Flop (didn't bet)
Seat 6: 1f69ca2b folded before Flop (didn't bet)
Seat 2: f2e1932a(big blind)won ($3)
Seat 3: e5cbeb18 folded before Flop (didn't bet)
Seat 1: 2040fbe(small blind) folded before Flop
Seat 5: Hero folded before Flop (didn't bet)



Poker Hand #ring_978318374: NLH No Limit ($1/$2) - 2025/07/08 00:25:34
Table 'MR NLH 1/2' 7-max Seat #5 is the button
Seat 4: 4a32253d ($399 in chips)
Seat 6: 1f69ca2b ($470.6 in chips)
Seat 2: f2e1932a ($560.47 in chips)
Seat 3: e5cbeb18 ($506.05 in chips)
Seat 1: 2040fbe ($206 in chips)
Seat 5: Hero ($236.49 in chips)
1f69ca2b: posts small blind $1
2040fbe: posts big blind $2
*** HOLE CARDS ***
Dealt to 4a32253d 
Dealt to 1f69ca2b 
Dealt to f2e1932a 
Dealt to e5cbeb18 
Dealt to 2040fbe 
Dealt to Hero [Kc 7d]
f2e1932a: folds
e5cbeb18: folds
4a32253d: folds
Hero: folds
1f69ca2b: raises $6 to $8
2040fbe: folds
Uncalled bet ($6) returned to 1f69ca2b
*** SHOWDOWN ***
1f69ca2b collected $4 from pot
*** SUMMARY ***
Total pot $4
Seat 4: 4a32253d folded before Flop (didn't bet)
Seat 6: 1f69ca2b(small blind)won ($4)
Seat 2: f2e1932a folded before Flop (didn't bet)
Seat 3: e5cbeb18 folded before Flop (didn't bet)
Seat 1: 2040fbe(big blind) folded before Flop
Seat 5: Hero folded before Flop (didn't bet)



Poker Hand #ring_978317381: NLH No Limit ($1/$2) - 2025/07/08 00:25:05
Table 'MR NLH 1/2' 7-max Seat #4 is the button
Seat 4: 4a32253d ($399 in chips)
Seat 6: 1f69ca2b ($472.6 in chips)
Seat 2: f2e1932a ($560.47 in chips)
Seat 3: e5cbeb18 ($503.05 in chips)
Seat 5: Hero ($237.49 in chips)
Hero: posts small blind $1
1f69ca2b: posts big blind $2
*** HOLE CARDS ***
Dealt to 4a32253d 
Dealt to 1f69ca2b 
Dealt to f2e1932a 
Dealt to e5cbeb18 
Dealt to Hero [Tc 8h]
f2e1932a: folds
e5cbeb18: raises $3 to $5
4a32253d: folds
Hero: folds
1f69ca2b: folds
Uncalled bet ($3) returned to e5cbeb18
*** SHOWDOWN ***
e5cbeb18 collected $5 from pot
*** SUMMARY ***
Total pot $5
Seat 4: 4a32253d folded before Flop (didn't bet)
Seat 6: 1f69ca2b(big blind) folded before Flop
Seat 2: f2e1932a folded before Flop (didn't bet)
Seat 3: e5cbeb18won ($5)
Seat 5: Hero(small blind) folded before Flop



Poker Hand #ring_978316283: NLH No Limit ($1/$2) - 2025/07/08 00:24:32
Table 'MR NLH 1/2' 7-max Seat #3 is the button
Seat 4: 4a32253d ($400 in chips)
Seat 6: 1f69ca2b ($469.6 in chips)
Seat 2: f2e1932a ($560.47 in chips)
Seat 3: e5cbeb18 ($503.05 in chips)
Seat 5: Hero ($239.49 in chips)
4a32253d: posts small blind $1
Hero: posts big blind $2
*** HOLE CARDS ***
Dealt to 4a32253d 
Dealt to 1f69ca2b 
Dealt to f2e1932a 
Dealt to e5cbeb18 
Dealt to Hero [3h 7h]
1f69ca2b: raises $4 to $6
f2e1932a: folds
e5cbeb18: folds
4a32253d: folds
Hero: folds
Uncalled bet ($4) returned to 1f69ca2b
*** SHOWDOWN ***
1f69ca2b collected $5 from pot
*** SUMMARY ***
Total pot $5
Seat 4: 4a32253d(small blind) folded before Flop
Seat 6: 1f69ca2bwon ($5)
Seat 2: f2e1932a folded before Flop (didn't bet)
Seat 3: e5cbeb18 folded before Flop (didn't bet)
Seat 5: Hero(big blind) folded before Flop



Poker Hand #ring_978315390: NLH No Limit ($1/$2) - 2025/07/08 00:24:05
Table 'MR NLH 1/2' 7-max Seat #2 is the button
Seat 4: 4a32253d ($400 in chips)
Seat 6: 1f69ca2b ($469.6 in chips)
Seat 2: f2e1932a ($560.47 in chips)
Seat 3: e5cbeb18 ($504.05 in chips)
Seat 5: Hero ($236.49 in chips)
e5cbeb18: posts small blind $1
4a32253d: posts big blind $2
*** HOLE CARDS ***
Dealt to 4a32253d 
Dealt to 1f69ca2b 
Dealt to f2e1932a 
Dealt to e5cbeb18 
Dealt to Hero [As 9s]
Hero: raises $4 to $6
1f69ca2b: folds
f2e1932a: folds
e5cbeb18: folds
4a32253d: folds
Uncalled bet ($4) returned to Hero
*** SHOWDOWN ***
Hero collected $5 from pot
*** SUMMARY ***
Total pot $5
Seat 4: 4a32253d(big blind) folded before Flop
Seat 6: 1f69ca2b folded before Flop (didn't bet)
Seat 2: f2e1932a folded before Flop (didn't bet)
Seat 3: e5cbeb18(small blind) folded before Flop
Seat 5: Herowon ($5)



Poker Hand #ring_978313670: NLH No Limit ($1/$2) - 2025/07/08 00:23:14
Table 'MR NLH 1/2' 7-max Seat #0 is the button
Seat 7: 79d48bd ($77.18 in chips)
Seat 4: 4a32253d ($400 in chips)
Seat 6: 1f69ca2b ($397 in chips)
Seat 2: f2e1932a ($561.47 in chips)
Seat 3: e5cbeb18 ($506.05 in chips)
Seat 5: Hero ($236.49 in chips)
f2e1932a: posts small blind $1
e5cbeb18: posts big blind $2
*** HOLE CARDS ***
Dealt to 79d48bd 
Dealt to 4a32253d 
Dealt to 1f69ca2b 
Dealt to f2e1932a 
Dealt to e5cbeb18 
Dealt to Hero [4d 9s]
4a32253d: folds
Hero: folds
1f69ca2b: raises $4 to $6
79d48bd: calls $6
f2e1932a: folds
e5cbeb18: folds
*** FLOP *** [Ts Ac Kh]
1f69ca2b: bets $11.25
79d48bd: calls $11.25
*** TURN *** [Ts Ac Kh] [5c]
1f69ca2b: bets $379.75 and is all-in
79d48bd: calls $59.93 and is all-in
Uncalled bet ($319.82) returned to 1f69ca2b
1f69ca2b: shows [Qs Jh]
79d48bd: shows [Ad 2d]
*** RIVER *** [Ts Ac Kh 5c] [3s]
*** SHOWDOWN ***
1f69ca2b collected $157.36 from pot
*** SUMMARY ***
Total pot $157.36
Board [Ts Ac Kh 5c 3s]
Seat 7: 79d48bd showed [Ad 2d] and lost with Pair of Aces
Seat 4: 4a32253d folded before Flop (didn't bet)
Seat 6: 1f69ca2b showed [Qs Jh] and won ($157.36) with Aces-High Straight
Seat 2: f2e1932a(small blind) folded before Flop
Seat 3: e5cbeb18(big blind) folded before Flop
Seat 5: Hero folded before Flop (didn't bet)



Poker Hand #ring_978311821: NLH No Limit ($1/$2) - 2025/07/08 00:22:19
Table 'MR NLH 1/2' 7-max Seat #7 is the button
Seat 1: b0e0f227 ($564.57 in chips)
Seat 7: 79d48bd ($114.68 in chips)
Seat 4: 4a32253d ($400 in chips)
Seat 6: 1f69ca2b ($397 in chips)
Seat 2: f2e1932a ($563.47 in chips)
Seat 3: e5cbeb18 ($506.05 in chips)
Seat 5: Hero ($200 in chips)
b0e0f227: posts small blind $1
f2e1932a: posts big blind $2
*** HOLE CARDS ***
Dealt to b0e0f227 
Dealt to 79d48bd 
Dealt to 4a32253d 
Dealt to 1f69ca2b 
Dealt to f2e1932a 
Dealt to e5cbeb18 
Dealt to Hero [Ah 9h]
e5cbeb18: folds
4a32253d: folds
Hero: raises $4 to $6
1f69ca2b: folds
79d48bd: calls $6
b0e0f227: folds
f2e1932a: folds
*** FLOP *** [5h 6d 9c]
Hero: bets $7.5
79d48bd: calls $7.5
*** TURN *** [5h 6d 9c] [6c]
Hero: bets $24
79d48bd: calls $24
*** RIVER *** [5h 6d 9c 6c] [9s]
Hero: bets $113.11
79d48bd: folds
Uncalled bet ($113.11) returned to Hero
*** SHOWDOWN ***
Hero collected $78 from pot
*** SUMMARY ***
Total pot $78
Board [5h 6d 9c 6c 9s]
Seat 1: b0e0f227(small blind) folded before Flop
Seat 7: 79d48bd folded on the River
Seat 4: 4a32253d folded before Flop (didn't bet)
Seat 6: 1f69ca2b folded before Flop (didn't bet)
Seat 2: f2e1932a(big blind) folded before Flop
Seat 3: e5cbeb18 folded before Flop (didn't bet)
Seat 5: Herowon ($78) with Nines Full over Sixes



Poker Hand #ring_978309861: NLH No Limit ($1/$2) - 2025/07/08 00:21:21
Table 'MR NLH 1/2' 7-max Seat #6 is the button
Seat 1: b0e0f227 ($433.57 in chips)
Seat 7: 79d48bd ($232.42 in chips)
Seat 4: 4a32253d ($411.42 in chips)
Seat 6: 1f69ca2b ($397 in chips)
Seat 2: f2e1932a ($563.47 in chips)
Seat 3: e5cbeb18 ($506.05 in chips)
Seat 5: Hero ($202 in chips)
79d48bd: posts small blind $1
b0e0f227: posts big blind $2
Hero: posts big blind $2
*** HOLE CARDS ***
Dealt to b0e0f227 
Dealt to 79d48bd 
Dealt to 4a32253d 
Dealt to 1f69ca2b 
Dealt to f2e1932a 
Dealt to e5cbeb18 
Dealt to Hero [8h Jc]
f2e1932a: folds
e5cbeb18: folds
4a32253d: raises $7 to $9
Hero: folds
1f69ca2b: folds
79d48bd: calls $8
b0e0f227: calls $7
*** FLOP *** [9h 3d 5h]
79d48bd: checks
b0e0f227: checks
4a32253d: bets $14.5
79d48bd: raises $29 to $43.5
b0e0f227: calls $43.5
4a32253d: folds
*** TURN *** [9h 3d 5h] [Jh]
79d48bd: checks
b0e0f227: checks
*** RIVER *** [9h 3d 5h Jh] [Tc]
79d48bd: bets $65.24
b0e0f227: calls $65.24
b0e0f227: shows [9c 5s]
79d48bd: shows [6d Ah]
*** SHOWDOWN ***
b0e0f227 collected $260.98 from pot
*** SUMMARY ***
Total pot $260.98
Board [9h 3d 5h Jh Tc]
Seat 1: b0e0f227(big blind) showed [9c 5s] and won ($260.98) with Pair of Nines and Pair of Fives
Seat 7: 79d48bd(small blind) showed [6d Ah] and lost with Ace-High
Seat 4: 4a32253d folded on the Flop
Seat 6: 1f69ca2b folded before Flop (didn't bet)
Seat 2: f2e1932a folded before Flop (didn't bet)
Seat 3: e5cbeb18 folded before Flop (didn't bet)
Seat 5: Hero folded before Flop



Poker Hand #ring_978306757: NLH No Limit ($1/$2) - 2025/07/08 00:19:48
Table 'MR NLH 1/2' 7-max Seat #4 is the button
Seat 1: b0e0f227 ($455.56 in chips)
Seat 7: 79d48bd ($213.9 in chips)
Seat 4: 4a32253d ($399 in chips)
Seat 6: 1f69ca2b ($400 in chips)
Seat 2: f2e1932a ($563.47 in chips)
Seat 3: e5cbeb18 ($506.05 in chips)
Seat 5: Hero ($10.72 in chips)
Hero: posts small blind $1
1f69ca2b: posts big blind $2
*** HOLE CARDS ***
Dealt to b0e0f227 
Dealt to 79d48bd 
Dealt to 4a32253d 
Dealt to 1f69ca2b 
Dealt to f2e1932a 
Dealt to e5cbeb18 
Dealt to Hero [Tc Th]
79d48bd: calls $2
b0e0f227: calls $2
f2e1932a: folds
e5cbeb18: folds
4a32253d: folds
Hero: raises $8.72 to $10.72 and is all-in
1f69ca2b: folds
79d48bd: calls $8.72
b0e0f227: calls $8.72
*** FLOP *** [6c 5c Js]
79d48bd: checks
b0e0f227: checks
*** TURN *** [6c 5c Js] [5h]
79d48bd: checks
b0e0f227: bets $11.27
79d48bd: calls $11.27
*** RIVER *** [6c 5c Js 5h] [Kh]
79d48bd: checks
b0e0f227: checks
b0e0f227: shows [7s 7d]
Hero: shows [Tc Th]
79d48bd: shows [8h Kc]
*** SHOWDOWN ***
79d48bd collected $34.16 from pot
79d48bd collected $22.54 from pot
*** SUMMARY ***
Total pot $56.7
Board [6c 5c Js 5h Kh]
Seat 1: b0e0f227 showed [7s 7d] and lost with Pair of Sevens and Pair of Fives
Seat 7: 79d48bd showed [8h Kc] and won ($34.16) with Pair of Kings and Pair of Fives
Seat 4: 4a32253d folded before Flop (didn't bet)
Seat 6: 1f69ca2b(big blind) folded before Flop
Seat 2: f2e1932a folded before Flop (didn't bet)
Seat 3: e5cbeb18 folded before Flop (didn't bet)
Seat 5: Hero(small blind) showed [Tc Th] and lost with Pair of Tens and Pair of Fives



Poker Hand #ring_978303234: NLH No Limit ($1/$2) - 2025/07/08 00:18:01
Table 'MR NLH 1/2' 7-max Seat #3 is the button
Seat 1: b0e0f227 ($216.77 in chips)
Seat 7: 79d48bd ($256.9 in chips)
Seat 4: 4a32253d ($400 in chips)
Seat 2: f2e1932a ($563.47 in chips)
Seat 3: e5cbeb18 ($506.05 in chips)
Seat 5: Hero ($227.49 in chips)
4a32253d: posts small blind $1
Hero: posts big blind $2
*** HOLE CARDS ***
Dealt to b0e0f227 
Dealt to 79d48bd 
Dealt to 4a32253d 
Dealt to f2e1932a 
Dealt to e5cbeb18 
Dealt to Hero [Kd Jd]
79d48bd: raises $4 to $6
b0e0f227: calls $6
f2e1932a: folds
e5cbeb18: folds
4a32253d: folds
Hero: calls $4
*** FLOP *** [7h 4d Js]
Hero: checks
79d48bd: bets $9.5
b0e0f227: calls $9.5
Hero: raises $27.5 to $37
79d48bd: calls $27.5
b0e0f227: calls $27.5
*** TURN *** [7h 4d Js] [2s]
Hero: bets $104
79d48bd: folds
b0e0f227: calls $104
*** RIVER *** [7h 4d Js 2s] [9d]
Hero: bets $80.49 and is all-in
b0e0f227: calls $69.77 and is all-in
Uncalled bet ($10.72) returned to Hero
b0e0f227: shows [7c 7d]
Hero: shows [Kd Jd]
*** SHOWDOWN ***
b0e0f227 collected $477.54 from pot
*** SUMMARY ***
Total pot $477.54
Board [7h 4d Js 2s 9d]
Seat 1: b0e0f227 showed [7c 7d] and won ($477.54) with Three Sevens
Seat 7: 79d48bd folded on the Turn
Seat 4: 4a32253d(small blind) folded before Flop
Seat 2: f2e1932a folded before Flop (didn't bet)
Seat 3: e5cbeb18 folded before Flop (didn't bet)
Seat 5: Hero(big blind) showed [Kd Jd] and lost with Pair of Jacks



Poker Hand #ring_978302314: NLH No Limit ($1/$2) - 2025/07/08 00:17:33
Table 'MR NLH 1/2' 7-max Seat #2 is the button
Seat 1: b0e0f227 ($213.77 in chips)
Seat 7: 79d48bd ($256.9 in chips)
Seat 4: 4a32253d ($400 in chips)
Seat 2: f2e1932a ($563.47 in chips)
Seat 3: e5cbeb18 ($507.05 in chips)
Seat 5: Hero ($227.49 in chips)
e5cbeb18: posts small blind $1
4a32253d: posts big blind $2
*** HOLE CARDS ***
Dealt to b0e0f227 
Dealt to 79d48bd 
Dealt to 4a32253d 
Dealt to f2e1932a 
Dealt to e5cbeb18 
Dealt to Hero [Th Ks]
Hero: folds
79d48bd: folds
b0e0f227: raises $4 to $6
f2e1932a: folds
e5cbeb18: folds
4a32253d: folds
Uncalled bet ($4) returned to b0e0f227
*** SHOWDOWN ***
b0e0f227 collected $5 from pot
*** SUMMARY ***
Total pot $5
Seat 1: b0e0f227won ($5)
Seat 7: 79d48bd folded before Flop (didn't bet)
Seat 4: 4a32253d(big blind) folded before Flop
Seat 2: f2e1932a folded before Flop (didn't bet)
Seat 3: e5cbeb18(small blind) folded before Flop
Seat 5: Hero folded before Flop (didn't bet)



Poker Hand #ring_978301323: NLH No Limit ($1/$2) - 2025/07/08 00:17:04
Table 'MR NLH 1/2' 7-max Seat #1 is the button
Seat 1: b0e0f227 ($210.77 in chips)
Seat 7: 79d48bd ($256.9 in chips)
Seat 2: f2e1932a ($564.47 in chips)
Seat 3: e5cbeb18 ($509.05 in chips)
Seat 5: Hero ($227.49 in chips)
f2e1932a: posts small blind $1
e5cbeb18: posts big blind $2
*** HOLE CARDS ***
Dealt to b0e0f227 
Dealt to 79d48bd 
Dealt to f2e1932a 
Dealt to e5cbeb18 
Dealt to Hero [Ac 5s]
Hero: folds
79d48bd: folds
b0e0f227: raises $10 to $12
f2e1932a: folds
e5cbeb18: folds
Uncalled bet ($10) returned to b0e0f227
*** SHOWDOWN ***
b0e0f227 collected $5 from pot
*** SUMMARY ***
Total pot $5
Seat 1: b0e0f227won ($5)
Seat 7: 79d48bd folded before Flop (didn't bet)
Seat 2: f2e1932a(small blind) folded before Flop
Seat 3: e5cbeb18(big blind) folded before Flop
Seat 5: Hero folded before Flop (didn't bet)



Poker Hand #ring_978298785: NLH No Limit ($1/$2) - 2025/07/08 00:15:45
Table 'MR NLH 1/2' 7-max Seat #7 is the button
Seat 1: b0e0f227 ($233.37 in chips)
Seat 7: 79d48bd ($256.9 in chips)
Seat 4: 214f2456 ($568.68 in chips)
Seat 6: 2cf247e8 ($70.85 in chips)
Seat 2: f2e1932a ($566.47 in chips)
Seat 3: e5cbeb18 ($400 in chips)
Seat 5: Hero ($250.09 in chips)
b0e0f227: posts small blind $1
f2e1932a: posts big blind $2
*** HOLE CARDS ***
Dealt to b0e0f227 
Dealt to 79d48bd 
Dealt to 214f2456 
Dealt to 2cf247e8 
Dealt to f2e1932a 
Dealt to e5cbeb18 
Dealt to Hero [6c 8c]
e5cbeb18: raises $3 to $5
214f2456: folds
Hero: calls $5
2cf247e8: calls $5
79d48bd: folds
b0e0f227: calls $4
f2e1932a: folds
*** FIRST FLOP *** [Qh 4s 5s]
b0e0f227: checks
e5cbeb18: checks
Hero: bets $17.6
2cf247e8: calls $17.6
b0e0f227: calls $17.6
e5cbeb18: raises $73.92 to $91.52
Hero: folds
2cf247e8: calls $48.25 and is all-in
b0e0f227: folds
Uncalled bet ($25.67) returned to e5cbeb18
e5cbeb18: shows [5d 5c] (Three Fives)
2cf247e8: shows [Ac 4c] (Pair of Fours)
*** FIRST TURN *** [Qh 4s 5s] [9d]
*** SECOND TURN *** [Qh 4s 5s] [6s]
*** FIRST RIVER *** [Qh 4s 5s 9d] [6h]
*** SECOND RIVER *** [Qh 4s 5s 6s] [Ts]
b0e0f227: shows [Js]
*** FIRST SHOWDOWN ***
e5cbeb18 collected $94.7 from pot
*** SECOND SHOWDOWN ***
e5cbeb18 collected $94.2 from pot
*** SUMMARY ***
Total pot $188.9
Hand was run two timesFIRST Board [Qh 4s 5s 9d 6h]
SECOND Board [6s Ts]
Seat 1: b0e0f227(small blind) folded on the Flop
Seat 7: 79d48bd folded before Flop (didn't bet)
Seat 4: 214f2456 folded before Flop (didn't bet)
Seat 6: 2cf247e8 showed [Ac 4c] and lost with Pair of Fours / Pair of Fours
Seat 2: f2e1932a(big blind) folded before Flop
Seat 3: e5cbeb18 showed [5d 5c] and won ($188.9) with Three Fives / Three Fives
Seat 5: Hero folded on the Flop



Poker Hand #ring_978297660: NLH No Limit ($1/$2) - 2025/07/08 00:15:12
Table 'MR NLH 1/2' 7-max Seat #6 is the button
Seat 1: b0e0f227 ($235.37 in chips)
Seat 7: 79d48bd ($257.9 in chips)
Seat 4: 214f2456 ($568.68 in chips)
Seat 6: 2cf247e8 ($62.85 in chips)
Seat 2: f2e1932a ($566.47 in chips)
Seat 3: e5cbeb18 ($400 in chips)
Seat 5: Hero ($250.09 in chips)
79d48bd: posts small blind $1
b0e0f227: posts big blind $2
*** HOLE CARDS ***
Dealt to b0e0f227 
Dealt to 79d48bd 
Dealt to 214f2456 
Dealt to 2cf247e8 
Dealt to f2e1932a 
Dealt to e5cbeb18 
Dealt to Hero [4c 7s]
f2e1932a: folds
e5cbeb18: raises $3 to $5
214f2456: folds
Hero: folds
2cf247e8: raises $57.85 to $62.85 and is all-in
79d48bd: folds
b0e0f227: folds
e5cbeb18: folds
Uncalled bet ($57.85) returned to 2cf247e8
b0e0f227: shows [Qh]
*** SHOWDOWN ***
2cf247e8 collected $13 from pot
*** SUMMARY ***
Total pot $13
Seat 1: b0e0f227(big blind) folded before Flop
Seat 7: 79d48bd(small blind) folded before Flop
Seat 4: 214f2456 folded before Flop (didn't bet)
Seat 6: 2cf247e8won ($13)
Seat 2: f2e1932a folded before Flop (didn't bet)
Seat 3: e5cbeb18 folded before Flop
Seat 5: Hero folded before Flop (didn't bet)



Poker Hand #ring_978295364: NLH No Limit ($1/$2) - 2025/07/08 00:14:01
Table 'MR NLH 1/2' 7-max Seat #5 is the button
Seat 1: b0e0f227 ($237.37 in chips)
Seat 7: 79d48bd ($259.9 in chips)
Seat 4: 214f2456 ($568.68 in chips)
Seat 6: 2cf247e8 ($63.85 in chips)
Seat 2: f2e1932a ($471.59 in chips)
Seat 3: e5cbeb18 ($458.61 in chips)
Seat 5: Hero ($250.09 in chips)
2cf247e8: posts small blind $1
79d48bd: posts big blind $2
*** HOLE CARDS ***
Dealt to b0e0f227 
Dealt to 79d48bd 
Dealt to 214f2456 
Dealt to 2cf247e8 
Dealt to f2e1932a 
Dealt to e5cbeb18 
Dealt to Hero [9s 4s]
b0e0f227: calls $2
f2e1932a: raises $6 to $8
e5cbeb18: raises $16 to $24
214f2456: folds
Hero: folds
2cf247e8: folds
79d48bd: folds
b0e0f227: folds
f2e1932a: calls $16
*** FLOP *** [4d 6s Qc]
f2e1932a: checks
e5cbeb18: bets $17.49
f2e1932a: calls $17.49
*** TURN *** [4d 6s Qc] [Th]
f2e1932a: checks
e5cbeb18: bets $58.07
f2e1932a: calls $58.07
*** RIVER *** [4d 6s Qc Th] [4h]
f2e1932a: checks
e5cbeb18: checks
f2e1932a: shows [Kh Qh]
e5cbeb18: shows [Jc Ad]
*** SHOWDOWN ***
f2e1932a collected $204.12 from pot
*** SUMMARY ***
Total pot $204.12
Board [4d 6s Qc Th 4h]
Seat 1: b0e0f227 folded before Flop
Seat 7: 79d48bd(big blind) folded before Flop
Seat 4: 214f2456 folded before Flop (didn't bet)
Seat 6: 2cf247e8(small blind) folded before Flop
Seat 2: f2e1932a showed [Kh Qh] and won ($204.12) with Pair of Queens and Pair of Fours
Seat 3: e5cbeb18 showed [Jc Ad] and lost with Pair of Fours
Seat 5: Hero folded before Flop (didn't bet)



Poker Hand #ring_978293358: NLH No Limit ($1/$2) - 2025/07/08 00:12:59
Table 'MR NLH 1/2' 7-max Seat #4 is the button
Seat 1: b0e0f227 ($220.08 in chips)
Seat 7: 79d48bd ($259.9 in chips)
Seat 4: 214f2456 ($568.68 in chips)
Seat 6: 2cf247e8 ($65.85 in chips)
Seat 2: f2e1932a ($479.59 in chips)
Seat 3: e5cbeb18 ($466.61 in chips)
Seat 5: Hero ($251.09 in chips)
Hero: posts small blind $1
2cf247e8: posts big blind $2
*** HOLE CARDS ***
Dealt to b0e0f227 
Dealt to 79d48bd 
Dealt to 214f2456 
Dealt to 2cf247e8 
Dealt to f2e1932a 
Dealt to e5cbeb18 
Dealt to Hero [2s Qh]
79d48bd: folds
b0e0f227: calls $2
f2e1932a: raises $6 to $8
e5cbeb18: calls $8
214f2456: folds
Hero: folds
2cf247e8: folds
b0e0f227: calls $6
*** FLOP *** [Qs Js 7d]
b0e0f227: checks
f2e1932a: checks
e5cbeb18: checks
*** TURN *** [Qs Js 7d] [5h]
b0e0f227: bets $8.91
f2e1932a: folds
e5cbeb18: folds
Uncalled bet ($8.91) returned to b0e0f227
*** SHOWDOWN ***
b0e0f227 collected $27 from pot
*** SUMMARY ***
Total pot $27
Board [Qs Js 7d 5h]
Seat 1: b0e0f227won ($27) with Ace-High
Seat 7: 79d48bd folded before Flop (didn't bet)
Seat 4: 214f2456 folded before Flop (didn't bet)
Seat 6: 2cf247e8(big blind) folded before Flop
Seat 2: f2e1932a folded on the Turn
Seat 3: e5cbeb18 folded on the Turn
Seat 5: Hero(small blind) folded before Flop



Poker Hand #ring_978291986: NLH No Limit ($1/$2) - 2025/07/08 00:12:17
Table 'MR NLH 1/2' 7-max Seat #3 is the button
Seat 1: b0e0f227 ($206.57 in chips)
Seat 7: 79d48bd ($259.9 in chips)
Seat 4: 214f2456 ($569.68 in chips)
Seat 6: 2cf247e8 ($65.85 in chips)
Seat 2: f2e1932a ($479.59 in chips)
Seat 3: e5cbeb18 ($473.61 in chips)
Seat 5: Hero ($258.09 in chips)
214f2456: posts small blind $1
Hero: posts big blind $2
*** HOLE CARDS ***
Dealt to b0e0f227 
Dealt to 79d48bd 
Dealt to 214f2456 
Dealt to 2cf247e8 
Dealt to f2e1932a 
Dealt to e5cbeb18 
Dealt to Hero [6d Ad]
2cf247e8: folds
79d48bd: folds
b0e0f227: raises $5 to $7
f2e1932a: folds
e5cbeb18: calls $7
214f2456: folds
Hero: calls $5
*** FLOP *** [Qc 8c 4s]
Hero: checks
b0e0f227: checks
e5cbeb18: checks
*** TURN *** [Qc 8c 4s] [Jh]
Hero: checks
b0e0f227: bets $11
e5cbeb18: folds
Hero: folds
Uncalled bet ($11) returned to b0e0f227
*** SHOWDOWN ***
b0e0f227 collected $22 from pot
*** SUMMARY ***
Total pot $22
Board [Qc 8c 4s Jh]
Seat 1: b0e0f227won ($22) with Pair of Jacks
Seat 7: 79d48bd folded before Flop (didn't bet)
Seat 4: 214f2456(small blind) folded before Flop
Seat 6: 2cf247e8 folded before Flop (didn't bet)
Seat 2: f2e1932a folded before Flop (didn't bet)
Seat 3: e5cbeb18 folded on the Turn
Seat 5: Hero(big blind) folded on the Turn



Poker Hand #ring_978289401: NLH No Limit ($1/$2) - 2025/07/08 00:10:58
Table 'MR NLH 1/2' 7-max Seat #2 is the button
Seat 1: b0e0f227 ($231.57 in chips)
Seat 7: 79d48bd ($123.33 in chips)
Seat 4: 214f2456 ($693.01 in chips)
Seat 6: 2cf247e8 ($65.85 in chips)
Seat 2: f2e1932a ($479.59 in chips)
Seat 3: e5cbeb18 ($474.61 in chips)
Seat 5: Hero ($258.09 in chips)
e5cbeb18: posts small blind $1
214f2456: posts big blind $2
*** HOLE CARDS ***
Dealt to b0e0f227 
Dealt to 79d48bd 
Dealt to 214f2456 
Dealt to 2cf247e8 
Dealt to f2e1932a 
Dealt to e5cbeb18 
Dealt to Hero [Ac 6s]
Hero: folds
2cf247e8: folds
79d48bd: raises $4 to $6
b0e0f227: calls $6
f2e1932a: folds
e5cbeb18: folds
214f2456: raises $19 to $25
79d48bd: calls $19
b0e0f227: calls $19
*** FIRST FLOP *** [9s 4c 6h]
214f2456: bets $38
79d48bd: raises $60.33 to $98.33 and is all-in
b0e0f227: folds
214f2456: calls $60.33
214f2456: shows [Ah Qh] (Ace-High)
79d48bd: shows [9h Kd] (Pair of Nines)
*** FIRST TURN *** [9s 4c 6h] [8s]
*** SECOND TURN *** [9s 4c 6h] [6c]
*** THIRD TURN *** [9s 4c 6h] [3c]
*** FIRST RIVER *** [9s 4c 6h 8s] [9d]
*** SECOND RIVER *** [9s 4c 6h 6c] [3h]
*** THIRD RIVER *** [9s 4c 6h 3c] [2s]
b0e0f227: shows [9c]
*** FIRST SHOWDOWN ***
79d48bd collected $91.23 from pot
*** SECOND SHOWDOWN ***
79d48bd collected $90.72 from pot
*** THIRD SHOWDOWN ***
79d48bd collected $90.71 from pot
*** SUMMARY ***
Total pot $272.66
Hand was run three timesFIRST Board [9s 4c 6h 8s 9d]
SECOND Board [6c 3h]
THIRD Board [3c 2s]
Seat 1: b0e0f227 folded on the Flop
Seat 7: 79d48bd showed [9h Kd] and won ($272.66) with Three Nines / Pair of Nines and Pair of Sixes / Pair of Nines
Seat 4: 214f2456(big blind) showed [Ah Qh] and lost with Pair of Nines / Pair of Sixes / Ace-High
Seat 6: 2cf247e8 folded before Flop (didn't bet)
Seat 2: f2e1932a folded before Flop (didn't bet)
Seat 3: e5cbeb18(small blind) folded before Flop
Seat 5: Hero folded before Flop (didn't bet)



Poker Hand #ring_978287620: NLH No Limit ($1/$2) - 2025/07/08 00:10:03
Table 'MR NLH 1/2' 7-max Seat #1 is the button
Seat 1: b0e0f227 ($249.99 in chips)
Seat 7: 79d48bd ($123.33 in chips)
Seat 4: 214f2456 ($693.01 in chips)
Seat 6: 2cf247e8 ($65.85 in chips)
Seat 2: f2e1932a ($480.59 in chips)
Seat 3: e5cbeb18 ($476.61 in chips)
Seat 5: Hero ($238.96 in chips)
f2e1932a: posts small blind $1
e5cbeb18: posts big blind $2
*** HOLE CARDS ***
Dealt to b0e0f227 
Dealt to 79d48bd 
Dealt to 214f2456 
Dealt to 2cf247e8 
Dealt to f2e1932a 
Dealt to e5cbeb18 
Dealt to Hero [3c 4c]
214f2456: folds
Hero: raises $4 to $6
2cf247e8: folds
79d48bd: folds
b0e0f227: calls $6
f2e1932a: folds
e5cbeb18: folds
*** FLOP *** [2c 9c 9s]
Hero: bets $4.5
b0e0f227: raises $7.92 to $12.42
Hero: calls $7.92
*** TURN *** [2c 9c 9s] [Kh]
Hero: bets $19.92
b0e0f227: folds
Uncalled bet ($19.92) returned to Hero
*** SHOWDOWN ***
Hero collected $39.84 from pot
*** SUMMARY ***
Total pot $39.84
Board [2c 9c 9s Kh]
Seat 1: b0e0f227 folded on the Turn
Seat 7: 79d48bd folded before Flop (didn't bet)
Seat 4: 214f2456 folded before Flop (didn't bet)
Seat 6: 2cf247e8 folded before Flop (didn't bet)
Seat 2: f2e1932a(small blind) folded before Flop
Seat 3: e5cbeb18(big blind) folded before Flop
Seat 5: Herowon ($39.84) with Pair of Nines



Poker Hand #ring_978286120: NLH No Limit ($1/$2) - 2025/07/08 00:09:17
Table 'MR NLH 1/2' 7-max Seat #7 is the button
Seat 1: b0e0f227 ($250.99 in chips)
Seat 7: 79d48bd ($136.83 in chips)
Seat 4: 214f2456 ($693.01 in chips)
Seat 6: 2cf247e8 ($65.85 in chips)
Seat 2: f2e1932a ($482.59 in chips)
Seat 3: e5cbeb18 ($476.61 in chips)
Seat 5: Hero ($224.31 in chips)
b0e0f227: posts small blind $1
f2e1932a: posts big blind $2
*** HOLE CARDS ***
Dealt to b0e0f227 
Dealt to 79d48bd 
Dealt to 214f2456 
Dealt to 2cf247e8 
Dealt to f2e1932a 
Dealt to e5cbeb18 
Dealt to Hero [4d Ad]
e5cbeb18: folds
214f2456: folds
Hero: raises $4 to $6
2cf247e8: folds
79d48bd: calls $6
b0e0f227: folds
f2e1932a: folds
*** FLOP *** [2s As 4c]
Hero: bets $7.5
79d48bd: calls $7.5
*** TURN *** [2s As 4c] [Ks]
Hero: bets $24
79d48bd: folds
Uncalled bet ($24) returned to Hero
*** SHOWDOWN ***
Hero collected $30 from pot
*** SUMMARY ***
Total pot $30
Board [2s As 4c Ks]
Seat 1: b0e0f227(small blind) folded before Flop
Seat 7: 79d48bd folded on the Turn
Seat 4: 214f2456 folded before Flop (didn't bet)
Seat 6: 2cf247e8 folded before Flop (didn't bet)
Seat 2: f2e1932a(big blind) folded before Flop
Seat 3: e5cbeb18 folded before Flop (didn't bet)
Seat 5: Herowon ($30) with Pair of Aces and Pair of Fours



Poker Hand #ring_978283802: NLH No Limit ($1/$2) - 2025/07/08 00:08:08
Table 'MR NLH 1/2' 7-max Seat #6 is the button
Seat 1: b0e0f227 ($283.32 in chips)
Seat 7: 79d48bd ($90.71 in chips)
Seat 4: 214f2456 ($699.01 in chips)
Seat 6: 2cf247e8 ($71.85 in chips)
Seat 2: f2e1932a ($482.59 in chips)
Seat 3: e5cbeb18 ($476.61 in chips)
Seat 5: Hero ($230.31 in chips)
79d48bd: posts small blind $1
b0e0f227: posts big blind $2
*** HOLE CARDS ***
Dealt to b0e0f227 
Dealt to 79d48bd 
Dealt to 214f2456 
Dealt to 2cf247e8 
Dealt to f2e1932a 
Dealt to e5cbeb18 
Dealt to Hero [Th 6h]
f2e1932a: folds
e5cbeb18: folds
214f2456: raises $4 to $6
Hero: calls $6
2cf247e8: calls $6
79d48bd: calls $5
b0e0f227: calls $4
*** FLOP *** [4d Kc 2d]
79d48bd: checks
b0e0f227: checks
214f2456: checks
Hero: checks
2cf247e8: checks
*** TURN *** [4d Kc 2d] [Qh]
79d48bd: checks
b0e0f227: bets $9.9
214f2456: folds
Hero: folds
2cf247e8: folds
79d48bd: calls $9.9
*** RIVER *** [4d Kc 2d Qh] [As]
79d48bd: checks
b0e0f227: bets $16.43
79d48bd: calls $16.43
b0e0f227: shows [Tc 2h]
79d48bd: shows [Qs Jc]
*** SHOWDOWN ***
79d48bd collected $82.66 from pot
*** SUMMARY ***
Total pot $82.66
Board [4d Kc 2d Qh As]
Seat 1: b0e0f227(big blind) showed [Tc 2h] and lost with Pair of Twos
Seat 7: 79d48bd(small blind) showed [Qs Jc] and won ($82.66) with Pair of Queens
Seat 4: 214f2456 folded on the Turn
Seat 6: 2cf247e8 folded on the Turn
Seat 2: f2e1932a folded before Flop (didn't bet)
Seat 3: e5cbeb18 folded before Flop (didn't bet)
Seat 5: Hero folded on the Turn



Poker Hand #ring_978282240: NLH No Limit ($1/$2) - 2025/07/08 00:07:20
Table 'MR NLH 1/2' 7-max Seat #5 is the button
Seat 1: b0e0f227 ($283.32 in chips)
Seat 7: 79d48bd ($92.71 in chips)
Seat 4: 214f2456 ($668.16 in chips)
Seat 6: 2cf247e8 ($72.85 in chips)
Seat 2: f2e1932a ($482.59 in chips)
Seat 3: e5cbeb18 ($476.61 in chips)
Seat 5: Hero ($261.61 in chips)
2cf247e8: posts small blind $1
79d48bd: posts big blind $2
*** HOLE CARDS ***
Dealt to b0e0f227 
Dealt to 79d48bd 
Dealt to 214f2456 
Dealt to 2cf247e8 
Dealt to f2e1932a 
Dealt to e5cbeb18 
Dealt to Hero [Kc Ah]
b0e0f227: folds
f2e1932a: folds
e5cbeb18: folds
214f2456: raises $4 to $6
Hero: raises $13 to $19
2cf247e8: folds
79d48bd: folds
214f2456: calls $13
*** FLOP *** [5c Td 6s]
214f2456: checks
Hero: bets $12.3
214f2456: calls $12.3
*** TURN *** [5c Td 6s] [7c]
214f2456: checks
Hero: checks
*** RIVER *** [5c Td 6s 7c] [6d]
214f2456: checks
Hero: checks
214f2456: shows [5d Ad]
Hero: shows [Kc Ah]
b0e0f227: shows [5h]
*** SHOWDOWN ***
214f2456 collected $65.6 from pot
*** SUMMARY ***
Total pot $65.6
Board [5c Td 6s 7c 6d]
Seat 1: b0e0f227 folded before Flop (didn't bet)
Seat 7: 79d48bd(big blind) folded before Flop
Seat 4: 214f2456 showed [5d Ad] and won ($65.6) with Pair of Sixes and Pair of Fives
Seat 6: 2cf247e8(small blind) folded before Flop
Seat 2: f2e1932a folded before Flop (didn't bet)
Seat 3: e5cbeb18 folded before Flop (didn't bet)
Seat 5: Hero showed [Kc Ah] and lost with Pair of Sixes



Poker Hand #ring_978280116: NLH No Limit ($1/$2) - 2025/07/08 00:06:16
Table 'MR NLH 1/2' 7-max Seat #4 is the button
Seat 1: b0e0f227 ($297.32 in chips)
Seat 7: 79d48bd ($72.83 in chips)
Seat 4: 214f2456 ($668.16 in chips)
Seat 6: 2cf247e8 ($74.85 in chips)
Seat 2: f2e1932a ($482.59 in chips)
Seat 3: e5cbeb18 ($481.61 in chips)
Seat 5: Hero ($262.61 in chips)
Hero: posts small blind $1
2cf247e8: posts big blind $2
*** HOLE CARDS ***
Dealt to b0e0f227 
Dealt to 79d48bd 
Dealt to 214f2456 
Dealt to 2cf247e8 
Dealt to f2e1932a 
Dealt to e5cbeb18 
Dealt to Hero [4h Tc]
79d48bd: calls $2
b0e0f227: calls $2
f2e1932a: folds
e5cbeb18: raises $3 to $5
214f2456: folds
Hero: folds
2cf247e8: folds
79d48bd: calls $3
b0e0f227: calls $3
*** FLOP *** [8s 6d 9c]
79d48bd: checks
b0e0f227: bets $9
e5cbeb18: folds
79d48bd: calls $9
*** TURN *** [8s 6d 9c] [9s]
79d48bd: checks
b0e0f227: checks
*** RIVER *** [8s 6d 9c 9s] [2h]
79d48bd: bets $58.83 and is all-in
b0e0f227: folds
Uncalled bet ($58.83) returned to 79d48bd
*** SHOWDOWN ***
79d48bd collected $36 from pot
*** SUMMARY ***
Total pot $36
Board [8s 6d 9c 9s 2h]
Seat 1: b0e0f227 folded on the River
Seat 7: 79d48bdwon ($36) with Tens-High Straight
Seat 4: 214f2456 folded before Flop (didn't bet)
Seat 6: 2cf247e8(big blind) folded before Flop
Seat 2: f2e1932a folded before Flop (didn't bet)
Seat 3: e5cbeb18 folded on the Flop
Seat 5: Hero(small blind) folded before Flop



Poker Hand #ring_978277674: NLH No Limit ($1/$2) - 2025/07/08 00:05:03
Table 'MR NLH 1/2' 7-max Seat #3 is the button
Seat 1: b0e0f227 ($327 in chips)
Seat 7: 79d48bd ($86.75 in chips)
Seat 4: 214f2456 ($622.62 in chips)
Seat 6: 2cf247e8 ($74.85 in chips)
Seat 2: f2e1932a ($482.59 in chips)
Seat 3: e5cbeb18 ($481.61 in chips)
Seat 5: Hero ($268.61 in chips)
214f2456: posts small blind $1
Hero: posts big blind $2
*** HOLE CARDS ***
Dealt to b0e0f227 
Dealt to 79d48bd 
Dealt to 214f2456 
Dealt to 2cf247e8 
Dealt to f2e1932a 
Dealt to e5cbeb18 
Dealt to Hero [3h Jc]
2cf247e8: folds
79d48bd: raises $4 to $6
b0e0f227: calls $6
f2e1932a: folds
e5cbeb18: folds
214f2456: calls $5
Hero: calls $4
*** FLOP *** [Qd Kc 5h]
214f2456: checks
Hero: checks
79d48bd: bets $7.92
b0e0f227: calls $7.92
214f2456: calls $7.92
Hero: folds
*** TURN *** [Qd Kc 5h] [8c]
214f2456: checks
79d48bd: checks
b0e0f227: checks
*** RIVER *** [Qd Kc 5h 8c] [Ks]
214f2456: checks
79d48bd: checks
b0e0f227: bets $15.76
214f2456: raises $59.46 to $75.22
79d48bd: folds
b0e0f227: folds
Uncalled bet ($59.46) returned to 214f2456
*** SHOWDOWN ***
214f2456 collected $79.28 from pot
*** SUMMARY ***
Total pot $79.28
Board [Qd Kc 5h 8c Ks]
Seat 1: b0e0f227 folded on the River
Seat 7: 79d48bd folded on the River
Seat 4: 214f2456(small blind)won ($79.28) with Pair of Kings
Seat 6: 2cf247e8 folded before Flop (didn't bet)
Seat 2: f2e1932a folded before Flop (didn't bet)
Seat 3: e5cbeb18 folded before Flop (didn't bet)
Seat 5: Hero(big blind) folded on the Flop



Poker Hand #ring_978275483: NLH No Limit ($1/$2) - 2025/07/08 00:03:58
Table 'MR NLH 1/2' 7-max Seat #2 is the button
Seat 1: b0e0f227 ($333 in chips)
Seat 7: 79d48bd ($58.07 in chips)
Seat 4: 214f2456 ($624.62 in chips)
Seat 6: 2cf247e8 ($149.13 in chips)
Seat 2: f2e1932a ($482.59 in chips)
Seat 3: e5cbeb18 ($438.16 in chips)
Seat 5: Hero ($268.61 in chips)
e5cbeb18: posts small blind $1
214f2456: posts big blind $2
*** HOLE CARDS ***
Dealt to b0e0f227 
Dealt to 79d48bd 
Dealt to 214f2456 
Dealt to 2cf247e8 
Dealt to f2e1932a 
Dealt to e5cbeb18 
Dealt to Hero [3c 6h]
Hero: folds
2cf247e8: raises $4 to $6
79d48bd: calls $6
b0e0f227: calls $6
f2e1932a: folds
e5cbeb18: raises $30 to $36
214f2456: folds
2cf247e8: calls $30
79d48bd: calls $30
b0e0f227: folds
*** FLOP *** [Ac 5d 2s]
e5cbeb18: bets $38.28
2cf247e8: calls $38.28
79d48bd: calls $22.07 and is all-in
*** TURN *** [Ac 5d 2s] [Kc]
e5cbeb18: bets $363.88 and is all-in
2cf247e8: folds
Uncalled bet ($363.88) returned to e5cbeb18
e5cbeb18: shows [5s 6s]
79d48bd: shows [6d 5h]
*** RIVER *** [Ac 5d 2s Kc] [Kh]
b0e0f227: shows [Ah]
*** SHOWDOWN ***
e5cbeb18 collected $91.11 from pot
79d48bd collected $91.1 from pot
e5cbeb18 collected $32.42 from pot
*** SUMMARY ***
Total pot $214.63
Board [Ac 5d 2s Kc Kh]
Seat 1: b0e0f227 folded before Flop
Seat 7: 79d48bd showed [6d 5h] and won ($91.1) with Pair of Kings and Pair of Fives
Seat 4: 214f2456(big blind) folded before Flop
Seat 6: 2cf247e8 folded on the Turn
Seat 2: f2e1932a folded before Flop (didn't bet)
Seat 3: e5cbeb18(small blind) showed [5s 6s] and won ($91.11) with Pair of Kings and Pair of Fives
Seat 5: Hero folded before Flop (didn't bet)



Poker Hand #ring_978272672: NLH No Limit ($1/$2) - 2025/07/08 00:02:35
Table 'MR NLH 1/2' 7-max Seat #1 is the button
Seat 1: b0e0f227 ($277.99 in chips)
Seat 7: 79d48bd ($71 in chips)
Seat 4: 214f2456 ($668.9 in chips)
Seat 6: 2cf247e8 ($149.13 in chips)
Seat 2: f2e1932a ($483.59 in chips)
Seat 3: e5cbeb18 ($440.16 in chips)
Seat 5: Hero ($268.61 in chips)
f2e1932a: posts small blind $1
e5cbeb18: posts big blind $2
*** HOLE CARDS ***
Dealt to b0e0f227 
Dealt to 79d48bd 
Dealt to 214f2456 
Dealt to 2cf247e8 
Dealt to f2e1932a 
Dealt to e5cbeb18 
Dealt to Hero [9h 5h]
214f2456: raises $4 to $6
Hero: folds
2cf247e8: folds
79d48bd: calls $6
b0e0f227: calls $6
f2e1932a: folds
e5cbeb18: folds
*** FLOP *** [4s Ah Jc]
214f2456: bets $6.93
79d48bd: calls $6.93
b0e0f227: calls $6.93
*** TURN *** [4s Ah Jc] [5c]
214f2456: bets $31.35
79d48bd: folds
b0e0f227: calls $31.35
*** RIVER *** [4s Ah Jc 5c] [Kh]
214f2456: checks
b0e0f227: bets $52.24
214f2456: folds
Uncalled bet ($52.24) returned to b0e0f227
*** SHOWDOWN ***
b0e0f227 collected $104.49 from pot
*** SUMMARY ***
Total pot $104.49
Board [4s Ah Jc 5c Kh]
Seat 1: b0e0f227won ($104.49) with Ace-High
Seat 7: 79d48bd folded on the Turn
Seat 4: 214f2456 folded on the River
Seat 6: 2cf247e8 folded before Flop (didn't bet)
Seat 2: f2e1932a(small blind) folded before Flop
Seat 3: e5cbeb18(big blind) folded before Flop
Seat 5: Hero folded before Flop (didn't bet)



Poker Hand #ring_978271222: NLH No Limit ($1/$2) - 2025/07/08 00:01:53
Table 'MR NLH 1/2' 7-max Seat #7 is the button
Seat 1: b0e0f227 ($282.99 in chips)
Seat 7: 79d48bd ($71 in chips)
Seat 4: 214f2456 ($668.9 in chips)
Seat 6: 2cf247e8 ($133.28 in chips)
Seat 2: f2e1932a ($485.59 in chips)
Seat 3: e5cbeb18 ($450.77 in chips)
Seat 5: Hero ($268.61 in chips)
b0e0f227: posts small blind $1
f2e1932a: posts big blind $2
*** HOLE CARDS ***
Dealt to b0e0f227 
Dealt to 79d48bd 
Dealt to 214f2456 
Dealt to 2cf247e8 
Dealt to f2e1932a 
Dealt to e5cbeb18 
Dealt to Hero [7c 6h]
e5cbeb18: raises $3 to $5
214f2456: folds
Hero: folds
2cf247e8: calls $5
79d48bd: folds
b0e0f227: calls $4
f2e1932a: folds
*** FLOP *** [3s Kc 2h]
b0e0f227: checks
e5cbeb18: bets $5.61
2cf247e8: calls $5.61
b0e0f227: folds
*** TURN *** [3s Kc 2h] [7d]
e5cbeb18: checks
2cf247e8: bets $9.31
e5cbeb18: folds
Uncalled bet ($9.31) returned to 2cf247e8
b0e0f227: shows [7h]
*** SHOWDOWN ***
2cf247e8 collected $28.22 from pot
*** SUMMARY ***
Total pot $28.22
Board [3s Kc 2h 7d]
Seat 1: b0e0f227(small blind) folded on the Flop
Seat 7: 79d48bd folded before Flop (didn't bet)
Seat 4: 214f2456 folded before Flop (didn't bet)
Seat 6: 2cf247e8won ($28.22) with King-High
Seat 2: f2e1932a(big blind) folded before Flop
Seat 3: e5cbeb18 folded on the Turn
Seat 5: Hero folded before Flop (didn't bet)



Poker Hand #ring_978268188: NLH No Limit ($1/$2) - 2025/07/08 00:00:24
Table 'MR NLH 1/2' 7-max Seat #6 is the button
Seat 1: b0e0f227 ($232.09 in chips)
Seat 7: 79d48bd ($96 in chips)
Seat 4: 214f2456 ($668.9 in chips)
Seat 6: 2cf247e8 ($133.28 in chips)
Seat 2: f2e1932a ($490.59 in chips)
Seat 3: e5cbeb18 ($450.77 in chips)
Seat 5: Hero ($293.61 in chips)
79d48bd: posts small blind $1
b0e0f227: posts big blind $2
*** HOLE CARDS ***
Dealt to b0e0f227 
Dealt to 79d48bd 
Dealt to 214f2456 
Dealt to 2cf247e8 
Dealt to f2e1932a 
Dealt to e5cbeb18 
Dealt to Hero [6h 6c]
f2e1932a: raises $3 to $5
e5cbeb18: folds
214f2456: folds
Hero: calls $5
2cf247e8: folds
79d48bd: raises $20 to $25
b0e0f227: calls $23
f2e1932a: folds
Hero: calls $20
*** FLOP *** [3d Jh Tc]
79d48bd: checks
b0e0f227: checks
Hero: checks
*** TURN *** [3d Jh Tc] [2c]
79d48bd: checks
b0e0f227: bets $40
Hero: folds
79d48bd: folds
Uncalled bet ($40) returned to b0e0f227
*** SHOWDOWN ***
b0e0f227 collected $80 from pot
*** SUMMARY ***
Total pot $80
Board [3d Jh Tc 2c]
Seat 1: b0e0f227(big blind)won ($80) with Pair of Jacks and Pair of Treys
Seat 7: 79d48bd(small blind) folded on the Turn
Seat 4: 214f2456 folded before Flop (didn't bet)
Seat 6: 2cf247e8 folded before Flop (didn't bet)
Seat 2: f2e1932a folded before Flop
Seat 3: e5cbeb18 folded before Flop (didn't bet)
Seat 5: Hero folded on the Turn



Poker Hand #ring_978265906: NLH No Limit ($1/$2) - 2025/07/07 23:59:17
Table 'MR NLH 1/2' 7-max Seat #5 is the button
Seat 1: b0e0f227 ($232.09 in chips)
Seat 7: 79d48bd ($111.5 in chips)
Seat 4: 214f2456 ($586.98 in chips)
Seat 6: 2cf247e8 ($134.28 in chips)
Seat 2: f2e1932a ($490.59 in chips)
Seat 3: e5cbeb18 ($455.77 in chips)
Seat 5: Hero ($361.61 in chips)
2cf247e8: posts small blind $1
79d48bd: posts big blind $2
*** HOLE CARDS ***
Dealt to b0e0f227 
Dealt to 79d48bd 
Dealt to 214f2456 
Dealt to 2cf247e8 
Dealt to f2e1932a 
Dealt to e5cbeb18 
Dealt to Hero [7h 9h]
b0e0f227: folds
f2e1932a: folds
e5cbeb18: raises $3 to $5
214f2456: calls $5
Hero: calls $5
2cf247e8: folds
79d48bd: calls $3
*** FLOP *** [Th 8s 5s]
79d48bd: checks
e5cbeb18: checks
214f2456: bets $10.5
Hero: calls $10.5
79d48bd: calls $10.5
e5cbeb18: folds
*** TURN *** [Th 8s 5s] [3h]
79d48bd: checks
214f2456: bets $52.5
Hero: calls $52.5
79d48bd: folds
*** RIVER *** [Th 8s 5s 3h] [2c]
214f2456: bets $51.98
Hero: folds
Uncalled bet ($51.98) returned to 214f2456
*** SHOWDOWN ***
214f2456 collected $157.5 from pot
*** SUMMARY ***
Total pot $157.5
Board [Th 8s 5s 3h 2c]
Seat 1: b0e0f227 folded before Flop (didn't bet)
Seat 7: 79d48bd(big blind) folded on the Turn
Seat 4: 214f2456won ($157.5) with Pair of Tens
Seat 6: 2cf247e8(small blind) folded before Flop
Seat 2: f2e1932a folded before Flop (didn't bet)
Seat 3: e5cbeb18 folded on the Flop
Seat 5: Hero folded on the River



Poker Hand #ring_978264496: NLH No Limit ($1/$2) - 2025/07/07 23:58:35
Table 'MR NLH 1/2' 7-max Seat #4 is the button
Seat 1: b0e0f227 ($232.09 in chips)
Seat 7: 79d48bd ($125.77 in chips)
Seat 4: 214f2456 ($586.98 in chips)
Seat 6: 2cf247e8 ($136.28 in chips)
Seat 2: f2e1932a ($490.59 in chips)
Seat 3: e5cbeb18 ($440.41 in chips)
Seat 5: Hero ($362.61 in chips)
Hero: posts small blind $1
2cf247e8: posts big blind $2
*** HOLE CARDS ***
Dealt to b0e0f227 
Dealt to 79d48bd 
Dealt to 214f2456 
Dealt to 2cf247e8 
Dealt to f2e1932a 
Dealt to e5cbeb18 
Dealt to Hero [2c Jc]
79d48bd: raises $6 to $8
b0e0f227: folds
f2e1932a: folds
e5cbeb18: calls $8
214f2456: folds
Hero: folds
2cf247e8: folds
*** FLOP *** [9d 4s 6h]
79d48bd: checks
e5cbeb18: bets $6.27
79d48bd: calls $6.27
*** TURN *** [9d 4s 6h] [2s]
79d48bd: checks
e5cbeb18: bets $10.41
79d48bd: folds
Uncalled bet ($10.41) returned to e5cbeb18
*** SHOWDOWN ***
e5cbeb18 collected $31.54 from pot
*** SUMMARY ***
Total pot $31.54
Board [9d 4s 6h 2s]
Seat 1: b0e0f227 folded before Flop (didn't bet)
Seat 7: 79d48bd folded on the Turn
Seat 4: 214f2456 folded before Flop (didn't bet)
Seat 6: 2cf247e8(big blind) folded before Flop
Seat 2: f2e1932a folded before Flop (didn't bet)
Seat 3: e5cbeb18won ($31.54) with Three Fours
Seat 5: Hero(small blind) folded before Flop



Poker Hand #ring_978262955: NLH No Limit ($1/$2) - 2025/07/07 23:57:50
Table 'MR NLH 1/2' 7-max Seat #3 is the button
Seat 1: b0e0f227 ($221.94 in chips)
Seat 7: 79d48bd ($125.77 in chips)
Seat 4: 214f2456 ($587.98 in chips)
Seat 6: 2cf247e8 ($136.28 in chips)
Seat 2: f2e1932a ($490.59 in chips)
Seat 3: e5cbeb18 ($448.41 in chips)
Seat 5: Hero ($364.61 in chips)
214f2456: posts small blind $1
Hero: posts big blind $2
*** HOLE CARDS ***
Dealt to b0e0f227 
Dealt to 79d48bd 
Dealt to 214f2456 
Dealt to 2cf247e8 
Dealt to f2e1932a 
Dealt to e5cbeb18 
Dealt to Hero [4h 8h]
2cf247e8: folds
79d48bd: folds
b0e0f227: raises $6 to $8
f2e1932a: folds
e5cbeb18: calls $8
214f2456: folds
Hero: folds
*** FLOP *** [Kc 9h 7h]
b0e0f227: checks
e5cbeb18: checks
*** TURN *** [Kc 9h 7h] [4c]
b0e0f227: bets $9.5
e5cbeb18: folds
Uncalled bet ($9.5) returned to b0e0f227
*** SHOWDOWN ***
b0e0f227 collected $19 from pot
*** SUMMARY ***
Total pot $19
Board [Kc 9h 7h 4c]
Seat 1: b0e0f227won ($19) with King-High
Seat 7: 79d48bd folded before Flop (didn't bet)
Seat 4: 214f2456(small blind) folded before Flop
Seat 6: 2cf247e8 folded before Flop (didn't bet)
Seat 2: f2e1932a folded before Flop (didn't bet)
Seat 3: e5cbeb18 folded on the Turn
Seat 5: Hero(big blind) folded before Flop



Poker Hand #ring_978260879: NLH No Limit ($1/$2) - 2025/07/07 23:56:49
Table 'MR NLH 1/2' 7-max Seat #2 is the button
Seat 1: b0e0f227 ($258.61 in chips)
Seat 7: 79d48bd ($125.77 in chips)
Seat 4: 214f2456 ($589.98 in chips)
Seat 6: 2cf247e8 ($150.55 in chips)
Seat 2: f2e1932a ($490.59 in chips)
Seat 3: e5cbeb18 ($400 in chips)
Seat 5: Hero ($364.61 in chips)
e5cbeb18: posts small blind $1
214f2456: posts big blind $2
*** HOLE CARDS ***
Dealt to b0e0f227 
Dealt to 79d48bd 
Dealt to 214f2456 
Dealt to 2cf247e8 
Dealt to f2e1932a 
Dealt to e5cbeb18 
Dealt to Hero [5c 8c]
Hero: folds
2cf247e8: raises $6 to $8
79d48bd: folds
b0e0f227: raises $6.27 to $14.27
f2e1932a: folds
e5cbeb18: calls $13.27
214f2456: folds
2cf247e8: calls $6.27
*** FLOP *** [2s Th 5s]
e5cbeb18: checks
2cf247e8: checks
b0e0f227: bets $22.4
e5cbeb18: calls $22.4
2cf247e8: folds
*** TURN *** [2s Th 5s] [Kh]
e5cbeb18: checks
b0e0f227: checks
*** RIVER *** [2s Th 5s Kh] [2d]
e5cbeb18: checks
b0e0f227: checks
b0e0f227: shows [Jc Ac]
e5cbeb18: shows [6s 6d]
*** SHOWDOWN ***
e5cbeb18 collected $89.61 from pot
*** SUMMARY ***
Total pot $89.61
Board [2s Th 5s Kh 2d]
Seat 1: b0e0f227 showed [Jc Ac] and lost with Pair of Twos
Seat 7: 79d48bd folded before Flop (didn't bet)
Seat 4: 214f2456(big blind) folded before Flop
Seat 6: 2cf247e8 folded on the Flop
Seat 2: f2e1932a folded before Flop (didn't bet)
Seat 3: e5cbeb18(small blind) showed [6s 6d] and won ($89.61) with Pair of Sixes and Pair of Twos
Seat 5: Hero folded before Flop (didn't bet)



Poker Hand #ring_978259955: NLH No Limit ($1/$2) - 2025/07/07 23:56:22
Table 'MR NLH 1/2' 7-max Seat #1 is the button
Seat 1: b0e0f227 ($255.61 in chips)
Seat 7: 79d48bd ($125.77 in chips)
Seat 4: 214f2456 ($589.98 in chips)
Seat 6: 2cf247e8 ($150.55 in chips)
Seat 2: f2e1932a ($491.59 in chips)
Seat 3: e5cbeb18 ($100 in chips)
Seat 5: Hero ($364.61 in chips)
f2e1932a: posts small blind $1
e5cbeb18: posts big blind $2
*** HOLE CARDS ***
Dealt to b0e0f227 
Dealt to 79d48bd 
Dealt to 214f2456 
Dealt to 2cf247e8 
Dealt to f2e1932a 
Dealt to e5cbeb18 
Dealt to Hero [8h As]
214f2456: folds
Hero: folds
2cf247e8: folds
79d48bd: folds
b0e0f227: raises $5 to $7
f2e1932a: folds
e5cbeb18: folds
Uncalled bet ($5) returned to b0e0f227
*** SHOWDOWN ***
b0e0f227 collected $5 from pot
*** SUMMARY ***
Total pot $5
Seat 1: b0e0f227won ($5)
Seat 7: 79d48bd folded before Flop (didn't bet)
Seat 4: 214f2456 folded before Flop (didn't bet)
Seat 6: 2cf247e8 folded before Flop (didn't bet)
Seat 2: f2e1932a(small blind) folded before Flop
Seat 3: e5cbeb18(big blind) folded before Flop
Seat 5: Hero folded before Flop (didn't bet)



Poker Hand #ring_978256787: NLH No Limit ($1/$2) - 2025/07/07 23:54:52
Table 'MR NLH 1/2' 7-max Seat #7 is the button
Seat 1: b0e0f227 ($256.61 in chips)
Seat 7: 79d48bd ($125.77 in chips)
Seat 4: 214f2456 ($711.48 in chips)
Seat 6: 2cf247e8 ($150.55 in chips)
Seat 2: f2e1932a ($493.59 in chips)
Seat 5: Hero ($251.68 in chips)
b0e0f227: posts small blind $1
f2e1932a: posts big blind $2
*** HOLE CARDS ***
Dealt to b0e0f227 
Dealt to 79d48bd 
Dealt to 214f2456 
Dealt to 2cf247e8 
Dealt to f2e1932a 
Dealt to Hero [Ad Kh]
214f2456: raises $4 to $6
Hero: raises $13 to $19
2cf247e8: folds
79d48bd: folds
b0e0f227: folds
f2e1932a: folds
214f2456: raises $41 to $60
Hero: calls $41
*** FLOP *** [5d Jh Td]
214f2456: bets $61.5
Hero: calls $61.5
*** TURN *** [5d Jh Td] [2h]
214f2456: checks
Hero: bets $130.18 and is all-in
214f2456: folds
Uncalled bet ($130.18) returned to Hero
*** SHOWDOWN ***
Hero collected $246 from pot
*** SUMMARY ***
Total pot $246
Board [5d Jh Td 2h]
Seat 1: b0e0f227(small blind) folded before Flop
Seat 7: 79d48bd folded before Flop (didn't bet)
Seat 4: 214f2456 folded on the Turn
Seat 6: 2cf247e8 folded before Flop (didn't bet)
Seat 2: f2e1932a(big blind) folded before Flop
Seat 5: Herowon ($246) with Ace-High



Poker Hand #ring_978253900: NLH No Limit ($1/$2) - 2025/07/07 23:53:29
Table 'MR NLH 1/2' 7-max Seat #6 is the button
Seat 1: b0e0f227 ($290.61 in chips)
Seat 7: 79d48bd ($126.77 in chips)
Seat 3: 4014ab59 ($34.57 in chips)
Seat 4: 214f2456 ($711.48 in chips)
Seat 6: 2cf247e8 ($150.55 in chips)
Seat 2: f2e1932a ($429.2 in chips)
Seat 5: Hero ($251.68 in chips)
79d48bd: posts small blind $1
b0e0f227: posts big blind $2
*** HOLE CARDS ***
Dealt to b0e0f227 
Dealt to 79d48bd 
Dealt to 4014ab59 
Dealt to 214f2456 
Dealt to 2cf247e8 
Dealt to f2e1932a 
Dealt to Hero [Th Js]
*** FIRST FLOP *** [9d Jh Kc]
*** SECOND FLOP *** [Ks 8d 5d]
*** THIRD FLOP *** [Ac 3s 3h]
*** FIRST TURN *** [9d Jh Kc] [8c]
*** SECOND TURN *** [Ks 8d 5d] [Qs]
*** THIRD TURN *** [Ac 3s 3h] [6h]
*** FIRST RIVER *** [9d Jh Kc 8c] [3c]
*** SECOND RIVER *** [Ks 8d 5d Qs] [6s]
*** THIRD RIVER *** [Ac 3s 3h 6h] [Qh]
b0e0f227: shows [Ts Td]
f2e1932a: raises $3 to $5
4014ab59: raises $29 to $34
214f2456: folds
Hero: folds
2cf247e8: folds
79d48bd: folds
b0e0f227: calls $32
f2e1932a: raises $67.98 to $101.98
4014ab59: calls $0.57 and is all-in
b0e0f227: folds
Uncalled bet ($67.41) returned to f2e1932a
f2e1932a: shows [Ah As]
4014ab59: shows [Tc Ad]
*** FIRST SHOWDOWN ***
f2e1932a collected $35.05 from pot
*** SECOND SHOWDOWN ***
f2e1932a collected $34.55 from pot
*** THIRD SHOWDOWN ***
f2e1932a collected $34.54 from pot
*** SUMMARY ***
Total pot $104.14
Hand was run three timesFIRST Board [9d Jh Kc 8c 3c]
SECOND Board [Ks 8d 5d Qs 6s]
THIRD Board [Ac 3s 3h 6h Qh]
Seat 1: b0e0f227(big blind) folded before Flop
Seat 7: 79d48bd(small blind) folded before Flop
Seat 3: 4014ab59 showed [Tc Ad] and lost with Ace-High / Ace-High / Pair of Aces and Pair of Treys
Seat 4: 214f2456 folded before Flop (didn't bet)
Seat 6: 2cf247e8 folded before Flop (didn't bet)
Seat 2: f2e1932a showed [Ah As] and won ($104.14) with Pair of Aces / Pair of Aces / Aces Full over Treys
Seat 5: Hero folded before Flop (didn't bet)



Poker Hand #ring_978252897: NLH No Limit ($1/$2) - 2025/07/07 23:52:58
Table 'MR NLH 1/2' 7-max Seat #5 is the button
Seat 1: b0e0f227 ($298.61 in chips)
Seat 7: 79d48bd ($118.53 in chips)
Seat 3: 4014ab59 ($34.57 in chips)
Seat 4: 214f2456 ($711.48 in chips)
Seat 6: 2cf247e8 ($151.55 in chips)
Seat 2: f2e1932a ($429.2 in chips)
Seat 5: Hero ($251.68 in chips)
2cf247e8: posts small blind $1
79d48bd: posts big blind $2
b0e0f227: posts big blind $2
*** HOLE CARDS ***
Dealt to b0e0f227 
Dealt to 79d48bd 
Dealt to 4014ab59 
Dealt to 214f2456 
Dealt to 2cf247e8 
Dealt to f2e1932a 
Dealt to Hero [8h 3c]
b0e0f227: checks
f2e1932a: folds
4014ab59: folds
214f2456: folds
Hero: folds
2cf247e8: folds
79d48bd: raises $6 to $8
b0e0f227: calls $6
*** FLOP *** [Th 9c 8s]
79d48bd: bets $12.75
b0e0f227: folds
Uncalled bet ($12.75) returned to 79d48bd
*** SHOWDOWN ***
79d48bd collected $17 from pot
*** SUMMARY ***
Total pot $17
Board [Th 9c 8s]
Seat 1: b0e0f227 folded on the Flop
Seat 7: 79d48bd(big blind)won ($17) with Pair of Twos
Seat 3: 4014ab59 folded before Flop (didn't bet)
Seat 4: 214f2456 folded before Flop (didn't bet)
Seat 6: 2cf247e8(small blind) folded before Flop
Seat 2: f2e1932a folded before Flop (didn't bet)
Seat 5: Hero folded before Flop (didn't bet)



Poker Hand #ring_978252260: NLH No Limit ($1/$2) - 2025/07/07 23:52:40
Table 'MR NLH 1/2' 7-max Seat #4 is the button
Seat 7: 79d48bd ($115.53 in chips)
Seat 3: 4014ab59 ($34.57 in chips)
Seat 4: 214f2456 ($711.48 in chips)
Seat 6: 2cf247e8 ($153.55 in chips)
Seat 2: f2e1932a ($429.2 in chips)
Seat 5: Hero ($252.68 in chips)
Hero: posts small blind $1
2cf247e8: posts big blind $2
*** HOLE CARDS ***
Dealt to 79d48bd 
Dealt to 4014ab59 
Dealt to 214f2456 
Dealt to 2cf247e8 
Dealt to f2e1932a 
Dealt to Hero [7h 3h]
79d48bd: raises $4 to $6
f2e1932a: folds
4014ab59: folds
214f2456: folds
Hero: folds
2cf247e8: folds
Uncalled bet ($4) returned to 79d48bd
*** SHOWDOWN ***
79d48bd collected $5 from pot
*** SUMMARY ***
Total pot $5
Seat 7: 79d48bdwon ($5)
Seat 3: 4014ab59 folded before Flop (didn't bet)
Seat 4: 214f2456 folded before Flop (didn't bet)
Seat 6: 2cf247e8(big blind) folded before Flop
Seat 2: f2e1932a folded before Flop (didn't bet)
Seat 5: Hero(small blind) folded before Flop



Poker Hand #ring_978249886: NLH No Limit ($1/$2) - 2025/07/07 23:51:31
Table 'MR NLH 1/2' 7-max Seat #3 is the button
Seat 1: b0e0f227 ($53.11 in chips)
Seat 7: 79d48bd ($115.53 in chips)
Seat 3: 4014ab59 ($44.57 in chips)
Seat 4: 214f2456 ($652.18 in chips)
Seat 6: 2cf247e8 ($153.55 in chips)
Seat 2: f2e1932a ($429.2 in chips)
Seat 5: Hero ($254.68 in chips)
214f2456: posts small blind $1
Hero: posts big blind $2
*** HOLE CARDS ***
Dealt to b0e0f227 
Dealt to 79d48bd 
Dealt to 4014ab59 
Dealt to 214f2456 
Dealt to 2cf247e8 
Dealt to f2e1932a 
Dealt to Hero [2d 5h]
2cf247e8: folds
79d48bd: folds
b0e0f227: calls $2
f2e1932a: folds
4014ab59: calls $2
214f2456: raises $8 to $10
Hero: folds
b0e0f227: calls $8
4014ab59: calls $8
*** FLOP *** [Ad Th 7d]
214f2456: bets $10.56
b0e0f227: raises $32.55 to $43.11 and is all-in
4014ab59: folds
214f2456: calls $32.55
b0e0f227: shows [6h 6c] (Pair of Sixes)
214f2456: shows [As Tc] (Pair of Aces and Pair of Tens)
*** TURN *** [Ad Th 7d] [Ah]
*** RIVER *** [Ad Th 7d Ah] [5d]
*** SHOWDOWN ***
214f2456 collected $118.22 from pot
*** SUMMARY ***
Total pot $118.22
Board [Ad Th 7d Ah 5d]
Seat 1: b0e0f227 showed [6h 6c] and lost with Pair of Aces and Pair of Sixes
Seat 7: 79d48bd folded before Flop (didn't bet)
Seat 3: 4014ab59 folded on the Flop
Seat 4: 214f2456(small blind) showed [As Tc] and won ($118.22) with Aces Full over Tens
Seat 6: 2cf247e8 folded before Flop (didn't bet)
Seat 2: f2e1932a folded before Flop (didn't bet)
Seat 5: Hero(big blind) folded before Flop



Poker Hand #ring_978248178: NLH No Limit ($1/$2) - 2025/07/07 23:50:41
Table 'MR NLH 1/2' 7-max Seat #2 is the button
Seat 1: b0e0f227 ($78.11 in chips)
Seat 7: 79d48bd ($140.53 in chips)
Seat 3: 4014ab59 ($45.57 in chips)
Seat 4: 214f2456 ($605.1 in chips)
Seat 6: 2cf247e8 ($153.55 in chips)
Seat 2: f2e1932a ($429.2 in chips)
Seat 5: Hero ($254.68 in chips)
4014ab59: posts small blind $1
214f2456: posts big blind $2
*** HOLE CARDS ***
Dealt to b0e0f227 
Dealt to 79d48bd 
Dealt to 4014ab59 
Dealt to 214f2456 
Dealt to 2cf247e8 
Dealt to f2e1932a 
Dealt to Hero [Qs 8c]
Hero: folds
2cf247e8: folds
79d48bd: raises $4 to $6
b0e0f227: calls $6
f2e1932a: folds
4014ab59: folds
214f2456: raises $19 to $25
79d48bd: calls $19
b0e0f227: calls $19
*** FLOP *** [Qc 6d Ac]
214f2456: bets $25.08
79d48bd: folds
b0e0f227: folds
Uncalled bet ($25.08) returned to 214f2456
*** SHOWDOWN ***
214f2456 collected $76 from pot
*** SUMMARY ***
Total pot $76
Board [Qc 6d Ac]
Seat 1: b0e0f227 folded on the Flop
Seat 7: 79d48bd folded on the Flop
Seat 3: 4014ab59(small blind) folded before Flop
Seat 4: 214f2456(big blind)won ($76) with Pair of Aces
Seat 6: 2cf247e8 folded before Flop (didn't bet)
Seat 2: f2e1932a folded before Flop (didn't bet)
Seat 5: Hero folded before Flop (didn't bet)



Poker Hand #ring_978246969: NLH No Limit ($1/$2) - 2025/07/07 23:50:07
Table 'MR NLH 1/2' 7-max Seat #1 is the button
Seat 1: b0e0f227 ($78.11 in chips)
Seat 7: 79d48bd ($140.53 in chips)
Seat 3: 4014ab59 ($47.57 in chips)
Seat 4: 214f2456 ($602.1 in chips)
Seat 6: 2cf247e8 ($153.55 in chips)
Seat 2: f2e1932a ($430.2 in chips)
Seat 5: Hero ($254.68 in chips)
f2e1932a: posts small blind $1
4014ab59: posts big blind $2
*** HOLE CARDS ***
Dealt to b0e0f227 
Dealt to 79d48bd 
Dealt to 4014ab59 
Dealt to 214f2456 
Dealt to 2cf247e8 
Dealt to f2e1932a 
Dealt to Hero [3c 4h]
214f2456: raises $4 to $6
Hero: folds
2cf247e8: folds
79d48bd: folds
b0e0f227: folds
f2e1932a: folds
4014ab59: folds
Uncalled bet ($4) returned to 214f2456
*** SHOWDOWN ***
214f2456 collected $5 from pot
*** SUMMARY ***
Total pot $5
Seat 1: b0e0f227 folded before Flop (didn't bet)
Seat 7: 79d48bd folded before Flop (didn't bet)
Seat 3: 4014ab59(big blind) folded before Flop
Seat 4: 214f2456won ($5)
Seat 6: 2cf247e8 folded before Flop (didn't bet)
Seat 2: f2e1932a(small blind) folded before Flop
Seat 5: Hero folded before Flop (didn't bet)



Poker Hand #ring_978243820: NLH No Limit ($1/$2) - 2025/07/07 23:48:35
Table 'MR NLH 1/2' 7-max Seat #7 is the button
Seat 1: b0e0f227 ($92.03 in chips)
Seat 7: 79d48bd ($154.45 in chips)
Seat 3: 4014ab59 ($47.57 in chips)
Seat 4: 214f2456 ($608.1 in chips)
Seat 6: 2cf247e8 ($153.55 in chips)
Seat 2: f2e1932a ($399 in chips)
Seat 5: Hero ($254.68 in chips)
b0e0f227: posts small blind $1
f2e1932a: posts big blind $2
*** HOLE CARDS ***
Dealt to b0e0f227 
Dealt to 79d48bd 
Dealt to 4014ab59 
Dealt to 214f2456 
Dealt to 2cf247e8 
Dealt to f2e1932a 
Dealt to Hero [8d Jd]
4014ab59: folds
214f2456: raises $4 to $6
Hero: folds
2cf247e8: folds
79d48bd: calls $6
b0e0f227: calls $5
f2e1932a: calls $4
*** FLOP *** [7h Kh 9c]
b0e0f227: checks
f2e1932a: checks
214f2456: checks
79d48bd: checks
*** TURN *** [7h Kh 9c] [3c]
b0e0f227: bets $7.92
f2e1932a: calls $7.92
214f2456: folds
79d48bd: calls $7.92
*** RIVER *** [7h Kh 9c 3c] [6c]
b0e0f227: checks
f2e1932a: checks
79d48bd: checks
b0e0f227: shows [2d 2s]
f2e1932a: shows [Jh Js]
79d48bd: shows [Qd Jc]
*** SHOWDOWN ***
f2e1932a collected $47.76 from pot
*** SUMMARY ***
Total pot $47.76
Board [7h Kh 9c 3c 6c]
Seat 1: b0e0f227(small blind) showed [2d 2s] and lost with Pair of Twos
Seat 7: 79d48bd showed [Qd Jc] and lost with King-High
Seat 3: 4014ab59 folded before Flop (didn't bet)
Seat 4: 214f2456 folded on the Turn
Seat 6: 2cf247e8 folded before Flop (didn't bet)
Seat 2: f2e1932a(big blind) showed [Jh Js] and won ($47.76) with Pair of Jacks
Seat 5: Hero folded before Flop (didn't bet)



Poker Hand #ring_978242070: NLH No Limit ($1/$2) - 2025/07/07 23:47:44
Table 'MR NLH 1/2' 7-max Seat #6 is the button
Seat 1: b0e0f227 ($103.73 in chips)
Seat 7: 79d48bd ($155.45 in chips)
Seat 3: 4014ab59 ($47.57 in chips)
Seat 4: 214f2456 ($608.1 in chips)
Seat 6: 2cf247e8 ($159.55 in chips)
Seat 2: f2e1932a ($399 in chips)
Seat 5: Hero ($237.84 in chips)
79d48bd: posts small blind $1
b0e0f227: posts big blind $2
*** HOLE CARDS ***
Dealt to b0e0f227 
Dealt to 79d48bd 
Dealt to 4014ab59 
Dealt to 214f2456 
Dealt to 2cf247e8 
Dealt to f2e1932a 
Dealt to Hero [Ad Jd]
f2e1932a: folds
4014ab59: folds
214f2456: folds
Hero: raises $4 to $6
2cf247e8: calls $6
79d48bd: folds
b0e0f227: calls $4
*** FLOP *** [2d 6s Ah]
b0e0f227: checks
Hero: bets $5.7
2cf247e8: folds
b0e0f227: calls $5.7
*** TURN *** [2d 6s Ah] [6d]
b0e0f227: checks
Hero: bets $15.2
b0e0f227: folds
Uncalled bet ($15.2) returned to Hero
*** SHOWDOWN ***
Hero collected $30.4 from pot
*** SUMMARY ***
Total pot $30.4
Board [2d 6s Ah 6d]
Seat 1: b0e0f227(big blind) folded on the Turn
Seat 7: 79d48bd(small blind) folded before Flop
Seat 3: 4014ab59 folded before Flop (didn't bet)
Seat 4: 214f2456 folded before Flop (didn't bet)
Seat 6: 2cf247e8 folded on the Flop
Seat 2: f2e1932a folded before Flop (didn't bet)
Seat 5: Herowon ($30.4) with Pair of Aces and Pair of Sixes



Poker Hand #ring_978240079: NLH No Limit ($1/$2) - 2025/07/07 23:46:46
Table 'MR NLH 1/2' 7-max Seat #5 is the button
Seat 1: b0e0f227 ($103.73 in chips)
Seat 7: 79d48bd ($161.45 in chips)
Seat 3: 4014ab59 ($63.07 in chips)
Seat 4: 214f2456 ($608.1 in chips)
Seat 6: 2cf247e8 ($160.55 in chips)
Seat 2: f2e1932a ($399 in chips)
Seat 5: Hero ($217.55 in chips)
2cf247e8: posts small blind $1
79d48bd: posts big blind $2
*** HOLE CARDS ***
Dealt to b0e0f227 
Dealt to 79d48bd 
Dealt to 4014ab59 
Dealt to 214f2456 
Dealt to 2cf247e8 
Dealt to f2e1932a 
Dealt to Hero [Ad Th]
b0e0f227: folds
f2e1932a: folds
4014ab59: calls $2
214f2456: folds
Hero: raises $4 to $6
2cf247e8: folds
79d48bd: calls $4
4014ab59: calls $4
*** FLOP *** [Tc 2c 4d]
79d48bd: checks
4014ab59: checks
Hero: bets $9.5
79d48bd: folds
4014ab59: calls $9.5
*** TURN *** [Tc 2c 4d] [6d]
4014ab59: checks
Hero: bets $55.1
4014ab59: folds
Uncalled bet ($55.1) returned to Hero
b0e0f227: shows [8d 5s]
*** SHOWDOWN ***
Hero collected $38 from pot
*** SUMMARY ***
Total pot $38
Board [Tc 2c 4d 6d]
Seat 1: b0e0f227 folded before Flop (didn't bet)
Seat 7: 79d48bd(big blind) folded on the Flop
Seat 3: 4014ab59 folded on the Turn
Seat 4: 214f2456 folded before Flop (didn't bet)
Seat 6: 2cf247e8(small blind) folded before Flop
Seat 2: f2e1932a folded before Flop (didn't bet)
Seat 5: Herowon ($38) with Pair of Tens



Poker Hand #ring_978238977: NLH No Limit ($1/$2) - 2025/07/07 23:46:15
Table 'MR NLH 1/2' 7-max Seat #4 is the button
Seat 1: b0e0f227 ($103.73 in chips)
Seat 7: 79d48bd ($161.45 in chips)
Seat 3: 4014ab59 ($63.07 in chips)
Seat 4: 214f2456 ($605.1 in chips)
Seat 6: 2cf247e8 ($162.55 in chips)
Seat 2: f2e1932a ($399 in chips)
Seat 5: Hero ($218.55 in chips)
Hero: posts small blind $1
2cf247e8: posts big blind $2
*** HOLE CARDS ***
Dealt to b0e0f227 
Dealt to 79d48bd 
Dealt to 4014ab59 
Dealt to 214f2456 
Dealt to 2cf247e8 
Dealt to f2e1932a 
Dealt to Hero [2h Qd]
79d48bd: folds
b0e0f227: folds
f2e1932a: folds
4014ab59: folds
214f2456: raises $4 to $6
Hero: folds
2cf247e8: folds
Uncalled bet ($4) returned to 214f2456
*** SHOWDOWN ***
214f2456 collected $5 from pot
*** SUMMARY ***
Total pot $5
Seat 1: b0e0f227 folded before Flop (didn't bet)
Seat 7: 79d48bd folded before Flop (didn't bet)
Seat 3: 4014ab59 folded before Flop (didn't bet)
Seat 4: 214f2456won ($5)
Seat 6: 2cf247e8(big blind) folded before Flop
Seat 2: f2e1932a folded before Flop (didn't bet)
Seat 5: Hero(small blind) folded before Flop



Poker Hand #ring_978237768: NLH No Limit ($1/$2) - 2025/07/07 23:45:41
Table 'MR NLH 1/2' 7-max Seat #3 is the button
Seat 1: b0e0f227 ($100 in chips)
Seat 7: 79d48bd ($161.45 in chips)
Seat 3: 4014ab59 ($63.07 in chips)
Seat 4: 214f2456 ($607.1 in chips)
Seat 6: 2cf247e8 ($162.55 in chips)
Seat 2: f2e1932a ($399 in chips)
Seat 5: Hero ($220.55 in chips)
214f2456: posts small blind $1
Hero: posts big blind $2
b0e0f227: posts big blind $2
*** HOLE CARDS ***
Dealt to b0e0f227 
Dealt to 79d48bd 
Dealt to 4014ab59 
Dealt to 214f2456 
Dealt to 2cf247e8 
Dealt to f2e1932a 
Dealt to Hero [2c 9h]
2cf247e8: folds
79d48bd: folds
b0e0f227: checks
f2e1932a: folds
4014ab59: folds
214f2456: calls $1
Hero: checks
*** FLOP *** [7h 5d 6c]
214f2456: checks
Hero: checks
b0e0f227: bets $6
214f2456: folds
Hero: folds
Uncalled bet ($6) returned to b0e0f227
*** SHOWDOWN ***
b0e0f227 collected $6 from pot
*** SUMMARY ***
Total pot $6
Board [7h 5d 6c]
Seat 1: b0e0f227won ($6) with Pair of Sixes
Seat 7: 79d48bd folded before Flop (didn't bet)
Seat 3: 4014ab59 folded before Flop (didn't bet)
Seat 4: 214f2456(small blind) folded on the Flop
Seat 6: 2cf247e8 folded before Flop (didn't bet)
Seat 2: f2e1932a folded before Flop (didn't bet)
Seat 5: Hero(big blind) folded on the Flop



Poker Hand #ring_978235657: NLH No Limit ($1/$2) - 2025/07/07 23:44:38
Table 'MR NLH 1/2' 7-max Seat #2 is the button
Seat 7: 79d48bd ($161.45 in chips)
Seat 3: 4014ab59 ($93.07 in chips)
Seat 4: 214f2456 ($580.3 in chips)
Seat 6: 2cf247e8 ($162.55 in chips)
Seat 2: f2e1932a ($399 in chips)
Seat 5: Hero ($220.55 in chips)
4014ab59: posts small blind $1
214f2456: posts big blind $2
*** HOLE CARDS ***
Dealt to 79d48bd 
Dealt to 4014ab59 
Dealt to 214f2456 
Dealt to 2cf247e8 
Dealt to f2e1932a 
Dealt to Hero [2c 3c]
Hero: folds
2cf247e8: folds
79d48bd: folds
f2e1932a: folds
4014ab59: calls $1
214f2456: raises $4 to $6
4014ab59: calls $4
*** FLOP *** [Th Qd Kd]
4014ab59: checks
214f2456: bets $6
4014ab59: calls $6
*** TURN *** [Th Qd Kd] [3h]
4014ab59: checks
214f2456: bets $18
4014ab59: calls $18
*** RIVER *** [Th Qd Kd 3h] [5h]
4014ab59: checks
214f2456: bets $77
4014ab59: folds
Uncalled bet ($77) returned to 214f2456
214f2456: shows [5d]
*** SHOWDOWN ***
214f2456 collected $60 from pot
*** SUMMARY ***
Total pot $60
Board [Th Qd Kd 3h 5h]
Seat 7: 79d48bd folded before Flop (didn't bet)
Seat 3: 4014ab59(small blind) folded on the River
Seat 4: 214f2456(big blind) showed [5d] and won ($60) with Three Fives
Seat 6: 2cf247e8 folded before Flop (didn't bet)
Seat 2: f2e1932a folded before Flop (didn't bet)
Seat 5: Hero folded before Flop (didn't bet)



Poker Hand #ring_978232968: NLH No Limit ($1/$2) - 2025/07/07 23:43:20
Table 'MR NLH 1/2' 7-max Seat #1 is the button
Seat 1: b0e0f227 ($29.46 in chips)
Seat 7: 79d48bd ($68.56 in chips)
Seat 3: 4014ab59 ($161.63 in chips)
Seat 4: 214f2456 ($580.3 in chips)
Seat 6: 2cf247e8 ($164.55 in chips)
Seat 2: f2e1932a ($400 in chips)
Seat 5: Hero ($220.55 in chips)
f2e1932a: posts small blind $1
4014ab59: posts big blind $2
*** HOLE CARDS ***
Dealt to b0e0f227 
Dealt to 79d48bd 
Dealt to 4014ab59 
Dealt to 214f2456 
Dealt to 2cf247e8 
Dealt to f2e1932a 
Dealt to Hero [7h 4s]
214f2456: folds
Hero: folds
2cf247e8: calls $2
79d48bd: calls $2
b0e0f227: raises $6 to $8
f2e1932a: folds
4014ab59: raises $21 to $29
2cf247e8: folds
79d48bd: calls $27
b0e0f227: raises $0.46 to $29.46 and is all-in
4014ab59: calls $0.46
79d48bd: calls $0.46
*** FLOP *** [Tc 5d Jc]
4014ab59: checks
79d48bd: bets $39.1 and is all-in
4014ab59: calls $39.1
b0e0f227: shows [9h 2h] (Jack-High)
4014ab59: shows [6h 6s] (Pair of Sixes)
79d48bd: shows [Ts Ks] (Pair of Tens)
*** TURN *** [Tc 5d Jc] [Kd]
*** RIVER *** [Tc 5d Jc Kd] [As]
*** SHOWDOWN ***
79d48bd collected $91.38 from pot
79d48bd collected $78.2 from pot
*** SUMMARY ***
Total pot $169.58
Board [Tc 5d Jc Kd As]
Seat 1: b0e0f227 showed [9h 2h] and lost with Ace-High
Seat 7: 79d48bd showed [Ts Ks] and won ($91.38) with Pair of Kings and Pair of Tens
Seat 3: 4014ab59(big blind) showed [6h 6s] and lost with Pair of Sixes
Seat 4: 214f2456 folded before Flop (didn't bet)
Seat 6: 2cf247e8 folded before Flop
Seat 2: f2e1932a(small blind) folded before Flop
Seat 5: Hero folded before Flop (didn't bet)



Poker Hand #ring_978231544: NLH No Limit ($1/$2) - 2025/07/07 23:42:37
Table 'MR NLH 1/2' 7-max Seat #7 is the button
Seat 1: b0e0f227 ($30.46 in chips)
Seat 7: 79d48bd ($68.56 in chips)
Seat 3: 4014ab59 ($161.63 in chips)
Seat 4: 214f2456 ($580.3 in chips)
Seat 6: 2cf247e8 ($152.63 in chips)
Seat 2: f2e1932a ($400 in chips)
Seat 5: Hero ($231.05 in chips)
b0e0f227: posts small blind $1
f2e1932a: posts big blind $2
*** HOLE CARDS ***
Dealt to b0e0f227 
Dealt to 79d48bd 
Dealt to 4014ab59 
Dealt to 214f2456 
Dealt to 2cf247e8 
Dealt to f2e1932a 
Dealt to Hero [5s 6s]
4014ab59: folds
214f2456: folds
Hero: raises $4 to $6
2cf247e8: calls $6
79d48bd: folds
b0e0f227: folds
f2e1932a: folds
*** FLOP *** [Qs 8d Kd]
Hero: bets $4.5
2cf247e8: calls $4.5
*** TURN *** [Qs 8d Kd] [Qd]
Hero: checks
2cf247e8: bets $18
Hero: folds
Uncalled bet ($18) returned to 2cf247e8
b0e0f227: shows [Jd]
*** SHOWDOWN ***
2cf247e8 collected $24 from pot
*** SUMMARY ***
Total pot $24
Board [Qs 8d Kd Qd]
Seat 1: b0e0f227(small blind) folded before Flop
Seat 7: 79d48bd folded before Flop (didn't bet)
Seat 3: 4014ab59 folded before Flop (didn't bet)
Seat 4: 214f2456 folded before Flop (didn't bet)
Seat 6: 2cf247e8won ($24) with Pair of Queens
Seat 2: f2e1932a(big blind) folded before Flop
Seat 5: Hero folded on the Turn



Poker Hand #ring_978230135: NLH No Limit ($1/$2) - 2025/07/07 23:41:53
Table 'MR NLH 1/2' 7-max Seat #6 is the button
Seat 1: b0e0f227 ($46.71 in chips)
Seat 7: 79d48bd ($49.49 in chips)
Seat 3: 4014ab59 ($161.63 in chips)
Seat 4: 214f2456 ($580.3 in chips)
Seat 6: 2cf247e8 ($157.63 in chips)
Seat 5: Hero ($231.05 in chips)
79d48bd: posts small blind $1
b0e0f227: posts big blind $2
*** HOLE CARDS ***
Dealt to b0e0f227 
Dealt to 79d48bd 
Dealt to 4014ab59 
Dealt to 214f2456 
Dealt to 2cf247e8 
Dealt to Hero [Kd Tc]
4014ab59: folds
214f2456: folds
Hero: folds
2cf247e8: calls $2
79d48bd: calls $1
b0e0f227: checks
*** FLOP *** [5s 7s 5d]
79d48bd: bets $3
b0e0f227: calls $3
2cf247e8: calls $3
*** TURN *** [5s 7s 5d] [9d]
79d48bd: bets $11.25
b0e0f227: calls $11.25
2cf247e8: folds
*** RIVER *** [5s 7s 5d 9d] [9h]
79d48bd: bets $33.24 and is all-in
b0e0f227: folds
Uncalled bet ($33.24) returned to 79d48bd
b0e0f227: shows [4c 3h]
79d48bd: shows [4d Jh]
*** SHOWDOWN ***
79d48bd collected $37.5 from pot
*** SUMMARY ***
Total pot $37.5
Board [5s 7s 5d 9d 9h]
Seat 1: b0e0f227(big blind) folded on the River
Seat 7: 79d48bd(small blind) showed [4d Jh] and won ($37.5) with Pair of Nines and Pair of Fives
Seat 3: 4014ab59 folded before Flop (didn't bet)
Seat 4: 214f2456 folded before Flop (didn't bet)
Seat 6: 2cf247e8 folded on the Turn
Seat 5: Hero folded before Flop (didn't bet)



Poker Hand #ring_978228650: NLH No Limit ($1/$2) - 2025/07/07 23:41:09
Table 'MR NLH 1/2' 7-max Seat #5 is the button
Seat 1: b0e0f227 ($56.21 in chips)
Seat 7: 79d48bd ($58.99 in chips)
Seat 3: 4014ab59 ($143.45 in chips)
Seat 4: 214f2456 ($580.3 in chips)
Seat 6: 2cf247e8 ($158.63 in chips)
Seat 5: Hero ($231.05 in chips)
2cf247e8: posts small blind $1
79d48bd: posts big blind $2
*** HOLE CARDS ***
Dealt to b0e0f227 
Dealt to 79d48bd 
Dealt to 4014ab59 
Dealt to 214f2456 
Dealt to 2cf247e8 
Dealt to Hero [Td 5s]
b0e0f227: raises $2 to $4
4014ab59: raises $5.5 to $9.5
214f2456: folds
Hero: folds
2cf247e8: folds
79d48bd: calls $7.5
b0e0f227: calls $5.5
*** FLOP *** [5c Jc Ad]
79d48bd: checks
b0e0f227: checks
4014ab59: bets $22.12
79d48bd: folds
b0e0f227: folds
Uncalled bet ($22.12) returned to 4014ab59
4014ab59: shows [Kc Ac]
*** SHOWDOWN ***
4014ab59 collected $29.5 from pot
*** SUMMARY ***
Total pot $29.5
Board [5c Jc Ad]
Seat 1: b0e0f227 folded on the Flop
Seat 7: 79d48bd(big blind) folded on the Flop
Seat 3: 4014ab59 showed [Kc Ac] and won ($29.5) with Pair of Aces
Seat 4: 214f2456 folded before Flop (didn't bet)
Seat 6: 2cf247e8(small blind) folded before Flop
Seat 5: Hero folded before Flop (didn't bet)



Poker Hand #ring_978227472: NLH No Limit ($1/$2) - 2025/07/07 23:40:34
Table 'MR NLH 1/2' 7-max Seat #4 is the button
Seat 1: b0e0f227 ($56.21 in chips)
Seat 7: 79d48bd ($48.84 in chips)
Seat 3: 4014ab59 ($151.45 in chips)
Seat 4: 214f2456 ($580.3 in chips)
Seat 6: 2cf247e8 ($160.63 in chips)
Seat 5: Hero ($132.05 in chips)
Hero: posts small blind $1
2cf247e8: posts big blind $2
*** HOLE CARDS ***
Dealt to b0e0f227 
Dealt to 79d48bd 
Dealt to 4014ab59 
Dealt to 214f2456 
Dealt to 2cf247e8 
Dealt to Hero [Ah 5c]
79d48bd: raises $6 to $8
b0e0f227: folds
4014ab59: calls $8
214f2456: folds
Hero: folds
2cf247e8: folds
*** FLOP *** [Jc Kd 6s]
79d48bd: bets $40.84 and is all-in
4014ab59: folds
Uncalled bet ($40.84) returned to 79d48bd
b0e0f227: shows [Kh]
*** SHOWDOWN ***
79d48bd collected $19 from pot
*** SUMMARY ***
Total pot $19
Board [Jc Kd 6s]
Seat 1: b0e0f227 folded before Flop (didn't bet)
Seat 7: 79d48bdwon ($19) with Pair of Kings
Seat 3: 4014ab59 folded on the Flop
Seat 4: 214f2456 folded before Flop (didn't bet)
Seat 6: 2cf247e8(big blind) folded before Flop
Seat 5: Hero(small blind) folded before Flop



Poker Hand #ring_978223167: NLH No Limit ($1/$2) - 2025/07/07 23:38:25
Table 'MR NLH 1/2' 7-max Seat #3 is the button
Seat 1: b0e0f227 ($74.21 in chips)
Seat 7: 79d48bd ($66.84 in chips)
Seat 3: 4014ab59 ($151.45 in chips)
Seat 4: 214f2456 ($461.58 in chips)
Seat 6: 2cf247e8 ($160.63 in chips)
Seat 5: Hero ($225.27 in chips)
214f2456: posts small blind $1
Hero: posts big blind $2
*** HOLE CARDS ***
Dealt to b0e0f227 
Dealt to 79d48bd 
Dealt to 4014ab59 
Dealt to 214f2456 
Dealt to 2cf247e8 
Dealt to Hero [2c Ah]
2cf247e8: folds
79d48bd: raises $6 to $8
b0e0f227: calls $8
4014ab59: folds
214f2456: calls $7
Hero: calls $6
*** FLOP *** [9h 4h 6h]
214f2456: checks
Hero: checks
79d48bd: checks
b0e0f227: checks
*** TURN *** [9h 4h 6h] [As]
214f2456: checks
Hero: checks
79d48bd: bets $10
b0e0f227: calls $10
214f2456: raises $31 to $41
Hero: calls $41
79d48bd: folds
b0e0f227: folds
*** RIVER *** [9h 4h 6h As] [Js]
214f2456: bets $44.22
Hero: calls $44.22
214f2456: shows [Jh Kh]
Hero: shows [2c Ah]
*** SHOWDOWN ***
214f2456 collected $222.44 from pot
*** SUMMARY ***
Total pot $222.44
Board [9h 4h 6h As Js]
Seat 1: b0e0f227 folded on the Turn
Seat 7: 79d48bd folded on the Turn
Seat 3: 4014ab59 folded before Flop (didn't bet)
Seat 4: 214f2456(small blind) showed [Jh Kh] and won ($222.44) with King High Flush
Seat 6: 2cf247e8 folded before Flop (didn't bet)
Seat 5: Hero(big blind) showed [2c Ah] and lost with Pair of Aces



Poker Hand #ring_978221447: NLH No Limit ($1/$2) - 2025/07/07 23:37:32
Table 'MR NLH 1/2' 7-max Seat #1 is the button
Seat 1: b0e0f227 ($80.21 in chips)
Seat 7: 79d48bd ($66.84 in chips)
Seat 3: 4014ab59 ($152.45 in chips)
Seat 4: 214f2456 ($467.58 in chips)
Seat 6: 2cf247e8 ($160.63 in chips)
Seat 5: Hero ($213.12 in chips)
4014ab59: posts small blind $1
214f2456: posts big blind $2
*** HOLE CARDS ***
Dealt to b0e0f227 
Dealt to 79d48bd 
Dealt to 4014ab59 
Dealt to 214f2456 
Dealt to 2cf247e8 
Dealt to Hero [Qc Ac]
Hero: raises $4 to $6
2cf247e8: folds
79d48bd: folds
b0e0f227: calls $6
4014ab59: folds
214f2456: calls $4
*** FLOP *** [Ts 9d Kh]
214f2456: checks
Hero: bets $9.5
b0e0f227: folds
214f2456: folds
Uncalled bet ($9.5) returned to Hero
*** SHOWDOWN ***
Hero collected $19 from pot
*** SUMMARY ***
Total pot $19
Board [Ts 9d Kh]
Seat 1: b0e0f227 folded on the Flop
Seat 7: 79d48bd folded before Flop (didn't bet)
Seat 3: 4014ab59(small blind) folded before Flop
Seat 4: 214f2456(big blind) folded on the Flop
Seat 6: 2cf247e8 folded before Flop (didn't bet)
Seat 5: Herowon ($19) with Ace-High



Poker Hand #ring_978220646: NLH No Limit ($1/$2) - 2025/07/07 23:37:07
Table 'MR NLH 1/2' 7-max Seat #7 is the button
Seat 1: b0e0f227 ($81.21 in chips)
Seat 7: 79d48bd ($63.84 in chips)
Seat 3: 4014ab59 ($154.45 in chips)
Seat 4: 214f2456 ($467.58 in chips)
Seat 6: 2cf247e8 ($160.63 in chips)
Seat 5: Hero ($213.12 in chips)
b0e0f227: posts small blind $1
4014ab59: posts big blind $2
*** HOLE CARDS ***
Dealt to b0e0f227 
Dealt to 79d48bd 
Dealt to 4014ab59 
Dealt to 214f2456 
Dealt to 2cf247e8 
Dealt to Hero [Kd 2c]
214f2456: folds
Hero: folds
2cf247e8: folds
79d48bd: raises $6 to $8
b0e0f227: folds
4014ab59: folds
Uncalled bet ($6) returned to 79d48bd
*** SHOWDOWN ***
79d48bd collected $5 from pot
*** SUMMARY ***
Total pot $5
Seat 1: b0e0f227(small blind) folded before Flop
Seat 7: 79d48bdwon ($5)
Seat 3: 4014ab59(big blind) folded before Flop
Seat 4: 214f2456 folded before Flop (didn't bet)
Seat 6: 2cf247e8 folded before Flop (didn't bet)
Seat 5: Hero folded before Flop (didn't bet)



Poker Hand #ring_978218121: NLH No Limit ($1/$2) - 2025/07/07 23:35:50
Table 'MR NLH 1/2' 7-max Seat #6 is the button
Seat 1: b0e0f227 ($83.21 in chips)
Seat 7: 79d48bd ($102 in chips)
Seat 3: 4014ab59 ($162.45 in chips)
Seat 4: 214f2456 ($423.8 in chips)
Seat 6: 2cf247e8 ($160.63 in chips)
Seat 5: Hero ($113.12 in chips)
79d48bd: posts small blind $1
b0e0f227: posts big blind $2
*** HOLE CARDS ***
Dealt to b0e0f227 
Dealt to 79d48bd 
Dealt to 4014ab59 
Dealt to 214f2456 
Dealt to 2cf247e8 
Dealt to Hero [Th Js]
4014ab59: calls $2
214f2456: raises $6 to $8
Hero: folds
2cf247e8: folds
79d48bd: calls $7
b0e0f227: folds
4014ab59: calls $6
*** FLOP *** [Qh 6s Ad]
79d48bd: checks
4014ab59: checks
214f2456: bets $8.58
79d48bd: calls $8.58
4014ab59: folds
*** TURN *** [Qh 6s Ad] [Ac]
79d48bd: checks
214f2456: bets $21.58
79d48bd: calls $21.58
*** RIVER *** [Qh 6s Ad Ac] [Kh]
79d48bd: checks
214f2456: bets $10
79d48bd: folds
Uncalled bet ($10) returned to 214f2456
*** SHOWDOWN ***
214f2456 collected $86.32 from pot
*** SUMMARY ***
Total pot $86.32
Board [Qh 6s Ad Ac Kh]
Seat 1: b0e0f227(big blind) folded before Flop
Seat 7: 79d48bd(small blind) folded on the River
Seat 3: 4014ab59 folded on the Flop
Seat 4: 214f2456won ($86.32) with Three Aces
Seat 6: 2cf247e8 folded before Flop (didn't bet)
Seat 5: Hero folded before Flop (didn't bet)



Poker Hand #ring_978217069: NLH No Limit ($1/$2) - 2025/07/07 23:35:18
Table 'MR NLH 1/2' 7-max Seat #5 is the button
Seat 1: b0e0f227 ($83.21 in chips)
Seat 7: 79d48bd ($101 in chips)
Seat 3: 4014ab59 ($162.45 in chips)
Seat 4: 214f2456 ($423.8 in chips)
Seat 6: 2cf247e8 ($161.63 in chips)
Seat 5: Hero ($113.12 in chips)
2cf247e8: posts small blind $1
79d48bd: posts big blind $2
*** HOLE CARDS ***
Dealt to b0e0f227 
Dealt to 79d48bd 
Dealt to 4014ab59 
Dealt to 214f2456 
Dealt to 2cf247e8 
Dealt to Hero [4c 6h]
b0e0f227: folds
4014ab59: folds
214f2456: folds
Hero: folds
2cf247e8: folds
*** SHOWDOWN ***
79d48bd collected $3 from pot
*** SUMMARY ***
Total pot $3
Seat 1: b0e0f227 folded before Flop (didn't bet)
Seat 7: 79d48bd(big blind)won ($3)
Seat 3: 4014ab59 folded before Flop (didn't bet)
Seat 4: 214f2456 folded before Flop (didn't bet)
Seat 6: 2cf247e8(small blind) folded before Flop
Seat 5: Hero folded before Flop (didn't bet)



Poker Hand #ring_978214056: NLH No Limit ($1/$2) - 2025/07/07 23:33:47
Table 'MR NLH 1/2' 7-max Seat #4 is the button
Seat 1: b0e0f227 ($83.21 in chips)
Seat 7: 79d48bd ($101 in chips)
Seat 3: 4014ab59 ($162.45 in chips)
Seat 4: 214f2456 ($423.8 in chips)
Seat 6: 2cf247e8 ($84.88 in chips)
Seat 5: Hero ($198 in chips)
Hero: posts small blind $1
2cf247e8: posts big blind $2
*** HOLE CARDS ***
Dealt to b0e0f227 
Dealt to 79d48bd 
Dealt to 4014ab59 
Dealt to 214f2456 
Dealt to 2cf247e8 
Dealt to Hero [8s Ts]
79d48bd: folds
b0e0f227: folds
4014ab59: folds
214f2456: folds
Hero: raises $3 to $5
2cf247e8: raises $10 to $15
Hero: calls $10
*** FLOP *** [5c 5s 8d]
Hero: checks
2cf247e8: bets $69.88 and is all-in
Hero: calls $69.88
Hero: shows [8s Ts] (Pair of Eights and Pair of Fives)
2cf247e8: shows [Kd Kh] (Pair of Kings and Pair of Fives)
*** TURN *** [5c 5s 8d] [Jh]
*** RIVER *** [5c 5s 8d Jh] [2h]
*** SHOWDOWN ***
2cf247e8 collected $169.76 from pot
*** SUMMARY ***
Total pot $169.76
Board [5c 5s 8d Jh 2h]
Seat 1: b0e0f227 folded before Flop (didn't bet)
Seat 7: 79d48bd folded before Flop (didn't bet)
Seat 3: 4014ab59 folded before Flop (didn't bet)
Seat 4: 214f2456 folded before Flop (didn't bet)
Seat 6: 2cf247e8(big blind) showed [Kd Kh] and won ($169.76) with Pair of Kings and Pair of Fives
Seat 5: Hero(small blind) showed [8s Ts] and lost with Pair of Eights and Pair of Fives



Poker Hand #ring_978212556: NLH No Limit ($1/$2) - 2025/07/07 23:33:02
Table 'MR NLH 1/2' 7-max Seat #3 is the button
Seat 1: b0e0f227 ($83.21 in chips)
Seat 7: 79d48bd ($98 in chips)
Seat 3: 4014ab59 ($162.45 in chips)
Seat 4: 214f2456 ($424.8 in chips)
Seat 6: 2cf247e8 ($84.88 in chips)
Seat 5: Hero ($200 in chips)
214f2456: posts small blind $1
Hero: posts big blind $2
*** HOLE CARDS ***
Dealt to b0e0f227 
Dealt to 79d48bd 
Dealt to 4014ab59 
Dealt to 214f2456 
Dealt to 2cf247e8 
Dealt to Hero [5d Jh]
2cf247e8: folds
79d48bd: raises $4 to $6
b0e0f227: folds
4014ab59: folds
214f2456: folds
Hero: folds
Uncalled bet ($4) returned to 79d48bd
*** SHOWDOWN ***
79d48bd collected $5 from pot
*** SUMMARY ***
Total pot $5
Seat 1: b0e0f227 folded before Flop (didn't bet)
Seat 7: 79d48bdwon ($5)
Seat 3: 4014ab59 folded before Flop (didn't bet)
Seat 4: 214f2456(small blind) folded before Flop
Seat 6: 2cf247e8 folded before Flop (didn't bet)
Seat 5: Hero(big blind) folded before Flop



