Poker Hand #ring_977640015: NLH No Limit ($2/$4) - 2025/07/07 17:58:28
Table 'MR NLH 2/4' 7-max Seat #3 is the button
Seat 5: e8220cc6 ($800 in chips)
Seat 2: e9ec8989 ($948.03 in chips)
Seat 7: feb35894 ($275.27 in chips)
Seat 1: ea05ec1b ($985.28 in chips)
Seat 3: 84ac63ca ($304.47 in chips)
Seat 6: Hero ($1,109.22 in chips)
e8220cc6: posts big blind $4
*** HOLE CARDS ***
Dealt to e8220cc6 
Dealt to e9ec8989 
Dealt to feb35894 
Dealt to ea05ec1b 
Dealt to 84ac63ca 
Dealt to Hero [Kh 3d]
Hero: folds
feb35894: folds
ea05ec1b: raises $6 to $10
e9ec8989: calls $10
84ac63ca: calls $10
e8220cc6: raises $50 to $60
ea05ec1b: folds
e9ec8989: folds
84ac63ca: calls $50
*** FLOP *** [Th 2s Qs]
e8220cc6: bets $70
84ac63ca: raises $174.47 to $244.47 and is all-in
e8220cc6: folds
Uncalled bet ($174.47) returned to 84ac63ca
*** SHOWDOWN ***
84ac63ca collected $280 from pot
*** SUMMARY ***
Total pot $280
Board [Th 2s Qs]
Seat 5: e8220cc6(big blind) folded on the Flop
Seat 2: e9ec8989 folded before Flop
Seat 7: feb35894 folded before Flop (didn't bet)
Seat 1: ea05ec1b folded before Flop
Seat 3: 84ac63cawon ($280) with Pair of Tens
Seat 6: Hero folded before Flop (didn't bet)



Poker Hand #ring_977637746: NLH No Limit ($2/$4) - 2025/07/07 17:56:51
Table 'MR NLH 2/4' 7-max Seat #2 is the button
Seat 5: e8220cc6 ($800 in chips)
Seat 2: e9ec8989 ($842.18 in chips)
Seat 7: feb35894 ($275.27 in chips)
Seat 1: ea05ec1b ($985.28 in chips)
Seat 3: 84ac63ca ($332.31 in chips)
Seat 4: 901bf4df ($298 in chips)
Seat 6: Hero ($1,109.22 in chips)
84ac63ca: posts small blind $2
901bf4df: posts big blind $4
*** HOLE CARDS ***
Dealt to e8220cc6 
Dealt to e9ec8989 
Dealt to feb35894 
Dealt to ea05ec1b 
Dealt to 84ac63ca 
Dealt to 901bf4df 
Dealt to Hero [Qd 6s]
e8220cc6: raises $8 to $12
Hero: folds
feb35894: folds
ea05ec1b: folds
e9ec8989: calls $12
84ac63ca: calls $10
901bf4df: calls $8
*** FLOP *** [7s Js 9h]
84ac63ca: checks
901bf4df: checks
e8220cc6: checks
e9ec8989: bets $15.84
84ac63ca: calls $15.84
901bf4df: calls $15.84
e8220cc6: folds
*** TURN *** [7s Js 9h] [Jh]
84ac63ca: checks
901bf4df: checks
e9ec8989: checks
*** RIVER *** [7s Js 9h Jh] [7d]
84ac63ca: checks
901bf4df: bets $47.76
e9ec8989: calls $47.76
84ac63ca: folds
e9ec8989: shows [Ts Tc]
901bf4df: shows [Td 6d]
*** SHOWDOWN ***
e9ec8989 collected $191.04 from pot
*** SUMMARY ***
Total pot $191.04
Board [7s Js 9h Jh 7d]
Seat 5: e8220cc6 folded on the Flop
Seat 2: e9ec8989 showed [Ts Tc] and won ($191.04) with Pair of Jacks and Pair of Tens
Seat 7: feb35894 folded before Flop (didn't bet)
Seat 1: ea05ec1b folded before Flop (didn't bet)
Seat 3: 84ac63ca(small blind) folded on the River
Seat 4: 901bf4df(big blind) showed [Td 6d] and lost with Pair of Jacks and Pair of Sevens
Seat 6: Hero folded before Flop (didn't bet)



Poker Hand #ring_977636604: NLH No Limit ($2/$4) - 2025/07/07 17:55:59
Table 'MR NLH 2/4' 7-max Seat #1 is the button
Seat 5: e8220cc6 ($800 in chips)
Seat 2: e9ec8989 ($844.18 in chips)
Seat 7: feb35894 ($275.27 in chips)
Seat 1: ea05ec1b ($967.28 in chips)
Seat 3: 84ac63ca ($336.31 in chips)
Seat 4: 901bf4df ($298 in chips)
Seat 6: Hero ($1,121.22 in chips)
e9ec8989: posts small blind $2
84ac63ca: posts big blind $4
*** HOLE CARDS ***
Dealt to e8220cc6 
Dealt to e9ec8989 
Dealt to feb35894 
Dealt to ea05ec1b 
Dealt to 84ac63ca 
Dealt to 901bf4df 
Dealt to Hero [5h 6h]
901bf4df: folds
e8220cc6: folds
Hero: raises $8 to $12
feb35894: folds
ea05ec1b: raises $30 to $42
e9ec8989: folds
84ac63ca: folds
Hero: folds
Uncalled bet ($30) returned to ea05ec1b
*** SHOWDOWN ***
ea05ec1b collected $30 from pot
*** SUMMARY ***
Total pot $30
Seat 5: e8220cc6 folded before Flop (didn't bet)
Seat 2: e9ec8989(small blind) folded before Flop
Seat 7: feb35894 folded before Flop (didn't bet)
Seat 1: ea05ec1bwon ($30)
Seat 3: 84ac63ca(big blind) folded before Flop
Seat 4: 901bf4df folded before Flop (didn't bet)
Seat 6: Hero folded before Flop



Poker Hand #ring_977634882: NLH No Limit ($2/$4) - 2025/07/07 17:54:45
Table 'MR NLH 2/4' 7-max Seat #7 is the button
Seat 5: e8220cc6 ($800 in chips)
Seat 2: e9ec8989 ($806.45 in chips)
Seat 7: feb35894 ($289.27 in chips)
Seat 1: ea05ec1b ($995.14 in chips)
Seat 3: 84ac63ca ($336.31 in chips)
Seat 4: 901bf4df ($298 in chips)
Seat 6: Hero ($1,121.22 in chips)
ea05ec1b: posts small blind $2
e9ec8989: posts big blind $4
*** HOLE CARDS ***
Dealt to e8220cc6 
Dealt to e9ec8989 
Dealt to feb35894 
Dealt to ea05ec1b 
Dealt to 84ac63ca 
Dealt to 901bf4df 
Dealt to Hero [5h As]
84ac63ca: folds
901bf4df: folds
e8220cc6: folds
Hero: folds
feb35894: raises $10 to $14
ea05ec1b: calls $12
e9ec8989: calls $10
*** FLOP *** [5d 4c Ts]
ea05ec1b: checks
e9ec8989: checks
feb35894: checks
*** TURN *** [5d 4c Ts] [4h]
ea05ec1b: bets $13.86
e9ec8989: calls $13.86
feb35894: folds
*** RIVER *** [5d 4c Ts 4h] [9h]
ea05ec1b: checks
e9ec8989: bets $34.86
ea05ec1b: folds
Uncalled bet ($34.86) returned to e9ec8989
*** SHOWDOWN ***
e9ec8989 collected $69.72 from pot
*** SUMMARY ***
Total pot $69.72
Board [5d 4c Ts 4h 9h]
Seat 5: e8220cc6 folded before Flop (didn't bet)
Seat 2: e9ec8989(big blind)won ($69.72) with Three Fours
Seat 7: feb35894 folded on the Turn
Seat 1: ea05ec1b(small blind) folded on the River
Seat 3: 84ac63ca folded before Flop (didn't bet)
Seat 4: 901bf4df folded before Flop (didn't bet)
Seat 6: Hero folded before Flop (didn't bet)



Poker Hand #ring_977633254: NLH No Limit ($2/$4) - 2025/07/07 17:53:34
Table 'MR NLH 2/4' 7-max Seat #6 is the button
Seat 5: e8220cc6 ($800 in chips)
Seat 2: e9ec8989 ($810.45 in chips)
Seat 7: feb35894 ($291.27 in chips)
Seat 1: ea05ec1b ($999.14 in chips)
Seat 3: 84ac63ca ($340.31 in chips)
Seat 4: 901bf4df ($212.83 in chips)
Seat 6: Hero ($1,121.22 in chips)
feb35894: posts small blind $2
ea05ec1b: posts big blind $4
*** HOLE CARDS ***
Dealt to e8220cc6 
Dealt to e9ec8989 
Dealt to feb35894 
Dealt to ea05ec1b 
Dealt to 84ac63ca 
Dealt to 901bf4df 
Dealt to Hero [9h 5h]
e9ec8989: calls $4
84ac63ca: calls $4
901bf4df: raises $18 to $22
e8220cc6: raises $58 to $80
Hero: folds
feb35894: folds
ea05ec1b: folds
e9ec8989: folds
84ac63ca: folds
901bf4df: calls $58
*** FLOP *** [Jd 3h As]
901bf4df: checks
e8220cc6: checks
*** TURN *** [Jd 3h As] [Jh]
901bf4df: checks
e8220cc6: checks
*** RIVER *** [Jd 3h As Jh] [Jc]
901bf4df: bets $132.83 and is all-in
e8220cc6: folds
Uncalled bet ($132.83) returned to 901bf4df
901bf4df: shows [Js]
*** SHOWDOWN ***
901bf4df collected $174 from pot
*** SUMMARY ***
Total pot $174
Board [Jd 3h As Jh Jc]
Seat 5: e8220cc6 folded on the River
Seat 2: e9ec8989 folded before Flop
Seat 7: feb35894(small blind) folded before Flop
Seat 1: ea05ec1b(big blind) folded before Flop
Seat 3: 84ac63ca folded before Flop
Seat 4: 901bf4df showed [Js] and won ($174) with Four Jacks
Seat 6: Hero folded before Flop (didn't bet)



Poker Hand #ring_977631800: NLH No Limit ($2/$4) - 2025/07/07 17:52:32
Table 'MR NLH 2/4' 7-max Seat #5 is the button
Seat 5: e8220cc6 ($800 in chips)
Seat 2: e9ec8989 ($820.45 in chips)
Seat 7: feb35894 ($295.27 in chips)
Seat 1: ea05ec1b ($999.14 in chips)
Seat 3: 84ac63ca ($340.31 in chips)
Seat 4: 901bf4df ($198 in chips)
Seat 6: Hero ($1,123.22 in chips)
Hero: posts small blind $2
feb35894: posts big blind $4
*** HOLE CARDS ***
Dealt to e8220cc6 
Dealt to e9ec8989 
Dealt to feb35894 
Dealt to ea05ec1b 
Dealt to 84ac63ca 
Dealt to 901bf4df 
Dealt to Hero [Jd 4c]
ea05ec1b: folds
e9ec8989: calls $4
84ac63ca: folds
901bf4df: raises $6 to $10
e8220cc6: folds
Hero: folds
feb35894: folds
e9ec8989: calls $6
*** FLOP *** [8h 2s 8c]
e9ec8989: checks
901bf4df: bets $13
e9ec8989: folds
Uncalled bet ($13) returned to 901bf4df
*** SHOWDOWN ***
901bf4df collected $26 from pot
*** SUMMARY ***
Total pot $26
Board [8h 2s 8c]
Seat 5: e8220cc6 folded before Flop (didn't bet)
Seat 2: e9ec8989 folded on the Flop
Seat 7: feb35894(big blind) folded before Flop
Seat 1: ea05ec1b folded before Flop (didn't bet)
Seat 3: 84ac63ca folded before Flop (didn't bet)
Seat 4: 901bf4dfwon ($26) with Pair of Eights
Seat 6: Hero(small blind) folded before Flop



Poker Hand #ring_977630528: NLH No Limit ($2/$4) - 2025/07/07 17:51:37
Table 'MR NLH 2/4' 7-max Seat #4 is the button
Seat 5: e8220cc6 ($796 in chips)
Seat 2: e9ec8989 ($820.45 in chips)
Seat 7: feb35894 ($301.27 in chips)
Seat 1: ea05ec1b ($999.14 in chips)
Seat 3: 84ac63ca ($340.31 in chips)
Seat 4: 901bf4df ($198 in chips)
Seat 6: Hero ($1,115.76 in chips)
e8220cc6: posts small blind $2
Hero: posts big blind $4
feb35894: posts big blind $4
feb35894: posts small blind $2
*** HOLE CARDS ***
Dealt to e8220cc6 
Dealt to e9ec8989 
Dealt to feb35894 
Dealt to ea05ec1b 
Dealt to 84ac63ca 
Dealt to 901bf4df 
Dealt to Hero [Ts Qc]
feb35894: checks
ea05ec1b: folds
e9ec8989: folds
84ac63ca: folds
901bf4df: folds
e8220cc6: folds
Hero: checks
*** FLOP *** [5h Ac Js]
Hero: bets $5
feb35894: folds
Uncalled bet ($5) returned to Hero
*** SHOWDOWN ***
Hero collected $12 from pot
*** SUMMARY ***
Total pot $10
Board [5h Ac Js]
Seat 5: e8220cc6(small blind) folded before Flop
Seat 2: e9ec8989 folded before Flop (didn't bet)
Seat 7: feb35894 folded on the Flop
Seat 1: ea05ec1b folded before Flop (didn't bet)
Seat 3: 84ac63ca folded before Flop (didn't bet)
Seat 4: 901bf4df folded before Flop (didn't bet)
Seat 6: Hero(big blind)won ($12) with Ace-High



Poker Hand #ring_977628981: NLH No Limit ($2/$4) - 2025/07/07 17:50:30
Table 'MR NLH 2/4' 7-max Seat #3 is the button
Seat 5: e8220cc6 ($800 in chips)
Seat 2: e9ec8989 ($830.45 in chips)
Seat 1: ea05ec1b ($951.51 in chips)
Seat 3: 84ac63ca ($376.95 in chips)
Seat 4: 901bf4df ($200 in chips)
Seat 6: Hero ($1,115.76 in chips)
901bf4df: posts small blind $2
e8220cc6: posts big blind $4
*** HOLE CARDS ***
Dealt to e8220cc6 
Dealt to e9ec8989 
Dealt to ea05ec1b 
Dealt to 84ac63ca 
Dealt to 901bf4df 
Dealt to Hero [Qh 9d]
Hero: folds
ea05ec1b: raises $6 to $10
e9ec8989: calls $10
84ac63ca: calls $10
901bf4df: folds
e8220cc6: folds
*** FLOP *** [9s 2h Qs]
ea05ec1b: bets $26.64
e9ec8989: folds
84ac63ca: calls $26.64
*** TURN *** [9s 2h Qs] [8h]
ea05ec1b: bets $66.07
84ac63ca: folds
Uncalled bet ($66.07) returned to ea05ec1b
*** SHOWDOWN ***
ea05ec1b collected $89.28 from pot
*** SUMMARY ***
Total pot $89.28
Board [9s 2h Qs 8h]
Seat 5: e8220cc6(big blind) folded before Flop
Seat 2: e9ec8989 folded on the Flop
Seat 1: ea05ec1bwon ($89.28) with Pair of Queens and Pair of Nines
Seat 3: 84ac63ca folded on the Turn
Seat 4: 901bf4df(small blind) folded before Flop
Seat 6: Hero folded before Flop (didn't bet)



Poker Hand #ring_977626851: NLH No Limit ($2/$4) - 2025/07/07 17:48:57
Table 'MR NLH 2/4' 7-max Seat #2 is the button
Seat 5: e8220cc6 ($1,303.49 in chips)
Seat 2: e9ec8989 ($830.45 in chips)
Seat 1: ea05ec1b ($951.51 in chips)
Seat 3: 84ac63ca ($378.95 in chips)
Seat 4: 901bf4df ($200 in chips)
Seat 6: Hero ($646.73 in chips)
84ac63ca: posts small blind $2
901bf4df: posts big blind $4
*** HOLE CARDS ***
Dealt to e8220cc6 
Dealt to e9ec8989 
Dealt to ea05ec1b 
Dealt to 84ac63ca 
Dealt to 901bf4df 
Dealt to Hero [Qh Kd]
e8220cc6: raises $8 to $12
Hero: raises $24 to $36
ea05ec1b: folds
e9ec8989: folds
84ac63ca: folds
901bf4df: folds
e8220cc6: calls $24
*** FLOP *** [Tc Jc Ad]
e8220cc6: checks
Hero: bets $39
e8220cc6: calls $39
*** TURN *** [Tc Jc Ad] [7d]
e8220cc6: checks
Hero: bets $124.8
e8220cc6: raises $133.84 to $258.64
Hero: raises $313.09 to $571.73 and is all-in
e8220cc6: calls $313.09
e8220cc6: shows [As Js]
Hero: shows [Qh Kd]
Hero: Chooses to EV Cashout
Pays Cashout Risk: $112.96
*** RIVER *** [Tc Jc Ad 7d] [8h]
Hero: EV Cashout ($1,115.76)
*** SHOWDOWN ***
Hero collected $1,299.46 from pot
*** SUMMARY ***
Total pot $1,299.46
Board [Tc Jc Ad 7d 8h]
Seat 5: e8220cc6 showed [As Js] and lost with Pair of Aces and Pair of Jacks
Seat 2: e9ec8989 folded before Flop (didn't bet)
Seat 1: ea05ec1b folded before Flop (didn't bet)
Seat 3: 84ac63ca(small blind) folded before Flop
Seat 4: 901bf4df(big blind) folded before Flop
Seat 6: Hero showed [Qh Kd] and won ($1,299.46) with Aces-High Straight



Poker Hand #ring_977625576: NLH No Limit ($2/$4) - 2025/07/07 17:48:01
Table 'MR NLH 2/4' 7-max Seat #1 is the button
Seat 5: e8220cc6 ($1,303.49 in chips)
Seat 2: e9ec8989 ($862.65 in chips)
Seat 1: ea05ec1b ($983.71 in chips)
Seat 3: 84ac63ca ($319.89 in chips)
Seat 6: Hero ($646.73 in chips)
e9ec8989: posts small blind $2
84ac63ca: posts big blind $4
*** HOLE CARDS ***
Dealt to e8220cc6 
Dealt to e9ec8989 
Dealt to ea05ec1b 
Dealt to 84ac63ca 
Dealt to Hero [Kc 5c]
e8220cc6: folds
Hero: folds
ea05ec1b: raises $6 to $10
e9ec8989: calls $8
84ac63ca: calls $6
*** FLOP *** [6h 7c 4s]
e9ec8989: checks
84ac63ca: checks
ea05ec1b: bets $22.2
e9ec8989: calls $22.2
84ac63ca: calls $22.2
*** TURN *** [6h 7c 4s] [3c]
e9ec8989: checks
84ac63ca: bets $96.6
ea05ec1b: folds
e9ec8989: folds
Uncalled bet ($96.6) returned to 84ac63ca
Hero: shows [Kc 5c]
*** SHOWDOWN ***
84ac63ca collected $96.6 from pot
*** SUMMARY ***
Total pot $96.6
Board [6h 7c 4s 3c]
Seat 5: e8220cc6 folded before Flop (didn't bet)
Seat 2: e9ec8989(small blind) folded on the Turn
Seat 1: ea05ec1b folded on the Turn
Seat 3: 84ac63ca(big blind)won ($96.6) with Ten-High
Seat 6: Hero folded before Flop (didn't bet)



Poker Hand #ring_977625012: NLH No Limit ($2/$4) - 2025/07/07 17:47:36
Table 'MR NLH 2/4' 7-max Seat #6 is the button
Seat 5: e8220cc6 ($1,303.49 in chips)
Seat 2: e9ec8989 ($860.65 in chips)
Seat 1: ea05ec1b ($985.71 in chips)
Seat 3: 84ac63ca ($319.89 in chips)
Seat 6: Hero ($646.73 in chips)
ea05ec1b: posts small blind $2
e9ec8989: posts big blind $4
*** HOLE CARDS ***
Dealt to e8220cc6 
Dealt to e9ec8989 
Dealt to ea05ec1b 
Dealt to 84ac63ca 
Dealt to Hero [8d Ts]
84ac63ca: folds
e8220cc6: folds
Hero: folds
ea05ec1b: folds
*** SHOWDOWN ***
e9ec8989 collected $6 from pot
*** SUMMARY ***
Total pot $6
Seat 5: e8220cc6 folded before Flop (didn't bet)
Seat 2: e9ec8989(big blind)won ($6)
Seat 1: ea05ec1b(small blind) folded before Flop
Seat 3: 84ac63ca folded before Flop (didn't bet)
Seat 6: Hero folded before Flop (didn't bet)



Poker Hand #ring_977623652: NLH No Limit ($2/$4) - 2025/07/07 17:46:35
Table 'MR NLH 2/4' 7-max Seat #5 is the button
Seat 5: e8220cc6 ($1,265.73 in chips)
Seat 2: e9ec8989 ($860.65 in chips)
Seat 1: ea05ec1b ($1,015.71 in chips)
Seat 3: 84ac63ca ($319.89 in chips)
Seat 6: Hero ($658.73 in chips)
Hero: posts small blind $2
ea05ec1b: posts big blind $4
*** HOLE CARDS ***
Dealt to e8220cc6 
Dealt to e9ec8989 
Dealt to ea05ec1b 
Dealt to 84ac63ca 
Dealt to Hero [Js Qh]
e9ec8989: folds
84ac63ca: folds
e8220cc6: raises $8 to $12
Hero: calls $10
ea05ec1b: calls $8
*** FLOP *** [8s 7d 5d]
Hero: checks
ea05ec1b: checks
e8220cc6: bets $18
Hero: folds
ea05ec1b: calls $18
*** TURN *** [8s 7d 5d] [4c]
ea05ec1b: checks
e8220cc6: bets $54
ea05ec1b: folds
Uncalled bet ($54) returned to e8220cc6
*** SHOWDOWN ***
e8220cc6 collected $72 from pot
*** SUMMARY ***
Total pot $72
Board [8s 7d 5d 4c]
Seat 5: e8220cc6won ($72) with Eights-High Straight
Seat 2: e9ec8989 folded before Flop (didn't bet)
Seat 1: ea05ec1b(big blind) folded on the Turn
Seat 3: 84ac63ca folded before Flop (didn't bet)
Seat 6: Hero(small blind) folded on the Flop



Poker Hand #ring_977622063: NLH No Limit ($2/$4) - 2025/07/07 17:45:27
Table 'MR NLH 2/4' 7-max Seat #4 is the button
Seat 5: e8220cc6 ($1,231.97 in chips)
Seat 2: e9ec8989 ($860.65 in chips)
Seat 7: feb35894 ($301.27 in chips)
Seat 1: ea05ec1b ($1,015.71 in chips)
Seat 3: 84ac63ca ($353.89 in chips)
Seat 4: b376bb60 ($984.54 in chips)
Seat 6: Hero ($662.73 in chips)
e8220cc6: posts small blind $2
Hero: posts big blind $4
*** HOLE CARDS ***
Dealt to e8220cc6 
Dealt to e9ec8989 
Dealt to feb35894 
Dealt to ea05ec1b 
Dealt to 84ac63ca 
Dealt to b376bb60 
Dealt to Hero [7c Ad]
feb35894: folds
ea05ec1b: folds
e9ec8989: folds
84ac63ca: calls $4
b376bb60: folds
e8220cc6: raises $12 to $16
Hero: folds
84ac63ca: calls $12
*** FLOP *** [3d 5d Ks]
e8220cc6: bets $18
84ac63ca: calls $18
*** TURN *** [3d 5d Ks] [Ah]
e8220cc6: bets $54
84ac63ca: folds
Uncalled bet ($54) returned to e8220cc6
*** SHOWDOWN ***
e8220cc6 collected $72 from pot
*** SUMMARY ***
Total pot $72
Board [3d 5d Ks Ah]
Seat 5: e8220cc6(small blind)won ($72) with Ace-High
Seat 2: e9ec8989 folded before Flop (didn't bet)
Seat 7: feb35894 folded before Flop (didn't bet)
Seat 1: ea05ec1b folded before Flop (didn't bet)
Seat 3: 84ac63ca folded on the Turn
Seat 4: b376bb60 folded before Flop (didn't bet)
Seat 6: Hero(big blind) folded before Flop



Poker Hand #ring_977620829: NLH No Limit ($2/$4) - 2025/07/07 17:44:35
Table 'MR NLH 2/4' 7-max Seat #3 is the button
Seat 5: e8220cc6 ($1,222.6 in chips)
Seat 2: e9ec8989 ($860.65 in chips)
Seat 7: feb35894 ($305.27 in chips)
Seat 1: ea05ec1b ($1,015.71 in chips)
Seat 3: 84ac63ca ($357.89 in chips)
Seat 4: b376bb60 ($986.54 in chips)
Seat 6: Hero ($662.73 in chips)
b376bb60: posts small blind $2
e8220cc6: posts big blind $4
*** HOLE CARDS ***
Dealt to e8220cc6 
Dealt to e9ec8989 
Dealt to feb35894 
Dealt to ea05ec1b 
Dealt to 84ac63ca 
Dealt to b376bb60 
Dealt to Hero [8d 3s]
Hero: folds
feb35894: calls $4
ea05ec1b: folds
e9ec8989: folds
84ac63ca: calls $4
b376bb60: folds
e8220cc6: checks
*** FLOP *** [Jc 9s 8h]
e8220cc6: checks
feb35894: checks
84ac63ca: checks
*** TURN *** [Jc 9s 8h] [8s]
e8220cc6: bets $10.5
feb35894: folds
84ac63ca: folds
Uncalled bet ($10.5) returned to e8220cc6
*** SHOWDOWN ***
e8220cc6 collected $14 from pot
*** SUMMARY ***
Total pot $14
Board [Jc 9s 8h 8s]
Seat 5: e8220cc6(big blind)won ($14) with Three Eights
Seat 2: e9ec8989 folded before Flop (didn't bet)
Seat 7: feb35894 folded on the Turn
Seat 1: ea05ec1b folded before Flop (didn't bet)
Seat 3: 84ac63ca folded on the Turn
Seat 4: b376bb60(small blind) folded before Flop
Seat 6: Hero folded before Flop (didn't bet)



Poker Hand #ring_977619328: NLH No Limit ($2/$4) - 2025/07/07 17:43:28
Table 'MR NLH 2/4' 7-max Seat #2 is the button
Seat 5: e8220cc6 ($1,222.6 in chips)
Seat 2: e9ec8989 ($864.65 in chips)
Seat 7: feb35894 ($309.27 in chips)
Seat 1: ea05ec1b ($1,015.71 in chips)
Seat 3: 84ac63ca ($346.61 in chips)
Seat 4: b376bb60 ($990.54 in chips)
Seat 6: Hero ($662.73 in chips)
84ac63ca: posts small blind $2
b376bb60: posts big blind $4
*** HOLE CARDS ***
Dealt to e8220cc6 
Dealt to e9ec8989 
Dealt to feb35894 
Dealt to ea05ec1b 
Dealt to 84ac63ca 
Dealt to b376bb60 
Dealt to Hero [9h 3s]
e8220cc6: folds
Hero: folds
feb35894: calls $4
ea05ec1b: folds
e9ec8989: calls $4
84ac63ca: calls $2
b376bb60: checks
*** FLOP *** [9s 4h 9c]
84ac63ca: checks
b376bb60: checks
feb35894: checks
e9ec8989: checks
*** TURN *** [9s 4h 9c] [Jh]
84ac63ca: bets $5.28
b376bb60: folds
feb35894: folds
e9ec8989: folds
Uncalled bet ($5.28) returned to 84ac63ca
*** SHOWDOWN ***
84ac63ca collected $16 from pot
*** SUMMARY ***
Total pot $16
Board [9s 4h 9c Jh]
Seat 5: e8220cc6 folded before Flop (didn't bet)
Seat 2: e9ec8989 folded on the Turn
Seat 7: feb35894 folded on the Turn
Seat 1: ea05ec1b folded before Flop (didn't bet)
Seat 3: 84ac63ca(small blind)won ($16) with Pair of Jacks and Pair of Nines
Seat 4: b376bb60(big blind) folded on the Turn
Seat 6: Hero folded before Flop (didn't bet)



Poker Hand #ring_977618781: NLH No Limit ($2/$4) - 2025/07/07 17:43:05
Table 'MR NLH 2/4' 7-max Seat #1 is the button
Seat 5: e8220cc6 ($1,222.6 in chips)
Seat 2: e9ec8989 ($866.65 in chips)
Seat 7: feb35894 ($309.27 in chips)
Seat 1: ea05ec1b ($1,015.71 in chips)
Seat 3: 84ac63ca ($350.61 in chips)
Seat 4: b376bb60 ($984.54 in chips)
Seat 6: Hero ($662.73 in chips)
e9ec8989: posts small blind $2
84ac63ca: posts big blind $4
*** HOLE CARDS ***
Dealt to e8220cc6 
Dealt to e9ec8989 
Dealt to feb35894 
Dealt to ea05ec1b 
Dealt to 84ac63ca 
Dealt to b376bb60 
Dealt to Hero [2c Qc]
b376bb60: raises $6 to $10
e8220cc6: folds
Hero: folds
feb35894: folds
ea05ec1b: folds
e9ec8989: folds
84ac63ca: folds
Uncalled bet ($6) returned to b376bb60
*** SHOWDOWN ***
b376bb60 collected $10 from pot
*** SUMMARY ***
Total pot $10
Seat 5: e8220cc6 folded before Flop (didn't bet)
Seat 2: e9ec8989(small blind) folded before Flop
Seat 7: feb35894 folded before Flop (didn't bet)
Seat 1: ea05ec1b folded before Flop (didn't bet)
Seat 3: 84ac63ca(big blind) folded before Flop
Seat 4: b376bb60won ($10)
Seat 6: Hero folded before Flop (didn't bet)



Poker Hand #ring_977617311: NLH No Limit ($2/$4) - 2025/07/07 17:42:02
Table 'MR NLH 2/4' 7-max Seat #7 is the button
Seat 5: e8220cc6 ($1,222.6 in chips)
Seat 2: e9ec8989 ($870.65 in chips)
Seat 7: feb35894 ($309.27 in chips)
Seat 1: ea05ec1b ($1,031.71 in chips)
Seat 3: 84ac63ca ($332.23 in chips)
Seat 4: b376bb60 ($984.54 in chips)
Seat 6: Hero ($662.73 in chips)
ea05ec1b: posts small blind $2
e9ec8989: posts big blind $4
*** HOLE CARDS ***
Dealt to e8220cc6 
Dealt to e9ec8989 
Dealt to feb35894 
Dealt to ea05ec1b 
Dealt to 84ac63ca 
Dealt to b376bb60 
Dealt to Hero [4h 7h]
84ac63ca: calls $4
b376bb60: folds
e8220cc6: folds
Hero: folds
feb35894: folds
ea05ec1b: calls $2
e9ec8989: checks
*** FLOP *** [9d 4c 5h]
ea05ec1b: checks
e9ec8989: checks
84ac63ca: checks
*** TURN *** [9d 4c 5h] [Td]
ea05ec1b: bets $12
e9ec8989: folds
84ac63ca: calls $12
*** RIVER *** [9d 4c 5h Td] [6d]
ea05ec1b: checks
84ac63ca: bets $99
ea05ec1b: folds
Uncalled bet ($99) returned to 84ac63ca
*** SHOWDOWN ***
84ac63ca collected $36 from pot
*** SUMMARY ***
Total pot $36
Board [9d 4c 5h Td 6d]
Seat 5: e8220cc6 folded before Flop (didn't bet)
Seat 2: e9ec8989(big blind) folded on the Turn
Seat 7: feb35894 folded before Flop (didn't bet)
Seat 1: ea05ec1b(small blind) folded on the River
Seat 3: 84ac63cawon ($36) with Ace-High
Seat 4: b376bb60 folded before Flop (didn't bet)
Seat 6: Hero folded before Flop (didn't bet)



Poker Hand #ring_977614973: NLH No Limit ($2/$4) - 2025/07/07 17:40:22
Table 'MR NLH 2/4' 7-max Seat #6 is the button
Seat 5: e8220cc6 ($1,222.6 in chips)
Seat 2: e9ec8989 ($874.65 in chips)
Seat 7: feb35894 ($329.27 in chips)
Seat 1: ea05ec1b ($1,102.91 in chips)
Seat 3: 84ac63ca ($332.23 in chips)
Seat 4: b376bb60 ($984.54 in chips)
Seat 6: Hero ($576.01 in chips)
feb35894: posts small blind $2
ea05ec1b: posts big blind $4
*** HOLE CARDS ***
Dealt to e8220cc6 
Dealt to e9ec8989 
Dealt to feb35894 
Dealt to ea05ec1b 
Dealt to 84ac63ca 
Dealt to b376bb60 
Dealt to Hero [6d Qd]
e9ec8989: calls $4
84ac63ca: folds
b376bb60: folds
e8220cc6: folds
Hero: calls $4
feb35894: raises $16 to $20
ea05ec1b: calls $16
e9ec8989: folds
Hero: calls $16
*** FLOP *** [6h Td Jd]
feb35894: checks
ea05ec1b: checks
Hero: bets $51.2
feb35894: folds
ea05ec1b: calls $51.2
*** TURN *** [6h Td Jd] [2h]
ea05ec1b: checks
Hero: checks
*** RIVER *** [6h Td Jd 2h] [7h]
ea05ec1b: checks
Hero: checks
ea05ec1b: shows [As Qs]
Hero: shows [6d Qd]
*** SHOWDOWN ***
Hero collected $166.4 from pot
*** SUMMARY ***
Total pot $166.4
Board [6h Td Jd 2h 7h]
Seat 5: e8220cc6 folded before Flop (didn't bet)
Seat 2: e9ec8989 folded before Flop
Seat 7: feb35894(small blind) folded on the Flop
Seat 1: ea05ec1b(big blind) showed [As Qs] and lost with Ace-High
Seat 3: 84ac63ca folded before Flop (didn't bet)
Seat 4: b376bb60 folded before Flop (didn't bet)
Seat 6: Hero showed [6d Qd] and won ($166.4) with Pair of Sixes



Poker Hand #ring_977613609: NLH No Limit ($2/$4) - 2025/07/07 17:39:22
Table 'MR NLH 2/4' 7-max Seat #5 is the button
Seat 5: e8220cc6 ($1,258.6 in chips)
Seat 2: e9ec8989 ($874.65 in chips)
Seat 7: feb35894 ($333.27 in chips)
Seat 1: ea05ec1b ($1,102.91 in chips)
Seat 3: 84ac63ca ($332.23 in chips)
Seat 4: b376bb60 ($908.54 in chips)
Seat 6: Hero ($612.01 in chips)
Hero: posts small blind $2
feb35894: posts big blind $4
*** HOLE CARDS ***
Dealt to e8220cc6 
Dealt to e9ec8989 
Dealt to feb35894 
Dealt to ea05ec1b 
Dealt to 84ac63ca 
Dealt to b376bb60 
Dealt to Hero [9c 9d]
ea05ec1b: folds
e9ec8989: folds
84ac63ca: folds
b376bb60: raises $6 to $10
e8220cc6: raises $26 to $36
Hero: calls $34
feb35894: folds
b376bb60: raises $108 to $144
e8220cc6: folds
Hero: folds
Uncalled bet ($108) returned to b376bb60
*** SHOWDOWN ***
b376bb60 collected $112 from pot
*** SUMMARY ***
Total pot $112
Seat 5: e8220cc6 folded before Flop
Seat 2: e9ec8989 folded before Flop (didn't bet)
Seat 7: feb35894(big blind) folded before Flop
Seat 1: ea05ec1b folded before Flop (didn't bet)
Seat 3: 84ac63ca folded before Flop (didn't bet)
Seat 4: b376bb60won ($112)
Seat 6: Hero(small blind) folded before Flop



Poker Hand #ring_977612488: NLH No Limit ($2/$4) - 2025/07/07 17:38:33
Table 'MR NLH 2/4' 7-max Seat #4 is the button
Seat 5: e8220cc6 ($1,256.54 in chips)
Seat 2: e9ec8989 ($872.59 in chips)
Seat 7: feb35894 ($333.27 in chips)
Seat 1: ea05ec1b ($1,102.91 in chips)
Seat 3: 84ac63ca ($336.23 in chips)
Seat 4: b376bb60 ($908.54 in chips)
Seat 6: Hero ($616.01 in chips)
e8220cc6: posts small blind $2
Hero: posts big blind $4
*** HOLE CARDS ***
Dealt to e8220cc6 
Dealt to e9ec8989 
Dealt to feb35894 
Dealt to ea05ec1b 
Dealt to 84ac63ca 
Dealt to b376bb60 
Dealt to Hero [4s 2c]
feb35894: folds
ea05ec1b: folds
e9ec8989: calls $4
84ac63ca: calls $4
b376bb60: folds
e8220cc6: calls $2
Hero: checks
*** FLOP *** [Jh 9h Qc]
e8220cc6: checks
Hero: checks
e9ec8989: checks
84ac63ca: checks
*** TURN *** [Jh 9h Qc] [Kd]
e8220cc6: bets $8
Hero: folds
e9ec8989: calls $8
84ac63ca: folds
*** RIVER *** [Jh 9h Qc Kd] [Qh]
e8220cc6: bets $16
e9ec8989: calls $16
e9ec8989: shows [Qd Tc]
e8220cc6: shows [2s Ts]
*** SHOWDOWN ***
e9ec8989 collected $32 from pot
e8220cc6 collected $32 from pot
*** SUMMARY ***
Total pot $64
Board [Jh 9h Qc Kd Qh]
Seat 5: e8220cc6(small blind) showed [2s Ts] and won ($32) with Kings-High Straight
Seat 2: e9ec8989 showed [Qd Tc] and won ($32) with Kings-High Straight
Seat 7: feb35894 folded before Flop (didn't bet)
Seat 1: ea05ec1b folded before Flop (didn't bet)
Seat 3: 84ac63ca folded on the Turn
Seat 4: b376bb60 folded before Flop (didn't bet)
Seat 6: Hero(big blind) folded on the Turn



Poker Hand #ring_977610472: NLH No Limit ($2/$4) - 2025/07/07 17:37:02
Table 'MR NLH 2/4' 7-max Seat #3 is the button
Seat 5: e8220cc6 ($1,260.54 in chips)
Seat 2: e9ec8989 ($872.59 in chips)
Seat 7: feb35894 ($442.05 in chips)
Seat 1: ea05ec1b ($798 in chips)
Seat 3: 84ac63ca ($336.23 in chips)
Seat 4: b376bb60 ($1,126.34 in chips)
Seat 6: Hero ($616.01 in chips)
b376bb60: posts small blind $2
e8220cc6: posts big blind $4
*** HOLE CARDS ***
Dealt to e8220cc6 
Dealt to e9ec8989 
Dealt to feb35894 
Dealt to ea05ec1b 
Dealt to 84ac63ca 
Dealt to b376bb60 
Dealt to Hero [Qc 3s]
Hero: folds
feb35894: raises $12 to $16
ea05ec1b: raises $38 to $54
e9ec8989: folds
84ac63ca: folds
b376bb60: calls $52
e8220cc6: folds
feb35894: calls $38
*** FLOP *** [7d Tc Qd]
b376bb60: bets $54.78
feb35894: calls $54.78
ea05ec1b: calls $54.78
*** TURN *** [7d Tc Qd] [Td]
b376bb60: checks
feb35894: checks
ea05ec1b: checks
*** RIVER *** [7d Tc Qd Td] [6d]
b376bb60: bets $109.02
feb35894: folds
ea05ec1b: calls $109.02
ea05ec1b: shows [Kc Ad]
b376bb60: shows [Ah Kd]
*** SHOWDOWN ***
ea05ec1b collected $548.38 from pot
*** SUMMARY ***
Total pot $548.38
Board [7d Tc Qd Td 6d]
Seat 5: e8220cc6(big blind) folded before Flop
Seat 2: e9ec8989 folded before Flop (didn't bet)
Seat 7: feb35894 folded on the River
Seat 1: ea05ec1b showed [Kc Ad] and won ($548.38) with Ace High Flush
Seat 3: 84ac63ca folded before Flop (didn't bet)
Seat 4: b376bb60(small blind) showed [Ah Kd] and lost with King High Flush
Seat 6: Hero folded before Flop (didn't bet)



Poker Hand #ring_977609680: NLH No Limit ($2/$4) - 2025/07/07 17:36:28
Table 'MR NLH 2/4' 7-max Seat #2 is the button
Seat 5: e8220cc6 ($1,260.54 in chips)
Seat 2: e9ec8989 ($872.59 in chips)
Seat 7: feb35894 ($442.05 in chips)
Seat 1: ea05ec1b ($798 in chips)
Seat 3: 84ac63ca ($326.76 in chips)
Seat 4: b376bb60 ($1,136.74 in chips)
Seat 6: Hero ($616.01 in chips)
84ac63ca: posts small blind $2
b376bb60: posts big blind $4
*** HOLE CARDS ***
Dealt to e8220cc6 
Dealt to e9ec8989 
Dealt to feb35894 
Dealt to ea05ec1b 
Dealt to 84ac63ca 
Dealt to b376bb60 
Dealt to Hero [6h Ac]
e8220cc6: folds
Hero: folds
feb35894: folds
ea05ec1b: folds
e9ec8989: folds
84ac63ca: calls $2
b376bb60: checks
*** FLOP *** [6d Qc Js]
84ac63ca: checks
b376bb60: checks
*** TURN *** [6d Qc Js] [Ah]
84ac63ca: checks
b376bb60: bets $6.4
84ac63ca: calls $6.4
*** RIVER *** [6d Qc Js Ah] [Tc]
84ac63ca: checks
b376bb60: checks
84ac63ca: shows [Jc 5d]
b376bb60: shows [2s Td]
*** SHOWDOWN ***
84ac63ca collected $20.8 from pot
*** SUMMARY ***
Total pot $20.8
Board [6d Qc Js Ah Tc]
Seat 5: e8220cc6 folded before Flop (didn't bet)
Seat 2: e9ec8989 folded before Flop (didn't bet)
Seat 7: feb35894 folded before Flop (didn't bet)
Seat 1: ea05ec1b folded before Flop (didn't bet)
Seat 3: 84ac63ca(small blind) showed [Jc 5d] and won ($20.8) with Pair of Jacks
Seat 4: b376bb60(big blind) showed [2s Td] and lost with Pair of Tens
Seat 6: Hero folded before Flop (didn't bet)



Poker Hand #ring_977609193: NLH No Limit ($2/$4) - 2025/07/07 17:36:07
Table 'MR NLH 2/4' 7-max Seat #1 is the button
Seat 5: e8220cc6 ($1,260.54 in chips)
Seat 2: e9ec8989 ($874.59 in chips)
Seat 7: feb35894 ($442.05 in chips)
Seat 1: ea05ec1b ($798 in chips)
Seat 3: 84ac63ca ($324.76 in chips)
Seat 4: b376bb60 ($1,136.74 in chips)
Seat 6: Hero ($616.01 in chips)
e9ec8989: posts small blind $2
84ac63ca: posts big blind $4
*** HOLE CARDS ***
Dealt to e8220cc6 
Dealt to e9ec8989 
Dealt to feb35894 
Dealt to ea05ec1b 
Dealt to 84ac63ca 
Dealt to b376bb60 
Dealt to Hero [2h 9s]
b376bb60: folds
e8220cc6: folds
Hero: folds
feb35894: folds
ea05ec1b: folds
e9ec8989: folds
*** SHOWDOWN ***
84ac63ca collected $6 from pot
*** SUMMARY ***
Total pot $6
Seat 5: e8220cc6 folded before Flop (didn't bet)
Seat 2: e9ec8989(small blind) folded before Flop
Seat 7: feb35894 folded before Flop (didn't bet)
Seat 1: ea05ec1b folded before Flop (didn't bet)
Seat 3: 84ac63ca(big blind)won ($6)
Seat 4: b376bb60 folded before Flop (didn't bet)
Seat 6: Hero folded before Flop (didn't bet)



Poker Hand #ring_977607951: NLH No Limit ($2/$4) - 2025/07/07 17:35:14
Table 'MR NLH 2/4' 7-max Seat #7 is the button
Seat 5: e8220cc6 ($1,260.54 in chips)
Seat 2: e9ec8989 ($878.59 in chips)
Seat 7: feb35894 ($452.05 in chips)
Seat 1: ea05ec1b ($800 in chips)
Seat 3: 84ac63ca ($324.76 in chips)
Seat 4: b376bb60 ($1,121.91 in chips)
Seat 6: Hero ($616.01 in chips)
ea05ec1b: posts small blind $2
e9ec8989: posts big blind $4
*** HOLE CARDS ***
Dealt to e8220cc6 
Dealt to e9ec8989 
Dealt to feb35894 
Dealt to ea05ec1b 
Dealt to 84ac63ca 
Dealt to b376bb60 
Dealt to Hero [4d As]
84ac63ca: folds
b376bb60: raises $6 to $10
e8220cc6: folds
Hero: folds
feb35894: calls $10
ea05ec1b: folds
e9ec8989: folds
*** FLOP *** [6c 2c Qd]
b376bb60: bets $8.58
feb35894: folds
Uncalled bet ($8.58) returned to b376bb60
*** SHOWDOWN ***
b376bb60 collected $26 from pot
*** SUMMARY ***
Total pot $26
Board [6c 2c Qd]
Seat 5: e8220cc6 folded before Flop (didn't bet)
Seat 2: e9ec8989(big blind) folded before Flop
Seat 7: feb35894 folded on the Flop
Seat 1: ea05ec1b(small blind) folded before Flop
Seat 3: 84ac63ca folded before Flop (didn't bet)
Seat 4: b376bb60won ($26) with Pair of Queens
Seat 6: Hero folded before Flop (didn't bet)



Poker Hand #ring_977606825: NLH No Limit ($2/$4) - 2025/07/07 17:34:26
Table 'MR NLH 2/4' 7-max Seat #6 is the button
Seat 5: e8220cc6 ($1,245.8 in chips)
Seat 2: e9ec8989 ($878.59 in chips)
Seat 7: feb35894 ($464.05 in chips)
Seat 1: ea05ec1b ($800 in chips)
Seat 3: 84ac63ca ($324.76 in chips)
Seat 4: b376bb60 ($1,121.91 in chips)
Seat 6: Hero ($616.01 in chips)
feb35894: posts small blind $2
ea05ec1b: posts big blind $4
*** HOLE CARDS ***
Dealt to e8220cc6 
Dealt to e9ec8989 
Dealt to feb35894 
Dealt to ea05ec1b 
Dealt to 84ac63ca 
Dealt to b376bb60 
Dealt to Hero [9c 7s]
e9ec8989: folds
84ac63ca: folds
b376bb60: folds
e8220cc6: raises $8 to $12
Hero: folds
feb35894: calls $10
ea05ec1b: folds
*** FLOP *** [7c 4d 8d]
feb35894: checks
e8220cc6: bets $14
feb35894: folds
Uncalled bet ($14) returned to e8220cc6
*** SHOWDOWN ***
e8220cc6 collected $28 from pot
*** SUMMARY ***
Total pot $28
Board [7c 4d 8d]
Seat 5: e8220cc6won ($28) with Ace-High
Seat 2: e9ec8989 folded before Flop (didn't bet)
Seat 7: feb35894(small blind) folded on the Flop
Seat 1: ea05ec1b(big blind) folded before Flop
Seat 3: 84ac63ca folded before Flop (didn't bet)
Seat 4: b376bb60 folded before Flop (didn't bet)
Seat 6: Hero folded before Flop (didn't bet)



Poker Hand #ring_977605492: NLH No Limit ($2/$4) - 2025/07/07 17:33:27
Table 'MR NLH 2/4' 7-max Seat #5 is the button
Seat 5: e8220cc6 ($1,245.8 in chips)
Seat 2: e9ec8989 ($882.59 in chips)
Seat 7: feb35894 ($452.62 in chips)
Seat 1: ea05ec1b ($800 in chips)
Seat 3: 84ac63ca ($324.76 in chips)
Seat 4: b376bb60 ($1,121.91 in chips)
Seat 6: Hero ($624.37 in chips)
Hero: posts small blind $2
feb35894: posts big blind $4
*** HOLE CARDS ***
Dealt to e8220cc6 
Dealt to e9ec8989 
Dealt to feb35894 
Dealt to ea05ec1b 
Dealt to 84ac63ca 
Dealt to b376bb60 
Dealt to Hero [6h 2h]
ea05ec1b: folds
e9ec8989: calls $4
84ac63ca: folds
b376bb60: folds
e8220cc6: folds
Hero: calls $2
feb35894: checks
*** FLOP *** [3c Ac Jh]
Hero: bets $4.36
feb35894: calls $4.36
e9ec8989: folds
*** TURN *** [3c Ac Jh] [3s]
Hero: checks
feb35894: bets $16
Hero: folds
Uncalled bet ($16) returned to feb35894
*** SHOWDOWN ***
feb35894 collected $20.72 from pot
*** SUMMARY ***
Total pot $20.72
Board [3c Ac Jh 3s]
Seat 5: e8220cc6 folded before Flop (didn't bet)
Seat 2: e9ec8989 folded on the Flop
Seat 7: feb35894(big blind)won ($20.72) with Pair of Aces and Pair of Treys
Seat 1: ea05ec1b folded before Flop (didn't bet)
Seat 3: 84ac63ca folded before Flop (didn't bet)
Seat 4: b376bb60 folded before Flop (didn't bet)
Seat 6: Hero(small blind) folded on the Turn



Poker Hand #ring_977604807: NLH No Limit ($2/$4) - 2025/07/07 17:32:58
Table 'MR NLH 2/4' 7-max Seat #4 is the button
Seat 5: e8220cc6 ($1,247.8 in chips)
Seat 2: e9ec8989 ($882.59 in chips)
Seat 7: feb35894 ($452.62 in chips)
Seat 1: ea05ec1b ($800 in chips)
Seat 3: 84ac63ca ($318.76 in chips)
Seat 4: b376bb60 ($1,121.91 in chips)
Seat 6: Hero ($628.37 in chips)
e8220cc6: posts small blind $2
Hero: posts big blind $4
*** HOLE CARDS ***
Dealt to e8220cc6 
Dealt to e9ec8989 
Dealt to feb35894 
Dealt to ea05ec1b 
Dealt to 84ac63ca 
Dealt to b376bb60 
Dealt to Hero [6d 7c]
feb35894: folds
ea05ec1b: folds
e9ec8989: folds
84ac63ca: raises $12 to $16
b376bb60: folds
e8220cc6: folds
Hero: folds
Uncalled bet ($12) returned to 84ac63ca
*** SHOWDOWN ***
84ac63ca collected $10 from pot
*** SUMMARY ***
Total pot $10
Seat 5: e8220cc6(small blind) folded before Flop
Seat 2: e9ec8989 folded before Flop (didn't bet)
Seat 7: feb35894 folded before Flop (didn't bet)
Seat 1: ea05ec1b folded before Flop (didn't bet)
Seat 3: 84ac63cawon ($10)
Seat 4: b376bb60 folded before Flop (didn't bet)
Seat 6: Hero(big blind) folded before Flop



Poker Hand #ring_977603973: NLH No Limit ($2/$4) - 2025/07/07 17:32:22
Table 'MR NLH 2/4' 7-max Seat #3 is the button
Seat 5: e8220cc6 ($1,251.8 in chips)
Seat 2: e9ec8989 ($882.59 in chips)
Seat 7: feb35894 ($452.62 in chips)
Seat 1: ea05ec1b ($800 in chips)
Seat 3: 84ac63ca ($313.21 in chips)
Seat 4: b376bb60 ($1,123.91 in chips)
Seat 6: Hero ($628.37 in chips)
b376bb60: posts small blind $2
e8220cc6: posts big blind $4
*** HOLE CARDS ***
Dealt to e8220cc6 
Dealt to e9ec8989 
Dealt to feb35894 
Dealt to ea05ec1b 
Dealt to 84ac63ca 
Dealt to b376bb60 
Dealt to Hero [6d 2s]
Hero: folds
feb35894: folds
ea05ec1b: folds
e9ec8989: folds
84ac63ca: calls $4
b376bb60: folds
e8220cc6: checks
*** FLOP *** [Qd Ah 2d]
e8220cc6: checks
84ac63ca: bets $7.5
e8220cc6: folds
Uncalled bet ($7.5) returned to 84ac63ca
*** SHOWDOWN ***
84ac63ca collected $10 from pot
*** SUMMARY ***
Total pot $10
Board [Qd Ah 2d]
Seat 5: e8220cc6(big blind) folded on the Flop
Seat 2: e9ec8989 folded before Flop (didn't bet)
Seat 7: feb35894 folded before Flop (didn't bet)
Seat 1: ea05ec1b folded before Flop (didn't bet)
Seat 3: 84ac63cawon ($10) with Ace-High
Seat 4: b376bb60(small blind) folded before Flop
Seat 6: Hero folded before Flop (didn't bet)



Poker Hand #ring_977602887: NLH No Limit ($2/$4) - 2025/07/07 17:31:36
Table 'MR NLH 2/4' 7-max Seat #2 is the button
Seat 5: e8220cc6 ($1,251.8 in chips)
Seat 2: e9ec8989 ($882.59 in chips)
Seat 7: feb35894 ($452.62 in chips)
Seat 1: ea05ec1b ($798 in chips)
Seat 3: 84ac63ca ($228.57 in chips)
Seat 4: b376bb60 ($1,135.91 in chips)
Seat 6: Hero ($604.08 in chips)
84ac63ca: posts small blind $2
b376bb60: posts big blind $4
*** HOLE CARDS ***
Dealt to e8220cc6 
Dealt to e9ec8989 
Dealt to feb35894 
Dealt to ea05ec1b 
Dealt to 84ac63ca 
Dealt to b376bb60 
Dealt to Hero [Jc Ac]
e8220cc6: folds
Hero: raises $8 to $12
feb35894: folds
ea05ec1b: calls $12
e9ec8989: folds
84ac63ca: folds
b376bb60: calls $8
*** FLOP *** [3d Qd 9d]
b376bb60: checks
Hero: bets $11.4
ea05ec1b: folds
b376bb60: folds
Uncalled bet ($11.4) returned to Hero
*** SHOWDOWN ***
Hero collected $38 from pot
*** SUMMARY ***
Total pot $38
Board [3d Qd 9d]
Seat 5: e8220cc6 folded before Flop (didn't bet)
Seat 2: e9ec8989 folded before Flop (didn't bet)
Seat 7: feb35894 folded before Flop (didn't bet)
Seat 1: ea05ec1b folded on the Flop
Seat 3: 84ac63ca(small blind) folded before Flop
Seat 4: b376bb60(big blind) folded on the Flop
Seat 6: Herowon ($38) with Ace-High



Poker Hand #ring_977602146: NLH No Limit ($2/$4) - 2025/07/07 17:31:04
Table 'MR NLH 2/4' 7-max Seat #1 is the button
Seat 5: e8220cc6 ($1,251.8 in chips)
Seat 2: e9ec8989 ($886.59 in chips)
Seat 7: feb35894 ($452.62 in chips)
Seat 1: ea05ec1b ($798 in chips)
Seat 3: 84ac63ca ($224.93 in chips)
Seat 4: b376bb60 ($1,135.91 in chips)
Seat 6: Hero ($604.08 in chips)
e9ec8989: posts small blind $2
84ac63ca: posts big blind $4
*** HOLE CARDS ***
Dealt to e8220cc6 
Dealt to e9ec8989 
Dealt to feb35894 
Dealt to ea05ec1b 
Dealt to 84ac63ca 
Dealt to b376bb60 
Dealt to Hero [4s 7s]
b376bb60: folds
e8220cc6: folds
Hero: folds
feb35894: folds
ea05ec1b: folds
e9ec8989: calls $2
84ac63ca: checks
*** FLOP *** [Qc Qs 6d]
e9ec8989: checks
84ac63ca: bets $8
e9ec8989: folds
Uncalled bet ($8) returned to 84ac63ca
*** SHOWDOWN ***
84ac63ca collected $8 from pot
*** SUMMARY ***
Total pot $8
Board [Qc Qs 6d]
Seat 5: e8220cc6 folded before Flop (didn't bet)
Seat 2: e9ec8989(small blind) folded on the Flop
Seat 7: feb35894 folded before Flop (didn't bet)
Seat 1: ea05ec1b folded before Flop (didn't bet)
Seat 3: 84ac63ca(big blind)won ($8) with Pair of Queens and Pair of Sixes
Seat 4: b376bb60 folded before Flop (didn't bet)
Seat 6: Hero folded before Flop (didn't bet)



Poker Hand #ring_977601251: NLH No Limit ($2/$4) - 2025/07/07 17:30:25
Table 'MR NLH 2/4' 7-max Seat #7 is the button
Seat 5: e8220cc6 ($1,269.8 in chips)
Seat 2: e9ec8989 ($890.59 in chips)
Seat 7: feb35894 ($456.62 in chips)
Seat 1: ea05ec1b ($800 in chips)
Seat 3: 84ac63ca ($200 in chips)
Seat 4: b376bb60 ($1,135.91 in chips)
Seat 6: Hero ($604.08 in chips)
ea05ec1b: posts small blind $2
e9ec8989: posts big blind $4
84ac63ca: posts big blind $4
feb35894: posts big blind $4
*** HOLE CARDS ***
Dealt to e8220cc6 
Dealt to e9ec8989 
Dealt to feb35894 
Dealt to ea05ec1b 
Dealt to 84ac63ca 
Dealt to b376bb60 
Dealt to Hero [2s Kd]
84ac63ca: raises $14 to $18
b376bb60: folds
e8220cc6: calls $18
Hero: folds
feb35894: folds
ea05ec1b: folds
e9ec8989: folds
*** FLOP *** [2c Ad Qs]
84ac63ca: bets $23
e8220cc6: folds
Uncalled bet ($23) returned to 84ac63ca
*** SHOWDOWN ***
84ac63ca collected $46 from pot
*** SUMMARY ***
Total pot $46
Board [2c Ad Qs]
Seat 5: e8220cc6 folded on the Flop
Seat 2: e9ec8989(big blind) folded before Flop
Seat 7: feb35894 folded before Flop
Seat 1: ea05ec1b(small blind) folded before Flop
Seat 3: 84ac63cawon ($46) with Ace-High
Seat 4: b376bb60 folded before Flop (didn't bet)
Seat 6: Hero folded before Flop (didn't bet)



Poker Hand #ring_977600009: NLH No Limit ($2/$4) - 2025/07/07 17:29:32
Table 'MR NLH 2/4' 7-max Seat #6 is the button
Seat 5: e8220cc6 ($1,269.8 in chips)
Seat 2: e9ec8989 ($906.59 in chips)
Seat 1: ea05ec1b ($800 in chips)
Seat 4: b376bb60 ($1,135.91 in chips)
Seat 6: Hero ($575.24 in chips)
ea05ec1b: posts big blind $4
*** HOLE CARDS ***
Dealt to e8220cc6 
Dealt to e9ec8989 
Dealt to ea05ec1b 
Dealt to b376bb60 
Dealt to Hero [Ac Qc]
e9ec8989: calls $4
b376bb60: folds
e8220cc6: folds
Hero: raises $12 to $16
ea05ec1b: calls $12
e9ec8989: calls $12
*** FLOP *** [Qs Ah 8d]
ea05ec1b: checks
e9ec8989: checks
Hero: bets $24
ea05ec1b: folds
e9ec8989: folds
Uncalled bet ($24) returned to Hero
*** SHOWDOWN ***
Hero collected $48 from pot
*** SUMMARY ***
Total pot $48
Board [Qs Ah 8d]
Seat 5: e8220cc6 folded before Flop (didn't bet)
Seat 2: e9ec8989 folded on the Flop
Seat 1: ea05ec1b(big blind) folded on the Flop
Seat 4: b376bb60 folded before Flop (didn't bet)
Seat 6: Herowon ($48) with Pair of Aces and Pair of Queens



Poker Hand #ring_977598108: NLH No Limit ($2/$4) - 2025/07/07 17:28:09
Table 'MR NLH 2/4' 7-max Seat #5 is the button
Seat 5: e8220cc6 ($800 in chips)
Seat 2: e9ec8989 ($906.59 in chips)
Seat 3: 84ac63ca ($77.35 in chips)
Seat 4: b376bb60 ($1,135.91 in chips)
Seat 6: Hero ($611.24 in chips)
Seat 7: 8ba3a364 ($398.4 in chips)
Hero: posts small blind $2
8ba3a364: posts big blind $4
*** HOLE CARDS ***
Dealt to e8220cc6 
Dealt to e9ec8989 
Dealt to 84ac63ca 
Dealt to b376bb60 
Dealt to Hero [Kh Qc]
Dealt to 8ba3a364 
e9ec8989: folds
84ac63ca: raises $8 to $12
b376bb60: folds
e8220cc6: calls $12
Hero: calls $10
8ba3a364: raises $24 to $36
84ac63ca: calls $24
e8220cc6: calls $24
Hero: calls $24
*** FLOP *** [2d 6s 3s]
Hero: checks
8ba3a364: checks
84ac63ca: bets $41.35 and is all-in
e8220cc6: raises $113.35 to $154.7
Hero: folds
8ba3a364: raises $207.7 to $362.4 and is all-in
e8220cc6: calls $207.7
84ac63ca: shows [Js Ks] (King-High)
e8220cc6: shows [As 9s] (Ace-High)
8ba3a364: shows [Jd Jh] (Pair of Jacks)
*** TURN *** [2d 6s 3s] [2s]
*** RIVER *** [2d 6s 3s 2s] [4d]
*** SHOWDOWN ***
e8220cc6 collected $268.05 from pot
e8220cc6 collected $642.1 from pot
*** SUMMARY ***
Total pot $910.15
Board [2d 6s 3s 2s 4d]
Seat 5: e8220cc6 showed [As 9s] and won ($268.05) with Ace High Flush
Seat 2: e9ec8989 folded before Flop (didn't bet)
Seat 3: 84ac63ca showed [Js Ks] and lost with King High Flush
Seat 4: b376bb60 folded before Flop (didn't bet)
Seat 6: Hero(small blind) folded on the Flop
Seat 7: 8ba3a364(big blind) showed [Jd Jh] and lost with Pair of Jacks and Pair of Twos



Poker Hand #ring_977597225: NLH No Limit ($2/$4) - 2025/07/07 17:27:28
Table 'MR NLH 2/4' 7-max Seat #4 is the button
Seat 5: e8220cc6 ($796 in chips)
Seat 2: e9ec8989 ($906.59 in chips)
Seat 3: 84ac63ca ($77.35 in chips)
Seat 4: b376bb60 ($1,106.51 in chips)
Seat 6: Hero ($615.24 in chips)
Seat 7: 8ba3a364 ($398.4 in chips)
e8220cc6: posts small blind $2
Hero: posts big blind $4
*** HOLE CARDS ***
Dealt to e8220cc6 
Dealt to e9ec8989 
Dealt to 84ac63ca 
Dealt to b376bb60 
Dealt to Hero [4s 9d]
Dealt to 8ba3a364 
8ba3a364: folds
e9ec8989: folds
84ac63ca: folds
b376bb60: raises $6 to $10
e8220cc6: calls $8
Hero: folds
*** FLOP *** [Qh 3h 2s]
e8220cc6: checks
b376bb60: checks
*** TURN *** [Qh 3h 2s] [9s]
e8220cc6: checks
b376bb60: checks
*** RIVER *** [Qh 3h 2s 9s] [Ah]
e8220cc6: checks
b376bb60: bets $19.2
e8220cc6: calls $19.2
b376bb60: shows [Js Ac]
e8220cc6: shows [8h 8s]
*** SHOWDOWN ***
b376bb60 collected $62.4 from pot
*** SUMMARY ***
Total pot $62.4
Board [Qh 3h 2s 9s Ah]
Seat 5: e8220cc6(small blind) showed [8h 8s] and lost with Pair of Eights
Seat 2: e9ec8989 folded before Flop (didn't bet)
Seat 3: 84ac63ca folded before Flop (didn't bet)
Seat 4: b376bb60 showed [Js Ac] and won ($62.4) with Pair of Aces
Seat 6: Hero(big blind) folded before Flop
Seat 7: 8ba3a364 folded before Flop (didn't bet)



Poker Hand #ring_977596649: NLH No Limit ($2/$4) - 2025/07/07 17:27:04
Table 'MR NLH 2/4' 7-max Seat #3 is the button
Seat 5: e8220cc6 ($800 in chips)
Seat 2: e9ec8989 ($906.59 in chips)
Seat 3: 84ac63ca ($77.35 in chips)
Seat 4: b376bb60 ($1,108.51 in chips)
Seat 6: Hero ($615.24 in chips)
Seat 7: 8ba3a364 ($392.4 in chips)
b376bb60: posts small blind $2
e8220cc6: posts big blind $4
*** HOLE CARDS ***
Dealt to e8220cc6 
Dealt to e9ec8989 
Dealt to 84ac63ca 
Dealt to b376bb60 
Dealt to Hero [Js 8c]
Dealt to 8ba3a364 
Hero: folds
8ba3a364: raises $8 to $12
e9ec8989: folds
84ac63ca: folds
b376bb60: folds
e8220cc6: folds
Uncalled bet ($8) returned to 8ba3a364
*** SHOWDOWN ***
8ba3a364 collected $10 from pot
*** SUMMARY ***
Total pot $10
Seat 5: e8220cc6(big blind) folded before Flop
Seat 2: e9ec8989 folded before Flop (didn't bet)
Seat 3: 84ac63ca folded before Flop (didn't bet)
Seat 4: b376bb60(small blind) folded before Flop
Seat 6: Hero folded before Flop (didn't bet)
Seat 7: 8ba3a364won ($10)



Poker Hand #ring_977596276: NLH No Limit ($2/$4) - 2025/07/07 17:26:48
Table 'MR NLH 2/4' 7-max Seat #2 is the button
Seat 5: e8220cc6 ($800 in chips)
Seat 2: e9ec8989 ($906.59 in chips)
Seat 3: 84ac63ca ($79.35 in chips)
Seat 4: b376bb60 ($1,106.51 in chips)
Seat 6: Hero ($615.24 in chips)
Seat 7: 8ba3a364 ($392.4 in chips)
84ac63ca: posts small blind $2
b376bb60: posts big blind $4
*** HOLE CARDS ***
Dealt to e8220cc6 
Dealt to e9ec8989 
Dealt to 84ac63ca 
Dealt to b376bb60 
Dealt to Hero [8s 2h]
Dealt to 8ba3a364 
e8220cc6: folds
Hero: folds
8ba3a364: folds
e9ec8989: folds
84ac63ca: folds
*** SHOWDOWN ***
b376bb60 collected $6 from pot
*** SUMMARY ***
Total pot $6
Seat 5: e8220cc6 folded before Flop (didn't bet)
Seat 2: e9ec8989 folded before Flop (didn't bet)
Seat 3: 84ac63ca(small blind) folded before Flop
Seat 4: b376bb60(big blind)won ($6)
Seat 6: Hero folded before Flop (didn't bet)
Seat 7: 8ba3a364 folded before Flop (didn't bet)



Poker Hand #ring_977595681: NLH No Limit ($2/$4) - 2025/07/07 17:26:21
Table 'MR NLH 2/4' 7-max Seat #7 is the button
Seat 5: e8220cc6 ($739.29 in chips)
Seat 2: e9ec8989 ($910.59 in chips)
Seat 3: 84ac63ca ($75.71 in chips)
Seat 4: b376bb60 ($1,106.51 in chips)
Seat 6: Hero ($615.24 in chips)
Seat 7: 8ba3a364 ($392.4 in chips)
e9ec8989: posts small blind $2
84ac63ca: posts big blind $4
*** HOLE CARDS ***
Dealt to e8220cc6 
Dealt to e9ec8989 
Dealt to 84ac63ca 
Dealt to b376bb60 
Dealt to Hero [2c 8d]
Dealt to 8ba3a364 
b376bb60: folds
e8220cc6: folds
Hero: folds
8ba3a364: folds
e9ec8989: calls $2
84ac63ca: checks
*** FLOP *** [5h 3d Ad]
e9ec8989: checks
84ac63ca: bets $8
e9ec8989: folds
Uncalled bet ($8) returned to 84ac63ca
*** SHOWDOWN ***
84ac63ca collected $8 from pot
*** SUMMARY ***
Total pot $8
Board [5h 3d Ad]
Seat 5: e8220cc6 folded before Flop (didn't bet)
Seat 2: e9ec8989(small blind) folded on the Flop
Seat 3: 84ac63ca(big blind)won ($8) with Pair of Fives
Seat 4: b376bb60 folded before Flop (didn't bet)
Seat 6: Hero folded before Flop (didn't bet)
Seat 7: 8ba3a364 folded before Flop (didn't bet)



Poker Hand #ring_977594890: NLH No Limit ($2/$4) - 2025/07/07 17:25:47
Table 'MR NLH 2/4' 7-max Seat #6 is the button
Seat 5: e8220cc6 ($719 in chips)
Seat 2: e9ec8989 ($914.59 in chips)
Seat 3: 84ac63ca ($91.71 in chips)
Seat 4: b376bb60 ($1,106.51 in chips)
Seat 6: Hero ($615.24 in chips)
Seat 7: 8ba3a364 ($394.4 in chips)
8ba3a364: posts small blind $2
e9ec8989: posts big blind $4
*** HOLE CARDS ***
Dealt to e8220cc6 
Dealt to e9ec8989 
Dealt to 84ac63ca 
Dealt to b376bb60 
Dealt to Hero [9h Qs]
Dealt to 8ba3a364 
84ac63ca: calls $4
b376bb60: folds
e8220cc6: raises $12 to $16
Hero: folds
8ba3a364: folds
e9ec8989: folds
84ac63ca: calls $12
*** FLOP *** [Ac 9d Kd]
84ac63ca: checks
e8220cc6: bets $12.54
84ac63ca: folds
Uncalled bet ($12.54) returned to e8220cc6
*** SHOWDOWN ***
e8220cc6 collected $38 from pot
*** SUMMARY ***
Total pot $38
Board [Ac 9d Kd]
Seat 5: e8220cc6won ($38) with Pair of Twos
Seat 2: e9ec8989(big blind) folded before Flop
Seat 3: 84ac63ca folded on the Flop
Seat 4: b376bb60 folded before Flop (didn't bet)
Seat 6: Hero folded before Flop (didn't bet)
Seat 7: 8ba3a364(small blind) folded before Flop



Poker Hand #ring_977593821: NLH No Limit ($2/$4) - 2025/07/07 17:24:59
Table 'MR NLH 2/4' 7-max Seat #5 is the button
Seat 5: e8220cc6 ($794 in chips)
Seat 2: e9ec8989 ($914.59 in chips)
Seat 3: 84ac63ca ($91.71 in chips)
Seat 4: b376bb60 ($1,033.53 in chips)
Seat 6: Hero ($617.24 in chips)
Seat 7: 8ba3a364 ($398.4 in chips)
Hero: posts small blind $2
8ba3a364: posts big blind $4
*** HOLE CARDS ***
Dealt to e8220cc6 
Dealt to e9ec8989 
Dealt to 84ac63ca 
Dealt to b376bb60 
Dealt to Hero [Ah 5h]
Dealt to 8ba3a364 
e9ec8989: folds
84ac63ca: folds
b376bb60: raises $6 to $10
e8220cc6: raises $26 to $36
Hero: folds
8ba3a364: folds
b376bb60: calls $26
*** FLOP *** [Td 8c Ad]
b376bb60: checks
e8220cc6: bets $39
b376bb60: raises $102.96 to $141.96
e8220cc6: folds
Uncalled bet ($102.96) returned to b376bb60
*** SHOWDOWN ***
b376bb60 collected $156 from pot
*** SUMMARY ***
Total pot $156
Board [Td 8c Ad]
Seat 5: e8220cc6 folded on the Flop
Seat 2: e9ec8989 folded before Flop (didn't bet)
Seat 3: 84ac63ca folded before Flop (didn't bet)
Seat 4: b376bb60won ($156) with Ace-High
Seat 6: Hero(small blind) folded before Flop
Seat 7: 8ba3a364(big blind) folded before Flop



Poker Hand #ring_977592546: NLH No Limit ($2/$4) - 2025/07/07 17:24:02
Table 'MR NLH 2/4' 7-max Seat #4 is the button
Seat 5: e8220cc6 ($796 in chips)
Seat 2: e9ec8989 ($914.59 in chips)
Seat 3: 84ac63ca ($100.33 in chips)
Seat 4: b376bb60 ($1,019.95 in chips)
Seat 6: Hero ($621.24 in chips)
Seat 7: 8ba3a364 ($398.4 in chips)
e8220cc6: posts small blind $2
Hero: posts big blind $4
*** HOLE CARDS ***
Dealt to e8220cc6 
Dealt to e9ec8989 
Dealt to 84ac63ca 
Dealt to b376bb60 
Dealt to Hero [3c 9d]
Dealt to 8ba3a364 
8ba3a364: folds
e9ec8989: folds
84ac63ca: calls $4
b376bb60: calls $4
e8220cc6: folds
Hero: checks
*** FLOP *** [Qs Qh 8d]
Hero: checks
84ac63ca: bets $4.62
b376bb60: calls $4.62
Hero: folds
*** TURN *** [Qs Qh 8d] [Qc]
84ac63ca: checks
b376bb60: checks
*** RIVER *** [Qs Qh 8d Qc] [5h]
84ac63ca: checks
b376bb60: checks
84ac63ca: shows [4h Th]
b376bb60: shows [Tc Jh]
*** SHOWDOWN ***
b376bb60 collected $23.24 from pot
*** SUMMARY ***
Total pot $23.24
Board [Qs Qh 8d Qc 5h]
Seat 5: e8220cc6(small blind) folded before Flop
Seat 2: e9ec8989 folded before Flop (didn't bet)
Seat 3: 84ac63ca showed [4h Th] and lost with Three Queens
Seat 4: b376bb60 showed [Tc Jh] and won ($23.24) with Three Queens
Seat 6: Hero(big blind) folded on the Flop
Seat 7: 8ba3a364 folded before Flop (didn't bet)



Poker Hand #ring_977591461: NLH No Limit ($2/$4) - 2025/07/07 17:23:15
Table 'MR NLH 2/4' 7-max Seat #3 is the button
Seat 5: e8220cc6 ($800 in chips)
Seat 2: e9ec8989 ($958.07 in chips)
Seat 3: 84ac63ca ($56.03 in chips)
Seat 4: b376bb60 ($1,021.95 in chips)
Seat 6: Hero ($621.24 in chips)
Seat 7: 8ba3a364 ($398.4 in chips)
b376bb60: posts small blind $2
e8220cc6: posts big blind $4
*** HOLE CARDS ***
Dealt to e8220cc6 
Dealt to e9ec8989 
Dealt to 84ac63ca 
Dealt to b376bb60 
Dealt to Hero [7s 5h]
Dealt to 8ba3a364 
Hero: folds
8ba3a364: folds
e9ec8989: calls $4
84ac63ca: calls $4
b376bb60: folds
e8220cc6: checks
*** FLOP *** [Ac Qd Qs]
e8220cc6: checks
e9ec8989: bets $4.62
84ac63ca: calls $4.62
e8220cc6: folds
*** TURN *** [Ac Qd Qs] [Js]
e9ec8989: checks
84ac63ca: checks
*** RIVER *** [Ac Qd Qs Js] [7d]
e9ec8989: bets $11.62
84ac63ca: raises $23.24 to $34.86
e9ec8989: calls $23.24
e9ec8989: shows [Ah 3s]
84ac63ca: shows [Qh 6h]
*** SHOWDOWN ***
84ac63ca collected $92.96 from pot
*** SUMMARY ***
Total pot $92.96
Board [Ac Qd Qs Js 7d]
Seat 5: e8220cc6(big blind) folded on the Flop
Seat 2: e9ec8989 showed [Ah 3s] and lost with Pair of Aces and Pair of Queens
Seat 3: 84ac63ca showed [Qh 6h] and won ($92.96) with Three Queens
Seat 4: b376bb60(small blind) folded before Flop
Seat 6: Hero folded before Flop (didn't bet)
Seat 7: 8ba3a364 folded before Flop (didn't bet)



Poker Hand #ring_977590101: NLH No Limit ($2/$4) - 2025/07/07 17:22:16
Table 'MR NLH 2/4' 7-max Seat #2 is the button
Seat 5: e8220cc6 ($792.63 in chips)
Seat 2: e9ec8989 ($861.8 in chips)
Seat 3: 84ac63ca ($58.03 in chips)
Seat 4: b376bb60 ($1,025.95 in chips)
Seat 6: Hero ($621.24 in chips)
Seat 7: 8ba3a364 ($286.4 in chips)
84ac63ca: posts small blind $2
b376bb60: posts big blind $4
*** HOLE CARDS ***
Dealt to e8220cc6 
Dealt to e9ec8989 
Dealt to 84ac63ca 
Dealt to b376bb60 
Dealt to Hero [2h 6s]
Dealt to 8ba3a364 
e8220cc6: raises $8 to $12
Hero: folds
8ba3a364: raises $32 to $44
e9ec8989: calls $44
84ac63ca: folds
b376bb60: folds
e8220cc6: folds
*** FLOP *** [Kc 5s 9c]
8ba3a364: bets $44
e9ec8989: calls $44
*** TURN *** [Kc 5s 9c] [Js]
8ba3a364: checks
e9ec8989: checks
*** RIVER *** [Kc 5s 9c Js] [5c]
8ba3a364: checks
e9ec8989: checks
e9ec8989: shows [Qh Jc]
8ba3a364: shows [7h 7c]
*** SHOWDOWN ***
e9ec8989 collected $194 from pot
*** SUMMARY ***
Total pot $194
Board [Kc 5s 9c Js 5c]
Seat 5: e8220cc6 folded before Flop
Seat 2: e9ec8989 showed [Qh Jc] and won ($194) with Pair of Jacks and Pair of Fives
Seat 3: 84ac63ca(small blind) folded before Flop
Seat 4: b376bb60(big blind) folded before Flop
Seat 6: Hero folded before Flop (didn't bet)
Seat 7: 8ba3a364 showed [7h 7c] and lost with Pair of Sevens and Pair of Fives



Poker Hand #ring_977588499: NLH No Limit ($2/$4) - 2025/07/07 17:21:05
Table 'MR NLH 2/4' 7-max Seat #7 is the button
Seat 5: e8220cc6 ($817.83 in chips)
Seat 2: e9ec8989 ($824.58 in chips)
Seat 3: 84ac63ca ($62.03 in chips)
Seat 4: b376bb60 ($1,025.95 in chips)
Seat 6: Hero ($621.24 in chips)
Seat 7: 8ba3a364 ($298.4 in chips)
e9ec8989: posts small blind $2
84ac63ca: posts big blind $4
*** HOLE CARDS ***
Dealt to e8220cc6 
Dealt to e9ec8989 
Dealt to 84ac63ca 
Dealt to b376bb60 
Dealt to Hero [Ks 8s]
Dealt to 8ba3a364 
b376bb60: folds
e8220cc6: raises $8 to $12
Hero: folds
8ba3a364: calls $12
e9ec8989: calls $10
84ac63ca: folds
*** FLOP *** [Ac Qh 8c]
e9ec8989: checks
e8220cc6: checks
8ba3a364: checks
*** TURN *** [Ac Qh 8c] [Th]
e9ec8989: bets $13.2
e8220cc6: calls $13.2
8ba3a364: folds
*** RIVER *** [Ac Qh 8c Th] [3c]
e9ec8989: bets $33.2
e8220cc6: folds
Uncalled bet ($33.2) returned to e9ec8989
*** SHOWDOWN ***
e9ec8989 collected $66.4 from pot
*** SUMMARY ***
Total pot $66.4
Board [Ac Qh 8c Th 3c]
Seat 5: e8220cc6 folded on the River
Seat 2: e9ec8989(small blind)won ($66.4) with Pair of Tens
Seat 3: 84ac63ca(big blind) folded before Flop
Seat 4: b376bb60 folded before Flop (didn't bet)
Seat 6: Hero folded before Flop (didn't bet)
Seat 7: 8ba3a364 folded on the Turn



Poker Hand #ring_977587122: NLH No Limit ($2/$4) - 2025/07/07 17:20:06
Table 'MR NLH 2/4' 7-max Seat #6 is the button
Seat 5: e8220cc6 ($817.83 in chips)
Seat 2: e9ec8989 ($828.58 in chips)
Seat 3: 84ac63ca ($62.03 in chips)
Seat 4: b376bb60 ($934.31 in chips)
Seat 6: Hero ($621.24 in chips)
Seat 7: 8ba3a364 ($396 in chips)
8ba3a364: posts small blind $2
e9ec8989: posts big blind $4
*** HOLE CARDS ***
Dealt to e8220cc6 
Dealt to e9ec8989 
Dealt to 84ac63ca 
Dealt to b376bb60 
Dealt to Hero [Kd Tc]
Dealt to 8ba3a364 
84ac63ca: folds
b376bb60: raises $6 to $10
e8220cc6: folds
Hero: folds
8ba3a364: raises $18 to $28
e9ec8989: folds
b376bb60: calls $18
*** FLOP *** [6s 3c 7s]
8ba3a364: checks
b376bb60: checks
*** TURN *** [6s 3c 7s] [Jc]
8ba3a364: bets $30
b376bb60: calls $30
*** RIVER *** [6s 3c 7s Jc] [Th]
8ba3a364: bets $39.6
b376bb60: calls $39.6
b376bb60: shows [Jh Qd]
8ba3a364: shows [Ah Ts]
*** SHOWDOWN ***
b376bb60 collected $199.2 from pot
*** SUMMARY ***
Total pot $199.2
Board [6s 3c 7s Jc Th]
Seat 5: e8220cc6 folded before Flop (didn't bet)
Seat 2: e9ec8989(big blind) folded before Flop
Seat 3: 84ac63ca folded before Flop (didn't bet)
Seat 4: b376bb60 showed [Jh Qd] and won ($199.2) with Pair of Jacks
Seat 6: Hero folded before Flop (didn't bet)
Seat 7: 8ba3a364(small blind) showed [Ah Ts] and lost with Pair of Tens



Poker Hand #ring_977585584: NLH No Limit ($2/$4) - 2025/07/07 17:19:02
Table 'MR NLH 2/4' 7-max Seat #5 is the button
Seat 5: e8220cc6 ($843.69 in chips)
Seat 2: e9ec8989 ($737.59 in chips)
Seat 3: 84ac63ca ($129.68 in chips)
Seat 4: b376bb60 ($934.31 in chips)
Seat 6: Hero ($623.24 in chips)
Seat 7: 8ba3a364 ($400 in chips)
Hero: posts small blind $2
8ba3a364: posts big blind $4
*** HOLE CARDS ***
Dealt to e8220cc6 
Dealt to e9ec8989 
Dealt to 84ac63ca 
Dealt to b376bb60 
Dealt to Hero [8s Jh]
Dealt to 8ba3a364 
e9ec8989: calls $4
84ac63ca: calls $4
b376bb60: folds
e8220cc6: raises $8 to $12
Hero: folds
8ba3a364: folds
e9ec8989: calls $8
84ac63ca: calls $8
*** FLOP *** [9d 5h Js]
e9ec8989: bets $13.86
84ac63ca: calls $13.86
e8220cc6: calls $13.86
*** TURN *** [9d 5h Js] [2s]
e9ec8989: bets $41.79
84ac63ca: calls $41.79
e8220cc6: folds
*** RIVER *** [9d 5h Js 2s] [8h]
e9ec8989: bets $167.16
84ac63ca: folds
Uncalled bet ($167.16) returned to e9ec8989
*** SHOWDOWN ***
e9ec8989 collected $167.16 from pot
*** SUMMARY ***
Total pot $167.16
Board [9d 5h Js 2s 8h]
Seat 5: e8220cc6 folded on the Turn
Seat 2: e9ec8989won ($167.16) with Pair of Eights
Seat 3: 84ac63ca folded on the River
Seat 4: b376bb60 folded before Flop (didn't bet)
Seat 6: Hero(small blind) folded before Flop
Seat 7: 8ba3a364(big blind) folded before Flop



Poker Hand #ring_977584748: NLH No Limit ($2/$4) - 2025/07/07 17:18:25
Table 'MR NLH 2/4' 7-max Seat #4 is the button
Seat 5: e8220cc6 ($825.31 in chips)
Seat 2: e9ec8989 ($753.59 in chips)
Seat 3: 84ac63ca ($129.68 in chips)
Seat 4: b376bb60 ($934.31 in chips)
Seat 6: Hero ($627.24 in chips)
e8220cc6: posts small blind $2
Hero: posts big blind $4
*** HOLE CARDS ***
Dealt to e8220cc6 
Dealt to e9ec8989 
Dealt to 84ac63ca 
Dealt to b376bb60 
Dealt to Hero [5d 2d]
e9ec8989: calls $4
84ac63ca: folds
b376bb60: folds
e8220cc6: raises $12 to $16
Hero: folds
e9ec8989: calls $12
*** FLOP *** [Qs Th 2h]
e8220cc6: bets $18
e9ec8989: folds
Uncalled bet ($18) returned to e8220cc6
*** SHOWDOWN ***
e8220cc6 collected $36 from pot
*** SUMMARY ***
Total pot $36
Board [Qs Th 2h]
Seat 5: e8220cc6(small blind)won ($36) with Queen-High
Seat 2: e9ec8989 folded on the Flop
Seat 3: 84ac63ca folded before Flop (didn't bet)
Seat 4: b376bb60 folded before Flop (didn't bet)
Seat 6: Hero(big blind) folded before Flop



Poker Hand #ring_977583925: NLH No Limit ($2/$4) - 2025/07/07 17:17:51
Table 'MR NLH 2/4' 7-max Seat #3 is the button
Seat 5: e8220cc6 ($858.31 in chips)
Seat 2: e9ec8989 ($722.65 in chips)
Seat 3: 84ac63ca ($129.68 in chips)
Seat 4: b376bb60 ($936.31 in chips)
Seat 6: Hero ($627.24 in chips)
b376bb60: posts small blind $2
e8220cc6: posts big blind $4
*** HOLE CARDS ***
Dealt to e8220cc6 
Dealt to e9ec8989 
Dealt to 84ac63ca 
Dealt to b376bb60 
Dealt to Hero [Td Kc]
Hero: folds
e9ec8989: calls $4
84ac63ca: folds
b376bb60: folds
e8220cc6: raises $12 to $16
e9ec8989: calls $12
*** FLOP *** [Ts 3d 9c]
e8220cc6: bets $17
e9ec8989: calls $17
*** TURN *** [Ts 3d 9c] [2h]
e8220cc6: checks
e9ec8989: bets $22.44
e8220cc6: folds
Uncalled bet ($22.44) returned to e9ec8989
*** SHOWDOWN ***
e9ec8989 collected $68 from pot
*** SUMMARY ***
Total pot $68
Board [Ts 3d 9c 2h]
Seat 5: e8220cc6(big blind) folded on the Turn
Seat 2: e9ec8989won ($68) with Pair of Nines
Seat 3: 84ac63ca folded before Flop (didn't bet)
Seat 4: b376bb60(small blind) folded before Flop
Seat 6: Hero folded before Flop (didn't bet)



Poker Hand #ring_977583573: NLH No Limit ($2/$4) - 2025/07/07 17:17:36
Table 'MR NLH 2/4' 7-max Seat #2 is the button
Seat 5: e8220cc6 ($858.31 in chips)
Seat 2: e9ec8989 ($722.65 in chips)
Seat 3: 84ac63ca ($131.68 in chips)
Seat 4: b376bb60 ($934.31 in chips)
Seat 6: Hero ($627.24 in chips)
84ac63ca: posts small blind $2
b376bb60: posts big blind $4
*** HOLE CARDS ***
Dealt to e8220cc6 
Dealt to e9ec8989 
Dealt to 84ac63ca 
Dealt to b376bb60 
Dealt to Hero [4s Th]
e8220cc6: folds
Hero: folds
e9ec8989: folds
84ac63ca: folds
*** SHOWDOWN ***
b376bb60 collected $6 from pot
*** SUMMARY ***
Total pot $6
Seat 5: e8220cc6 folded before Flop (didn't bet)
Seat 2: e9ec8989 folded before Flop (didn't bet)
Seat 3: 84ac63ca(small blind) folded before Flop
Seat 4: b376bb60(big blind)won ($6)
Seat 6: Hero folded before Flop (didn't bet)



Poker Hand #ring_977582613: NLH No Limit ($2/$4) - 2025/07/07 17:16:52
Table 'MR NLH 2/4' 7-max Seat #6 is the button
Seat 5: e8220cc6 ($814.91 in chips)
Seat 2: e9ec8989 ($754.65 in chips)
Seat 3: 84ac63ca ($135.68 in chips)
Seat 4: b376bb60 ($934.31 in chips)
Seat 6: Hero ($639.24 in chips)
e9ec8989: posts small blind $2
84ac63ca: posts big blind $4
*** HOLE CARDS ***
Dealt to e8220cc6 
Dealt to e9ec8989 
Dealt to 84ac63ca 
Dealt to b376bb60 
Dealt to Hero [Tc Jc]
b376bb60: folds
e8220cc6: raises $8 to $12
Hero: calls $12
e9ec8989: calls $10
84ac63ca: folds
*** FLOP *** [7d 4d 5s]
e9ec8989: checks
e8220cc6: bets $20
Hero: folds
e9ec8989: calls $20
*** TURN *** [7d 4d 5s] [Td]
e9ec8989: checks
e8220cc6: bets $40
e9ec8989: folds
Uncalled bet ($40) returned to e8220cc6
*** SHOWDOWN ***
e8220cc6 collected $80 from pot
*** SUMMARY ***
Total pot $80
Board [7d 4d 5s Td]
Seat 5: e8220cc6won ($80) with Ace High Flush
Seat 2: e9ec8989(small blind) folded on the Turn
Seat 3: 84ac63ca(big blind) folded before Flop
Seat 4: b376bb60 folded before Flop (didn't bet)
Seat 6: Hero folded on the Flop



Poker Hand #ring_977581549: NLH No Limit ($2/$4) - 2025/07/07 17:16:05
Table 'MR NLH 2/4' 7-max Seat #5 is the button
Seat 5: e8220cc6 ($814.91 in chips)
Seat 2: e9ec8989 ($778.53 in chips)
Seat 3: 84ac63ca ($159.56 in chips)
Seat 4: b376bb60 ($934.31 in chips)
Seat 6: Hero ($595.7 in chips)
Hero: posts small blind $2
e9ec8989: posts big blind $4
*** HOLE CARDS ***
Dealt to e8220cc6 
Dealt to e9ec8989 
Dealt to 84ac63ca 
Dealt to b376bb60 
Dealt to Hero [Ad Js]
84ac63ca: calls $4
b376bb60: folds
e8220cc6: folds
Hero: raises $8 to $12
e9ec8989: calls $8
84ac63ca: calls $8
*** FLOP *** [Th 9d 2h]
Hero: checks
e9ec8989: checks
84ac63ca: checks
*** TURN *** [Th 9d 2h] [Ac]
Hero: checks
e9ec8989: checks
84ac63ca: checks
*** RIVER *** [Th 9d 2h Ac] [Kh]
Hero: checks
e9ec8989: bets $11.88
84ac63ca: calls $11.88
Hero: calls $11.88
e9ec8989: shows [4s Ks]
84ac63ca: shows [6s As]
Hero: shows [Ad Js]
*** SHOWDOWN ***
Hero collected $71.64 from pot
*** SUMMARY ***
Total pot $71.64
Board [Th 9d 2h Ac Kh]
Seat 5: e8220cc6 folded before Flop (didn't bet)
Seat 2: e9ec8989(big blind) showed [4s Ks] and lost with Pair of Kings
Seat 3: 84ac63ca showed [6s As] and lost with Pair of Aces
Seat 4: b376bb60 folded before Flop (didn't bet)
Seat 6: Hero(small blind) showed [Ad Js] and won ($71.64) with Pair of Aces



Poker Hand #ring_977580509: NLH No Limit ($2/$4) - 2025/07/07 17:15:17
Table 'MR NLH 2/4' 7-max Seat #4 is the button
Seat 5: e8220cc6 ($816.91 in chips)
Seat 2: e9ec8989 ($803.53 in chips)
Seat 3: 84ac63ca ($159.56 in chips)
Seat 4: b376bb60 ($934.31 in chips)
Seat 6: Hero ($572.04 in chips)
e8220cc6: posts small blind $2
Hero: posts big blind $4
*** HOLE CARDS ***
Dealt to e8220cc6 
Dealt to e9ec8989 
Dealt to 84ac63ca 
Dealt to b376bb60 
Dealt to Hero [4c 4d]
e9ec8989: calls $4
84ac63ca: folds
b376bb60: folds
e8220cc6: folds
Hero: raises $8 to $12
e9ec8989: calls $8
*** FLOP *** [Ac 8h Qc]
Hero: bets $13
e9ec8989: calls $13
*** TURN *** [Ac 8h Qc] [Ah]
Hero: checks
e9ec8989: checks
*** RIVER *** [Ac 8h Qc Ah] [8s]
Hero: bets $75.4
e9ec8989: folds
Uncalled bet ($75.4) returned to Hero
*** SHOWDOWN ***
Hero collected $52 from pot
*** SUMMARY ***
Total pot $52
Board [Ac 8h Qc Ah 8s]
Seat 5: e8220cc6(small blind) folded before Flop
Seat 2: e9ec8989 folded on the River
Seat 3: 84ac63ca folded before Flop (didn't bet)
Seat 4: b376bb60 folded before Flop (didn't bet)
Seat 6: Hero(big blind)won ($52) with Pair of Aces and Pair of Eights



Poker Hand #ring_977579598: NLH No Limit ($2/$4) - 2025/07/07 17:14:35
Table 'MR NLH 2/4' 7-max Seat #3 is the button
Seat 5: e8220cc6 ($794.07 in chips)
Seat 2: e9ec8989 ($807.53 in chips)
Seat 3: 84ac63ca ($159.56 in chips)
Seat 4: b376bb60 ($956.31 in chips)
Seat 6: Hero ($572.04 in chips)
b376bb60: posts small blind $2
e8220cc6: posts big blind $4
*** HOLE CARDS ***
Dealt to e8220cc6 
Dealt to e9ec8989 
Dealt to 84ac63ca 
Dealt to b376bb60 
Dealt to Hero [Tc 6s]
Hero: folds
e9ec8989: calls $4
84ac63ca: folds
b376bb60: calls $2
e8220cc6: raises $18 to $22
e9ec8989: folds
b376bb60: calls $18
*** FLOP *** [Jd 5c 8s]
b376bb60: checks
e8220cc6: bets $24
b376bb60: folds
Uncalled bet ($24) returned to e8220cc6
*** SHOWDOWN ***
e8220cc6 collected $48 from pot
*** SUMMARY ***
Total pot $48
Board [Jd 5c 8s]
Seat 5: e8220cc6(big blind)won ($48) with Pair of Queens
Seat 2: e9ec8989 folded before Flop
Seat 3: 84ac63ca folded before Flop (didn't bet)
Seat 4: b376bb60(small blind) folded on the Flop
Seat 6: Hero folded before Flop (didn't bet)



Poker Hand #ring_977579024: NLH No Limit ($2/$4) - 2025/07/07 17:14:09
Table 'MR NLH 2/4' 7-max Seat #2 is the button
Seat 5: e8220cc6 ($794.07 in chips)
Seat 2: e9ec8989 ($807.53 in chips)
Seat 3: 84ac63ca ($155.92 in chips)
Seat 4: b376bb60 ($960.31 in chips)
Seat 6: Hero ($572.04 in chips)
84ac63ca: posts small blind $2
b376bb60: posts big blind $4
*** HOLE CARDS ***
Dealt to e8220cc6 
Dealt to e9ec8989 
Dealt to 84ac63ca 
Dealt to b376bb60 
Dealt to Hero [9d 3d]
e8220cc6: folds
Hero: folds
e9ec8989: folds
84ac63ca: calls $2
b376bb60: checks
*** FLOP *** [5h 2d 9c]
84ac63ca: bets $8
b376bb60: folds
Uncalled bet ($8) returned to 84ac63ca
*** SHOWDOWN ***
84ac63ca collected $8 from pot
*** SUMMARY ***
Total pot $8
Board [5h 2d 9c]
Seat 5: e8220cc6 folded before Flop (didn't bet)
Seat 2: e9ec8989 folded before Flop (didn't bet)
Seat 3: 84ac63ca(small blind)won ($8) with Nine-High
Seat 4: b376bb60(big blind) folded on the Flop
Seat 6: Hero folded before Flop (didn't bet)



Poker Hand #ring_977578463: NLH No Limit ($2/$4) - 2025/07/07 17:13:43
Table 'MR NLH 2/4' 7-max Seat #6 is the button
Seat 5: e8220cc6 ($794.07 in chips)
Seat 2: e9ec8989 ($819.53 in chips)
Seat 3: 84ac63ca ($159.92 in chips)
Seat 4: b376bb60 ($960.31 in chips)
Seat 6: Hero ($557.3 in chips)
e9ec8989: posts small blind $2
84ac63ca: posts big blind $4
*** HOLE CARDS ***
Dealt to e8220cc6 
Dealt to e9ec8989 
Dealt to 84ac63ca 
Dealt to b376bb60 
Dealt to Hero [Js Kc]
b376bb60: folds
e8220cc6: folds
Hero: raises $8 to $12
e9ec8989: calls $10
84ac63ca: folds
*** FLOP *** [Ks 8d 3c]
e9ec8989: checks
Hero: bets $14
e9ec8989: folds
Uncalled bet ($14) returned to Hero
*** SHOWDOWN ***
Hero collected $28 from pot
*** SUMMARY ***
Total pot $28
Board [Ks 8d 3c]
Seat 5: e8220cc6 folded before Flop (didn't bet)
Seat 2: e9ec8989(small blind) folded on the Flop
Seat 3: 84ac63ca(big blind) folded before Flop
Seat 4: b376bb60 folded before Flop (didn't bet)
Seat 6: Herowon ($28) with Pair of Kings



Poker Hand #ring_977577754: NLH No Limit ($2/$4) - 2025/07/07 17:13:12
Table 'MR NLH 2/4' 7-max Seat #5 is the button
Seat 5: e8220cc6 ($794.07 in chips)
Seat 2: e9ec8989 ($823.53 in chips)
Seat 3: 84ac63ca ($159.92 in chips)
Seat 4: b376bb60 ($960.31 in chips)
Seat 6: Hero ($553.66 in chips)
Hero: posts small blind $2
e9ec8989: posts big blind $4
*** HOLE CARDS ***
Dealt to e8220cc6 
Dealt to e9ec8989 
Dealt to 84ac63ca 
Dealt to b376bb60 
Dealt to Hero [2c Tc]
84ac63ca: folds
b376bb60: folds
e8220cc6: folds
Hero: calls $2
e9ec8989: checks
*** FLOP *** [Ah 4s 3s]
Hero: bets $4
e9ec8989: folds
Uncalled bet ($4) returned to Hero
*** SHOWDOWN ***
Hero collected $8 from pot
*** SUMMARY ***
Total pot $8
Board [Ah 4s 3s]
Seat 5: e8220cc6 folded before Flop (didn't bet)
Seat 2: e9ec8989(big blind) folded on the Flop
Seat 3: 84ac63ca folded before Flop (didn't bet)
Seat 4: b376bb60 folded before Flop (didn't bet)
Seat 6: Hero(small blind)won ($8) with Ace-High



Poker Hand #ring_977576633: NLH No Limit ($2/$4) - 2025/07/07 17:12:22
Table 'MR NLH 2/4' 7-max Seat #4 is the button
Seat 5: e8220cc6 ($796.07 in chips)
Seat 2: e9ec8989 ($764.12 in chips)
Seat 3: 84ac63ca ($220 in chips)
Seat 4: b376bb60 ($960.31 in chips)
Seat 6: Hero ($557.66 in chips)
e8220cc6: posts small blind $2
Hero: posts big blind $4
84ac63ca: posts big blind $4
*** HOLE CARDS ***
Dealt to e8220cc6 
Dealt to e9ec8989 
Dealt to 84ac63ca 
Dealt to b376bb60 
Dealt to Hero [7c Kh]
e9ec8989: calls $4
84ac63ca: raises $12 to $16
b376bb60: folds
e8220cc6: folds
Hero: folds
e9ec8989: calls $12
*** FLOP *** [9h 8h 4c]
e9ec8989: bets $12.54
84ac63ca: calls $12.54
*** TURN *** [9h 8h 4c] [7d]
e9ec8989: bets $31.54
84ac63ca: calls $31.54
*** RIVER *** [9h 8h 4c 7d] [5s]
e9ec8989: bets $126.16
84ac63ca: folds
Uncalled bet ($126.16) returned to e9ec8989
*** SHOWDOWN ***
e9ec8989 collected $126.16 from pot
*** SUMMARY ***
Total pot $126.16
Board [9h 8h 4c 7d 5s]
Seat 5: e8220cc6(small blind) folded before Flop
Seat 2: e9ec8989won ($126.16) with Tens-High Straight
Seat 3: 84ac63ca folded on the River
Seat 4: b376bb60 folded before Flop (didn't bet)
Seat 6: Hero(big blind) folded before Flop



Poker Hand #ring_977575556: NLH No Limit ($2/$4) - 2025/07/07 17:11:33
Table 'MR NLH 2/4' 7-max Seat #2 is the button
Seat 5: e8220cc6 ($747.09 in chips)
Seat 2: e9ec8989 ($772.06 in chips)
Seat 4: b376bb60 ($962.31 in chips)
Seat 6: Hero ($557.66 in chips)
b376bb60: posts small blind $2
e8220cc6: posts big blind $4
*** HOLE CARDS ***
Dealt to e8220cc6 
Dealt to e9ec8989 
Dealt to b376bb60 
Dealt to Hero [Qh 2c]
Hero: folds
e9ec8989: calls $4
b376bb60: folds
e8220cc6: checks
*** FLOP *** [8s 6s 8c]
e8220cc6: checks
e9ec8989: checks
*** TURN *** [8s 6s 8c] [6c]
e8220cc6: bets $7.5
e9ec8989: calls $7.5
*** RIVER *** [8s 6s 8c 6c] [5c]
e8220cc6: bets $25
e9ec8989: raises $37.5 to $62.5
e8220cc6: raises $112.49 to $174.99
e9ec8989: calls $112.49
e9ec8989: shows [7s 8h]
e8220cc6: shows [Ks 8d]
*** SHOWDOWN ***
e9ec8989 collected $187.49 from pot
e8220cc6 collected $187.49 from pot
*** SUMMARY ***
Total pot $374.98
Board [8s 6s 8c 6c 5c]
Seat 5: e8220cc6(big blind) showed [Ks 8d] and won ($187.49) with Eights Full over Sixes
Seat 2: e9ec8989 showed [7s 8h] and won ($187.49) with Eights Full over Sixes
Seat 4: b376bb60(small blind) folded before Flop
Seat 6: Hero folded before Flop (didn't bet)



Poker Hand #ring_977574612: NLH No Limit ($2/$4) - 2025/07/07 17:10:48
Table 'MR NLH 2/4' 7-max Seat #6 is the button
Seat 5: e8220cc6 ($776.81 in chips)
Seat 2: e9ec8989 ($784.06 in chips)
Seat 4: b376bb60 ($992.04 in chips)
Seat 6: Hero ($557.66 in chips)
e9ec8989: posts small blind $2
b376bb60: posts big blind $4
*** HOLE CARDS ***
Dealt to e8220cc6 
Dealt to e9ec8989 
Dealt to b376bb60 
Dealt to Hero [Js 6h]
e8220cc6: raises $8 to $12
Hero: folds
e9ec8989: calls $10
b376bb60: raises $60 to $72
e8220cc6: calls $60
e9ec8989: folds
*** FIRST FLOP *** [As Ks 8s]
b376bb60: bets $124.8
e8220cc6: raises $133.84 to $258.64
b376bb60: calls $133.84
*** FIRST TURN *** [As Ks 8s] [6c]
b376bb60: bets $538.63
e8220cc6: calls $446.17 and is all-in
Uncalled bet ($92.46) returned to b376bb60
b376bb60: shows [Kc Ac]
e8220cc6: shows [6s 5s]
*** FIRST RIVER *** [As Ks 8s 6c] [2s]
*** SECOND RIVER *** [As Ks 8s 6c] [Kd]
*** FIRST SHOWDOWN ***
e8220cc6 collected $783.32 from pot
*** SECOND SHOWDOWN ***
b376bb60 collected $782.3 from pot
*** SUMMARY ***
Total pot $1,565.62
Hand was run two timesFIRST Board [As Ks 8s 6c 2s]
SECOND Board [Kd]
Seat 5: e8220cc6 showed [6s 5s] and won ($783.32) with Ace High Flush / Ace High Flush
Seat 2: e9ec8989(small blind) folded before Flop
Seat 4: b376bb60(big blind) showed [Kc Ac] and won ($782.3) with Pair of Aces and Pair of Kings / Kings Full over Aces
Seat 6: Hero folded before Flop (didn't bet)



Poker Hand #ring_977573459: NLH No Limit ($2/$4) - 2025/07/07 17:09:55
Table 'MR NLH 2/4' 7-max Seat #5 is the button
Seat 5: e8220cc6 ($776.81 in chips)
Seat 2: e9ec8989 ($780.42 in chips)
Seat 4: b376bb60 ($992.04 in chips)
Seat 6: Hero ($561.66 in chips)
Hero: posts small blind $2
e9ec8989: posts big blind $4
*** HOLE CARDS ***
Dealt to e8220cc6 
Dealt to e9ec8989 
Dealt to b376bb60 
Dealt to Hero [Jh 4h]
b376bb60: folds
e8220cc6: folds
Hero: calls $2
e9ec8989: checks
*** FLOP *** [9s 3d Qd]
Hero: checks
e9ec8989: checks
*** TURN *** [9s 3d Qd] [8s]
Hero: checks
e9ec8989: bets $6
Hero: folds
Uncalled bet ($6) returned to e9ec8989
*** SHOWDOWN ***
e9ec8989 collected $8 from pot
*** SUMMARY ***
Total pot $8
Board [9s 3d Qd 8s]
Seat 5: e8220cc6 folded before Flop (didn't bet)
Seat 2: e9ec8989(big blind)won ($8) with Pair of Nines
Seat 4: b376bb60 folded before Flop (didn't bet)
Seat 6: Hero(small blind) folded on the Turn



Poker Hand #ring_977572913: NLH No Limit ($2/$4) - 2025/07/07 17:09:29
Table 'MR NLH 2/4' 7-max Seat #4 is the button
Seat 5: e8220cc6 ($778.81 in chips)
Seat 2: e9ec8989 ($784.42 in chips)
Seat 4: b376bb60 ($982.04 in chips)
Seat 6: Hero ($565.66 in chips)
e8220cc6: posts small blind $2
Hero: posts big blind $4
*** HOLE CARDS ***
Dealt to e8220cc6 
Dealt to e9ec8989 
Dealt to b376bb60 
Dealt to Hero [2s Qs]
e9ec8989: calls $4
b376bb60: raises $16 to $20
e8220cc6: folds
Hero: folds
e9ec8989: folds
Uncalled bet ($16) returned to b376bb60
*** SHOWDOWN ***
b376bb60 collected $14 from pot
*** SUMMARY ***
Total pot $14
Seat 5: e8220cc6(small blind) folded before Flop
Seat 2: e9ec8989 folded before Flop
Seat 4: b376bb60won ($14)
Seat 6: Hero(big blind) folded before Flop



Poker Hand #ring_977572579: NLH No Limit ($2/$4) - 2025/07/07 17:09:12
Table 'MR NLH 2/4' 7-max Seat #2 is the button
Seat 5: e8220cc6 ($782.81 in chips)
Seat 2: e9ec8989 ($784.42 in chips)
Seat 4: b376bb60 ($984.04 in chips)
Seat 6: Hero ($559.66 in chips)
b376bb60: posts small blind $2
e8220cc6: posts big blind $4
*** HOLE CARDS ***
Dealt to e8220cc6 
Dealt to e9ec8989 
Dealt to b376bb60 
Dealt to Hero [Ad Td]
Hero: raises $8 to $12
e9ec8989: folds
b376bb60: folds
e8220cc6: folds
Uncalled bet ($8) returned to Hero
*** SHOWDOWN ***
Hero collected $10 from pot
*** SUMMARY ***
Total pot $10
Seat 5: e8220cc6(big blind) folded before Flop
Seat 2: e9ec8989 folded before Flop (didn't bet)
Seat 4: b376bb60(small blind) folded before Flop
Seat 6: Herowon ($10)



Poker Hand #ring_977571898: NLH No Limit ($2/$4) - 2025/07/07 17:08:41
Table 'MR NLH 2/4' 7-max Seat #6 is the button
Seat 5: e8220cc6 ($782.81 in chips)
Seat 2: e9ec8989 ($771.5 in chips)
Seat 4: b376bb60 ($988.04 in chips)
Seat 6: Hero ($569.66 in chips)
e9ec8989: posts small blind $2
b376bb60: posts big blind $4
*** HOLE CARDS ***
Dealt to e8220cc6 
Dealt to e9ec8989 
Dealt to b376bb60 
Dealt to Hero [Ac 2h]
e8220cc6: folds
Hero: raises $6 to $10
e9ec8989: calls $8
b376bb60: folds
*** FLOP *** [7s Th Td]
e9ec8989: bets $7.92
Hero: folds
Uncalled bet ($7.92) returned to e9ec8989
*** SHOWDOWN ***
e9ec8989 collected $24 from pot
*** SUMMARY ***
Total pot $24
Board [7s Th Td]
Seat 5: e8220cc6 folded before Flop (didn't bet)
Seat 2: e9ec8989(small blind)won ($24) with Pair of Tens and Pair of Nines
Seat 4: b376bb60(big blind) folded before Flop
Seat 6: Hero folded on the Flop



Poker Hand #ring_977571421: NLH No Limit ($2/$4) - 2025/07/07 17:08:17
Table 'MR NLH 2/4' 7-max Seat #5 is the button
Seat 5: e8220cc6 ($794.81 in chips)
Seat 2: e9ec8989 ($758.67 in chips)
Seat 6: Hero ($571.66 in chips)
Hero: posts small blind $2
e9ec8989: posts big blind $4
*** HOLE CARDS ***
Dealt to e8220cc6 
Dealt to e9ec8989 
Dealt to Hero [7s Ts]
e8220cc6: raises $8 to $12
Hero: folds
e9ec8989: calls $8
*** FLOP *** [Qh Ks Kc]
e9ec8989: bets $8.58
e8220cc6: folds
Uncalled bet ($8.58) returned to e9ec8989
e9ec8989: shows [Ad Ah]
*** SHOWDOWN ***
e9ec8989 collected $26 from pot
*** SUMMARY ***
Total pot $26
Board [Qh Ks Kc]
Seat 5: e8220cc6 folded on the Flop
Seat 2: e9ec8989(big blind) showed [Ad Ah] and won ($26) with Pair of Aces and Pair of Kings
Seat 6: Hero(small blind) folded before Flop



Poker Hand #ring_977570766: NLH No Limit ($2/$4) - 2025/07/07 17:07:47
Table 'MR NLH 2/4' 7-max Seat #2 is the button
Seat 5: e8220cc6 ($790.81 in chips)
Seat 2: e9ec8989 ($758.67 in chips)
Seat 6: Hero ($575.66 in chips)
e8220cc6: posts small blind $2
Hero: posts big blind $4
*** HOLE CARDS ***
Dealt to e8220cc6 
Dealt to e9ec8989 
Dealt to Hero [5d Qc]
e9ec8989: folds
e8220cc6: raises $12 to $16
Hero: folds
Uncalled bet ($12) returned to e8220cc6
*** SHOWDOWN ***
e8220cc6 collected $8 from pot
*** SUMMARY ***
Total pot $8
Seat 5: e8220cc6(small blind)won ($8)
Seat 2: e9ec8989 folded before Flop (didn't bet)
Seat 6: Hero(big blind) folded before Flop



Poker Hand #ring_977570396: NLH No Limit ($2/$4) - 2025/07/07 17:07:29
Table 'MR NLH 2/4' 7-max Seat #6 is the button
Seat 5: e8220cc6 ($794.81 in chips)
Seat 2: e9ec8989 ($760.67 in chips)
Seat 6: Hero ($569.66 in chips)
e9ec8989: posts small blind $2
e8220cc6: posts big blind $4
*** HOLE CARDS ***
Dealt to e8220cc6 
Dealt to e9ec8989 
Dealt to Hero [6s 7s]
Hero: raises $6 to $10
e9ec8989: folds
e8220cc6: folds
Uncalled bet ($6) returned to Hero
*** SHOWDOWN ***
Hero collected $10 from pot
*** SUMMARY ***
Total pot $10
Seat 5: e8220cc6(big blind) folded before Flop
Seat 2: e9ec8989(small blind) folded before Flop
Seat 6: Herowon ($10)



Poker Hand #ring_977569662: NLH No Limit ($2/$4) - 2025/07/07 17:06:54
Table 'MR NLH 2/4' 7-max Seat #5 is the button
Seat 5: e8220cc6 ($815.39 in chips)
Seat 2: e9ec8989 ($740.03 in chips)
Seat 6: Hero ($571.66 in chips)
Hero: posts small blind $2
e9ec8989: posts big blind $4
*** HOLE CARDS ***
Dealt to e8220cc6 
Dealt to e9ec8989 
Dealt to Hero [Ks 4c]
e8220cc6: raises $8 to $12
Hero: folds
e9ec8989: calls $8
*** FLOP *** [8d 9d As]
e9ec8989: bets $8.58
e8220cc6: calls $8.58
*** TURN *** [8d 9d As] [Tc]
e9ec8989: bets $21.58
e8220cc6: folds
Uncalled bet ($21.58) returned to e9ec8989
*** SHOWDOWN ***
e9ec8989 collected $43.16 from pot
*** SUMMARY ***
Total pot $43.16
Board [8d 9d As Tc]
Seat 5: e8220cc6 folded on the Turn
Seat 2: e9ec8989(big blind)won ($43.16) with Pair of Eights
Seat 6: Hero(small blind) folded before Flop



Poker Hand #ring_977569008: NLH No Limit ($2/$4) - 2025/07/07 17:06:23
Table 'MR NLH 2/4' 7-max Seat #2 is the button
Seat 5: e8220cc6 ($817.39 in chips)
Seat 2: e9ec8989 ($744.03 in chips)
Seat 6: Hero ($566.11 in chips)
e8220cc6: posts small blind $2
Hero: posts big blind $4
*** HOLE CARDS ***
Dealt to e8220cc6 
Dealt to e9ec8989 
Dealt to Hero [Ad 3h]
e9ec8989: calls $4
e8220cc6: folds
Hero: checks
*** FLOP *** [Ac 2s As]
Hero: checks
e9ec8989: checks
*** TURN *** [Ac 2s As] [5s]
Hero: bets $5
e9ec8989: folds
Uncalled bet ($5) returned to Hero
*** SHOWDOWN ***
Hero collected $10 from pot
*** SUMMARY ***
Total pot $10
Board [Ac 2s As 5s]
Seat 5: e8220cc6(small blind) folded before Flop
Seat 2: e9ec8989 folded on the Turn
Seat 6: Hero(big blind)won ($10) with Three Aces



Poker Hand #ring_977568486: NLH No Limit ($2/$4) - 2025/07/07 17:05:57
Table 'MR NLH 2/4' 7-max Seat #6 is the button
Seat 5: e8220cc6 ($802.83 in chips)
Seat 2: e9ec8989 ($760.03 in chips)
Seat 6: Hero ($566.11 in chips)
e9ec8989: posts small blind $2
e8220cc6: posts big blind $4
*** HOLE CARDS ***
Dealt to e8220cc6 
Dealt to e9ec8989 
Dealt to Hero [7h Jd]
Hero: folds
e9ec8989: calls $2
e8220cc6: raises $12 to $16
e9ec8989: calls $12
*** FLOP *** [5s 5d Ks]
e9ec8989: checks
e8220cc6: bets $10.56
e9ec8989: folds
Uncalled bet ($10.56) returned to e8220cc6
*** SHOWDOWN ***
e8220cc6 collected $32 from pot
*** SUMMARY ***
Total pot $32
Board [5s 5d Ks]
Seat 5: e8220cc6(big blind)won ($32) with Pair of Fives
Seat 2: e9ec8989(small blind) folded on the Flop
Seat 6: Hero folded before Flop (didn't bet)



Poker Hand #ring_977567642: NLH No Limit ($2/$4) - 2025/07/07 17:05:18
Table 'MR NLH 2/4' 7-max Seat #5 is the button
Seat 5: e8220cc6 ($802.83 in chips)
Seat 2: e9ec8989 ($760.21 in chips)
Seat 6: Hero ($566.29 in chips)
Hero: posts small blind $2
e9ec8989: posts big blind $4
*** HOLE CARDS ***
Dealt to e8220cc6 
Dealt to e9ec8989 
Dealt to Hero [Th 9d]
e8220cc6: folds
Hero: calls $2
e9ec8989: checks
*** FLOP *** [Qh 3h 3s]
Hero: checks
e9ec8989: checks
*** TURN *** [Qh 3h 3s] [6h]
Hero: checks
e9ec8989: checks
*** RIVER *** [Qh 3h 3s 6h] [6s]
Hero: checks
e9ec8989: checks
e9ec8989: shows [2h 7s]
Hero: shows [Th 9d]
*** SHOWDOWN ***
e9ec8989 collected $4 from pot
Hero collected $4 from pot
*** SUMMARY ***
Total pot $8
Board [Qh 3h 3s 6h 6s]
Seat 5: e8220cc6 folded before Flop (didn't bet)
Seat 2: e9ec8989(big blind) showed [2h 7s] and won ($4) with Pair of Sixes and Pair of Treys
Seat 6: Hero(small blind) showed [Th 9d] and won ($4) with Pair of Sixes and Pair of Treys



Poker Hand #ring_977565786: NLH No Limit ($2/$4) - 2025/07/07 17:03:49
Table 'MR NLH 2/4' 7-max Seat #2 is the button
Seat 5: e8220cc6 ($818.83 in chips)
Seat 2: e9ec8989 ($661.35 in chips)
Seat 6: Hero ($658.13 in chips)
e8220cc6: posts small blind $2
Hero: posts big blind $4
*** HOLE CARDS ***
Dealt to e8220cc6 
Dealt to e9ec8989 
Dealt to Hero [Th Ah]
e9ec8989: calls $4
e8220cc6: calls $2
Hero: raises $12 to $16
e9ec8989: calls $12
e8220cc6: calls $12
*** FLOP *** [Qd 5s 9d]
e8220cc6: checks
Hero: bets $14.4
e9ec8989: calls $14.4
e8220cc6: folds
*** TURN *** [Qd 5s 9d] [Qh]
Hero: bets $61.44
e9ec8989: raises $99.84 to $161.28
Hero: folds
Uncalled bet ($99.84) returned to e9ec8989
e9ec8989: shows [8s]
*** SHOWDOWN ***
e9ec8989 collected $199.68 from pot
*** SUMMARY ***
Total pot $199.68
Board [Qd 5s 9d Qh]
Seat 5: e8220cc6(small blind) folded on the Flop
Seat 2: e9ec8989 showed [8s] and won ($199.68) with Three Queens
Seat 6: Hero(big blind) folded on the Turn



Poker Hand #ring_977565345: NLH No Limit ($2/$4) - 2025/07/07 17:03:28
Table 'MR NLH 2/4' 7-max Seat #6 is the button
Seat 5: e8220cc6 ($814.83 in chips)
Seat 2: e9ec8989 ($665.35 in chips)
Seat 6: Hero ($658.13 in chips)
e9ec8989: posts small blind $2
e8220cc6: posts big blind $4
*** HOLE CARDS ***
Dealt to e8220cc6 
Dealt to e9ec8989 
Dealt to Hero [3d 7s]
Hero: folds
e9ec8989: calls $2
e8220cc6: raises $12 to $16
e9ec8989: folds
Uncalled bet ($12) returned to e8220cc6
*** SHOWDOWN ***
e8220cc6 collected $8 from pot
*** SUMMARY ***
Total pot $8
Seat 5: e8220cc6(big blind)won ($8)
Seat 2: e9ec8989(small blind) folded before Flop
Seat 6: Hero folded before Flop (didn't bet)



Poker Hand #ring_977565053: NLH No Limit ($2/$4) - 2025/07/07 17:03:15
Table 'MR NLH 2/4' 7-max Seat #5 is the button
Seat 5: e8220cc6 ($814.83 in chips)
Seat 2: e9ec8989 ($663.35 in chips)
Seat 6: Hero ($660.13 in chips)
Hero: posts small blind $2
e9ec8989: posts big blind $4
*** HOLE CARDS ***
Dealt to e8220cc6 
Dealt to e9ec8989 
Dealt to Hero [Jd 3c]
e8220cc6: folds
Hero: folds
*** SHOWDOWN ***
e9ec8989 collected $6 from pot
*** SUMMARY ***
Total pot $6
Seat 5: e8220cc6 folded before Flop (didn't bet)
Seat 2: e9ec8989(big blind)won ($6)
Seat 6: Hero(small blind) folded before Flop



Poker Hand #ring_977564151: NLH No Limit ($2/$4) - 2025/07/07 17:02:34
Table 'MR NLH 2/4' 7-max Seat #2 is the button
Seat 5: e8220cc6 ($816.83 in chips)
Seat 2: e9ec8989 ($653.34 in chips)
Seat 6: Hero ($669.03 in chips)
e8220cc6: posts small blind $2
Hero: posts big blind $4
*** HOLE CARDS ***
Dealt to e8220cc6 
Dealt to e9ec8989 
Dealt to Hero [4d 7s]
e9ec8989: calls $4
e8220cc6: folds
Hero: checks
*** FLOP *** [9c 9d 6h]
Hero: checks
e9ec8989: checks
*** TURN *** [9c 9d 6h] [9h]
Hero: checks
e9ec8989: checks
*** RIVER *** [9c 9d 6h 9h] [8h]
Hero: bets $4.9
e9ec8989: calls $4.9
e9ec8989: shows [Jd Qh]
Hero: shows [4d 7s]
*** SHOWDOWN ***
e9ec8989 collected $19.8 from pot
*** SUMMARY ***
Total pot $19.8
Board [9c 9d 6h 9h 8h]
Seat 5: e8220cc6(small blind) folded before Flop
Seat 2: e9ec8989 showed [Jd Qh] and won ($19.8) with Three Nines
Seat 6: Hero(big blind) showed [4d 7s] and lost with Three Nines



Poker Hand #ring_977563741: NLH No Limit ($2/$4) - 2025/07/07 17:02:13
Table 'MR NLH 2/4' 7-max Seat #6 is the button
Seat 5: e8220cc6 ($812.83 in chips)
Seat 2: e9ec8989 ($657.34 in chips)
Seat 6: Hero ($669.03 in chips)
e9ec8989: posts small blind $2
e8220cc6: posts big blind $4
*** HOLE CARDS ***
Dealt to e8220cc6 
Dealt to e9ec8989 
Dealt to Hero [2s Kh]
Hero: folds
e9ec8989: calls $2
e8220cc6: raises $12 to $16
e9ec8989: folds
Uncalled bet ($12) returned to e8220cc6
*** SHOWDOWN ***
e8220cc6 collected $8 from pot
*** SUMMARY ***
Total pot $8
Seat 5: e8220cc6(big blind)won ($8)
Seat 2: e9ec8989(small blind) folded before Flop
Seat 6: Hero folded before Flop (didn't bet)



Poker Hand #ring_977562349: NLH No Limit ($2/$4) - 2025/07/07 17:01:07
Table 'MR NLH 2/4' 7-max Seat #5 is the button
Seat 5: e8220cc6 ($800 in chips)
Seat 2: e9ec8989 ($669.34 in chips)
Seat 6: Hero ($671.03 in chips)
Hero: posts small blind $2
e9ec8989: posts big blind $4
*** HOLE CARDS ***
Dealt to e8220cc6 
Dealt to e9ec8989 
Dealt to Hero [Qd 2d]
e8220cc6: raises $8 to $12
Hero: folds
e9ec8989: calls $8
*** FLOP *** [Ac Kh Kd]
e9ec8989: checks
e8220cc6: bets $8.58
e9ec8989: folds
Uncalled bet ($8.58) returned to e8220cc6
*** SHOWDOWN ***
e8220cc6 collected $26 from pot
*** SUMMARY ***
Total pot $26
Board [Ac Kh Kd]
Seat 5: e8220cc6won ($26) with Pair of Kings
Seat 2: e9ec8989(big blind) folded on the Flop
Seat 6: Hero(small blind) folded before Flop



Poker Hand #ring_977561766: NLH No Limit ($2/$4) - 2025/07/07 17:00:38
Table 'MR NLH 2/4' 7-max Seat #2 is the button
Seat 5: e8220cc6 ($800 in chips)
Seat 2: e9ec8989 ($669.34 in chips)
Seat 6: Hero ($649.19 in chips)
e8220cc6: posts small blind $2
Hero: posts big blind $4
*** HOLE CARDS ***
Dealt to e8220cc6 
Dealt to e9ec8989 
Dealt to Hero [7d 7h]
e9ec8989: folds
e8220cc6: raises $8 to $12
Hero: calls $8
*** FLOP *** [Ad Kd 7c]
e8220cc6: bets $12
Hero: raises $38.4 to $50.4
e8220cc6: folds
Uncalled bet ($38.4) returned to Hero
*** SHOWDOWN ***
Hero collected $48 from pot
*** SUMMARY ***
Total pot $48
Board [Ad Kd 7c]
Seat 5: e8220cc6(small blind) folded on the Flop
Seat 2: e9ec8989 folded before Flop (didn't bet)
Seat 6: Hero(big blind)won ($48) with Three Sevens



Poker Hand #ring_977561355: NLH No Limit ($2/$4) - 2025/07/07 17:00:18
Table 'MR NLH 2/4' 7-max Seat #6 is the button
Seat 5: e8220cc6 ($779.83 in chips)
Seat 2: e9ec8989 ($665.7 in chips)
Seat 6: Hero ($649.19 in chips)
e9ec8989: posts small blind $2
e8220cc6: posts big blind $4
*** HOLE CARDS ***
Dealt to e8220cc6 
Dealt to e9ec8989 
Dealt to Hero [2c 4c]
Hero: folds
e9ec8989: calls $2
e8220cc6: checks
*** FLOP *** [Td Qs Tc]
e9ec8989: bets $6
e8220cc6: folds
Uncalled bet ($6) returned to e9ec8989
*** SHOWDOWN ***
e9ec8989 collected $8 from pot
*** SUMMARY ***
Total pot $8
Board [Td Qs Tc]
Seat 5: e8220cc6(big blind) folded on the Flop
Seat 2: e9ec8989(small blind)won ($8) with Pair of Jacks and Pair of Tens
Seat 6: Hero folded before Flop (didn't bet)



Poker Hand #ring_977560821: NLH No Limit ($2/$4) - 2025/07/07 16:59:52
Table 'MR NLH 2/4' 7-max Seat #5 is the button
Seat 5: e8220cc6 ($767 in chips)
Seat 2: e9ec8989 ($677.7 in chips)
Seat 6: Hero ($651.19 in chips)
Hero: posts small blind $2
e9ec8989: posts big blind $4
*** HOLE CARDS ***
Dealt to e8220cc6 
Dealt to e9ec8989 
Dealt to Hero [Js 3d]
e8220cc6: raises $8 to $12
Hero: folds
e9ec8989: calls $8
*** FLOP *** [3s Th Ah]
e9ec8989: checks
e8220cc6: bets $8.58
e9ec8989: folds
Uncalled bet ($8.58) returned to e8220cc6
*** SHOWDOWN ***
e8220cc6 collected $26 from pot
*** SUMMARY ***
Total pot $26
Board [3s Th Ah]
Seat 5: e8220cc6won ($26) with Pair of Tens
Seat 2: e9ec8989(big blind) folded on the Flop
Seat 6: Hero(small blind) folded before Flop



Poker Hand #ring_977560124: NLH No Limit ($2/$4) - 2025/07/07 16:59:18
Table 'MR NLH 2/4' 7-max Seat #2 is the button
Seat 5: e8220cc6 ($779 in chips)
Seat 2: e9ec8989 ($677.7 in chips)
Seat 6: Hero ($640.27 in chips)
e8220cc6: posts small blind $2
Hero: posts big blind $4
*** HOLE CARDS ***
Dealt to e8220cc6 
Dealt to e9ec8989 
Dealt to Hero [6c Tc]
e9ec8989: folds
e8220cc6: raises $8 to $12
Hero: calls $8
*** FLOP *** [2h Ac 4h]
e8220cc6: checks
Hero: checks
*** TURN *** [2h Ac 4h] [5c]
e8220cc6: checks
Hero: bets $12
e8220cc6: folds
Uncalled bet ($12) returned to Hero
*** SHOWDOWN ***
Hero collected $24 from pot
*** SUMMARY ***
Total pot $24
Board [2h Ac 4h 5c]
Seat 5: e8220cc6(small blind) folded on the Turn
Seat 2: e9ec8989 folded before Flop (didn't bet)
Seat 6: Hero(big blind)won ($24) with Ace-High



Poker Hand #ring_977559320: NLH No Limit ($2/$4) - 2025/07/07 16:58:40
Table 'MR NLH 2/4' 7-max Seat #6 is the button
Seat 5: e8220cc6 ($804 in chips)
Seat 2: e9ec8989 ($679.7 in chips)
Seat 6: Hero ($615.61 in chips)
e9ec8989: posts small blind $2
e8220cc6: posts big blind $4
*** HOLE CARDS ***
Dealt to e8220cc6 
Dealt to e9ec8989 
Dealt to Hero [Ac Tc]
Hero: raises $8 to $12
e9ec8989: folds
e8220cc6: calls $8
*** FLOP *** [7d Qh 6s]
e8220cc6: checks
Hero: checks
*** TURN *** [7d Qh 6s] [Ts]
e8220cc6: checks
Hero: bets $13
e8220cc6: calls $13
*** RIVER *** [7d Qh 6s Ts] [6d]
e8220cc6: checks
Hero: checks
e8220cc6: shows [3h 7h]
Hero: shows [Ac Tc]
*** SHOWDOWN ***
Hero collected $52 from pot
*** SUMMARY ***
Total pot $52
Board [7d Qh 6s Ts 6d]
Seat 5: e8220cc6(big blind) showed [3h 7h] and lost with Pair of Sevens and Pair of Sixes
Seat 2: e9ec8989(small blind) folded before Flop
Seat 6: Hero showed [Ac Tc] and won ($52) with Pair of Tens and Pair of Sixes



Poker Hand #ring_977558837: NLH No Limit ($2/$4) - 2025/07/07 16:58:17
Table 'MR NLH 2/4' 7-max Seat #5 is the button
Seat 5: e8220cc6 ($798 in chips)
Seat 2: e9ec8989 ($683.7 in chips)
Seat 6: Hero ($617.61 in chips)
Hero: posts small blind $2
e9ec8989: posts big blind $4
*** HOLE CARDS ***
Dealt to e8220cc6 
Dealt to e9ec8989 
Dealt to Hero [6c Qd]
e8220cc6: raises $8 to $12
Hero: folds
e9ec8989: folds
Uncalled bet ($8) returned to e8220cc6
*** SHOWDOWN ***
e8220cc6 collected $10 from pot
*** SUMMARY ***
Total pot $10
Seat 5: e8220cc6won ($10)
Seat 2: e9ec8989(big blind) folded before Flop
Seat 6: Hero(small blind) folded before Flop



Poker Hand #ring_977558605: NLH No Limit ($2/$4) - 2025/07/07 16:58:05
Table 'MR NLH 2/4' 7-max Seat #2 is the button
Seat 5: e8220cc6 ($800 in chips)
Seat 2: e9ec8989 ($683.7 in chips)
Seat 6: Hero ($615.61 in chips)
e8220cc6: posts small blind $2
Hero: posts big blind $4
*** HOLE CARDS ***
Dealt to e8220cc6 
Dealt to e9ec8989 
Dealt to Hero [Kc Ts]
e9ec8989: folds
e8220cc6: folds
*** SHOWDOWN ***
Hero collected $6 from pot
*** SUMMARY ***
Total pot $6
Seat 5: e8220cc6(small blind) folded before Flop
Seat 2: e9ec8989 folded before Flop (didn't bet)
Seat 6: Hero(big blind)won ($6)



Poker Hand #ring_977557483: NLH No Limit ($2/$4) - 2025/07/07 16:57:11
Table 'MR NLH 2/4' 7-max Seat #6 is the button
Seat 5: e8220cc6 ($841.15 in chips)
Seat 2: e9ec8989 ($685.7 in chips)
Seat 6: Hero ($549.65 in chips)
e9ec8989: posts small blind $2
e8220cc6: posts big blind $4
*** HOLE CARDS ***
Dealt to e8220cc6 
Dealt to e9ec8989 
Dealt to Hero [Js Ts]
Hero: raises $8 to $12
e9ec8989: folds
e8220cc6: raises $30 to $42
Hero: calls $30
*** FLOP *** [Ah Jc 5d]
e8220cc6: bets $28.38
Hero: calls $28.38
*** TURN *** [Ah Jc 5d] [Kc]
e8220cc6: checks
Hero: checks
*** RIVER *** [Ah Jc 5d Kc] [2c]
e8220cc6: checks
Hero: checks
e8220cc6: shows [8d 8s]
Hero: shows [Js Ts]
*** SHOWDOWN ***
Hero collected $142.76 from pot
*** SUMMARY ***
Total pot $142.76
Board [Ah Jc 5d Kc 2c]
Seat 5: e8220cc6(big blind) showed [8d 8s] and lost with Pair of Eights
Seat 2: e9ec8989(small blind) folded before Flop
Seat 6: Hero showed [Js Ts] and won ($142.76) with Pair of Jacks



Poker Hand #ring_977556706: NLH No Limit ($2/$4) - 2025/07/07 16:56:34
Table 'MR NLH 2/4' 7-max Seat #5 is the button
Seat 5: e8220cc6 ($841.15 in chips)
Seat 2: e9ec8989 ($667.5 in chips)
Seat 6: Hero ($569.65 in chips)
Hero: posts small blind $2
e9ec8989: posts big blind $4
*** HOLE CARDS ***
Dealt to e8220cc6 
Dealt to e9ec8989 
Dealt to Hero [7d 6d]
e8220cc6: folds
Hero: raises $6 to $10
e9ec8989: calls $6
*** FLOP *** [4d Jc 9s]
Hero: bets $10
e9ec8989: calls $10
*** TURN *** [4d Jc 9s] [6c]
Hero: checks
e9ec8989: checks
*** RIVER *** [4d Jc 9s 6c] [Ad]
Hero: checks
e9ec8989: checks
e9ec8989: shows [8d 9h]
Hero: shows [7d 6d]
*** SHOWDOWN ***
e9ec8989 collected $40 from pot
*** SUMMARY ***
Total pot $40
Board [4d Jc 9s 6c Ad]
Seat 5: e8220cc6 folded before Flop (didn't bet)
Seat 2: e9ec8989(big blind) showed [8d 9h] and won ($40) with Pair of Nines
Seat 6: Hero(small blind) showed [7d 6d] and lost with Pair of Sixes



Poker Hand #ring_977555454: NLH No Limit ($2/$4) - 2025/07/07 16:55:34
Table 'MR NLH 2/4' 7-max Seat #3 is the button
Seat 5: e8220cc6 ($843.15 in chips)
Seat 2: e9ec8989 ($667.5 in chips)
Seat 3: 9813135b ($988.04 in chips)
Seat 6: Hero ($552.03 in chips)
Seat 7: f321ef03 ($796.82 in chips)
e8220cc6: posts small blind $2
Hero: posts big blind $4
*** HOLE CARDS ***
Dealt to e8220cc6 
Dealt to e9ec8989 
Dealt to 9813135b 
Dealt to Hero [3h Jh]
Dealt to f321ef03 
f321ef03: raises $6 to $10
e9ec8989: folds
9813135b: folds
e8220cc6: folds
Hero: calls $6
*** FLOP *** [6h Th 2h]
Hero: checks
f321ef03: bets $7.26
Hero: raises $29.22 to $36.48
f321ef03: folds
Uncalled bet ($29.22) returned to Hero
*** SHOWDOWN ***
Hero collected $36.52 from pot
*** SUMMARY ***
Total pot $36.52
Board [6h Th 2h]
Seat 5: e8220cc6(small blind) folded before Flop
Seat 2: e9ec8989 folded before Flop (didn't bet)
Seat 3: 9813135b folded before Flop (didn't bet)
Seat 6: Hero(big blind)won ($36.52) with Jack High Flush
Seat 7: f321ef03 folded on the Flop



Poker Hand #ring_977554950: NLH No Limit ($2/$4) - 2025/07/07 16:55:10
Table 'MR NLH 2/4' 7-max Seat #2 is the button
Seat 5: e8220cc6 ($831.15 in chips)
Seat 2: e9ec8989 ($667.5 in chips)
Seat 3: 9813135b ($990.04 in chips)
Seat 6: Hero ($552.03 in chips)
Seat 7: f321ef03 ($806.82 in chips)
9813135b: posts small blind $2
e8220cc6: posts big blind $4
*** HOLE CARDS ***
Dealt to e8220cc6 
Dealt to e9ec8989 
Dealt to 9813135b 
Dealt to Hero [Ts 4s]
Dealt to f321ef03 
Hero: folds
f321ef03: raises $6 to $10
e9ec8989: folds
9813135b: folds
e8220cc6: raises $22 to $32
f321ef03: folds
Uncalled bet ($22) returned to e8220cc6
*** SHOWDOWN ***
e8220cc6 collected $22 from pot
*** SUMMARY ***
Total pot $22
Seat 5: e8220cc6(big blind)won ($22)
Seat 2: e9ec8989 folded before Flop (didn't bet)
Seat 3: 9813135b(small blind) folded before Flop
Seat 6: Hero folded before Flop (didn't bet)
Seat 7: f321ef03 folded before Flop



Poker Hand #ring_977553916: NLH No Limit ($2/$4) - 2025/07/07 16:54:33
Table 'MR NLH 2/4' 7-max Seat #7 is the button
Seat 5: e8220cc6 ($831.15 in chips)
Seat 2: e9ec8989 ($677.5 in chips)
Seat 3: 9813135b ($971.39 in chips)
Seat 6: Hero ($552.03 in chips)
Seat 7: f321ef03 ($816.82 in chips)
e9ec8989: posts small blind $2
9813135b: posts big blind $4
*** HOLE CARDS ***
Dealt to e8220cc6 
Dealt to e9ec8989 
Dealt to 9813135b 
Dealt to Hero [5h 4c]
Dealt to f321ef03 
e8220cc6: folds
Hero: folds
f321ef03: raises $6 to $10
e9ec8989: calls $8
9813135b: calls $6
*** FLOP *** [5c Ts 7c]
e9ec8989: checks
9813135b: bets $19.8
f321ef03: folds
e9ec8989: folds
Uncalled bet ($19.8) returned to 9813135b
*** SHOWDOWN ***
9813135b collected $30 from pot
*** SUMMARY ***
Total pot $30
Board [5c Ts 7c]
Seat 5: e8220cc6 folded before Flop (didn't bet)
Seat 2: e9ec8989(small blind) folded on the Flop
Seat 3: 9813135b(big blind)won ($30) with Pair of Tens
Seat 6: Hero folded before Flop (didn't bet)
Seat 7: f321ef03 folded on the Flop



Poker Hand #ring_977552937: NLH No Limit ($2/$4) - 2025/07/07 16:53:47
Table 'MR NLH 2/4' 7-max Seat #6 is the button
Seat 5: e8220cc6 ($831.15 in chips)
Seat 2: e9ec8989 ($689.5 in chips)
Seat 3: 9813135b ($971.39 in chips)
Seat 6: Hero ($539.2 in chips)
Seat 7: f321ef03 ($818.82 in chips)
f321ef03: posts small blind $2
e9ec8989: posts big blind $4
*** HOLE CARDS ***
Dealt to e8220cc6 
Dealt to e9ec8989 
Dealt to 9813135b 
Dealt to Hero [9c 8d]
Dealt to f321ef03 
9813135b: folds
e8220cc6: folds
Hero: raises $8 to $12
f321ef03: folds
e9ec8989: calls $8
*** FLOP *** [2d 4c 7d]
e9ec8989: checks
Hero: checks
*** TURN *** [2d 4c 7d] [Qd]
e9ec8989: checks
Hero: checks
*** RIVER *** [2d 4c 7d Qd] [Jd]
e9ec8989: checks
Hero: checks
e9ec8989: shows [9h 3h]
Hero: shows [9c 8d]
*** SHOWDOWN ***
Hero collected $26 from pot
*** SUMMARY ***
Total pot $26
Board [2d 4c 7d Qd Jd]
Seat 5: e8220cc6 folded before Flop (didn't bet)
Seat 2: e9ec8989(big blind) showed [9h 3h] and lost with Queen-High
Seat 3: 9813135b folded before Flop (didn't bet)
Seat 6: Hero showed [9c 8d] and won ($26) with Queen High Flush
Seat 7: f321ef03(small blind) folded before Flop



Poker Hand #ring_977551827: NLH No Limit ($2/$4) - 2025/07/07 16:52:52
Table 'MR NLH 2/4' 7-max Seat #5 is the button
Seat 5: e8220cc6 ($831.15 in chips)
Seat 2: e9ec8989 ($689.5 in chips)
Seat 1: 6b2b5cf0 ($1,053.72 in chips)
Seat 4: 5f889044 ($200 in chips)
Seat 3: 9813135b ($971.39 in chips)
Seat 6: Hero ($535.56 in chips)
Seat 7: f321ef03 ($822.82 in chips)
Hero: posts small blind $2
f321ef03: posts big blind $4
*** HOLE CARDS ***
Dealt to e8220cc6 
Dealt to e9ec8989 
Dealt to 6b2b5cf0 
Dealt to 5f889044 
Dealt to 9813135b 
Dealt to Hero [5s 2s]
Dealt to f321ef03 
6b2b5cf0: folds
e9ec8989: folds
9813135b: folds
5f889044: folds
e8220cc6: folds
Hero: calls $2
f321ef03: checks
*** FLOP *** [Kh Kd 6s]
Hero: checks
f321ef03: checks
*** TURN *** [Kh Kd 6s] [Ad]
Hero: bets $4
f321ef03: folds
Uncalled bet ($4) returned to Hero
*** SHOWDOWN ***
Hero collected $8 from pot
*** SUMMARY ***
Total pot $8
Board [Kh Kd 6s Ad]
Seat 5: e8220cc6 folded before Flop (didn't bet)
Seat 2: e9ec8989 folded before Flop (didn't bet)
Seat 1: 6b2b5cf0 folded before Flop (didn't bet)
Seat 4: 5f889044 folded before Flop (didn't bet)
Seat 3: 9813135b folded before Flop (didn't bet)
Seat 6: Hero(small blind)won ($8) with Pair of Kings
Seat 7: f321ef03(big blind) folded on the Turn



Poker Hand #ring_977550854: NLH No Limit ($2/$4) - 2025/07/07 16:52:07
Table 'MR NLH 2/4' 7-max Seat #4 is the button
Seat 5: e8220cc6 ($833.15 in chips)
Seat 2: e9ec8989 ($701 in chips)
Seat 1: 6b2b5cf0 ($1,053.72 in chips)
Seat 4: 5f889044 ($200 in chips)
Seat 3: 9813135b ($971.39 in chips)
Seat 6: Hero ($523.18 in chips)
Seat 7: f321ef03 ($822.82 in chips)
e8220cc6: posts small blind $2
Hero: posts big blind $4
*** HOLE CARDS ***
Dealt to e8220cc6 
Dealt to e9ec8989 
Dealt to 6b2b5cf0 
Dealt to 5f889044 
Dealt to 9813135b 
Dealt to Hero [Jd 9c]
Dealt to f321ef03 
f321ef03: folds
6b2b5cf0: folds
e9ec8989: calls $4
9813135b: folds
5f889044: folds
e8220cc6: folds
Hero: checks
*** FLOP *** [Kc 7s 3s]
Hero: checks
e9ec8989: checks
*** TURN *** [Kc 7s 3s] [Ts]
Hero: checks
e9ec8989: bets $7.5
Hero: calls $7.5
*** RIVER *** [Kc 7s 3s Ts] [Jh]
Hero: checks
e9ec8989: checks
e9ec8989: shows [Td Ah]
Hero: shows [Jd 9c]
*** SHOWDOWN ***
Hero collected $25 from pot
*** SUMMARY ***
Total pot $25
Board [Kc 7s 3s Ts Jh]
Seat 5: e8220cc6(small blind) folded before Flop
Seat 2: e9ec8989 showed [Td Ah] and lost with Pair of Tens
Seat 1: 6b2b5cf0 folded before Flop (didn't bet)
Seat 4: 5f889044 folded before Flop (didn't bet)
Seat 3: 9813135b folded before Flop (didn't bet)
Seat 6: Hero(big blind) showed [Jd 9c] and won ($25) with Pair of Jacks
Seat 7: f321ef03 folded before Flop (didn't bet)



Poker Hand #ring_977549823: NLH No Limit ($2/$4) - 2025/07/07 16:51:27
Table 'MR NLH 2/4' 7-max Seat #3 is the button
Seat 5: e8220cc6 ($837.15 in chips)
Seat 2: e9ec8989 ($674 in chips)
Seat 1: 6b2b5cf0 ($1,053.72 in chips)
Seat 4: 5f889044 ($209.95 in chips)
Seat 3: 9813135b ($971.39 in chips)
Seat 6: Hero ($523.18 in chips)
Seat 7: f321ef03 ($822.82 in chips)
5f889044: posts small blind $2
e8220cc6: posts big blind $4
e9ec8989: posts big blind $4
*** HOLE CARDS ***
Dealt to e8220cc6 
Dealt to e9ec8989 
Dealt to 6b2b5cf0 
Dealt to 5f889044 
Dealt to 9813135b 
Dealt to Hero [7d Qd]
Dealt to f321ef03 
Hero: folds
f321ef03: folds
6b2b5cf0: folds
e9ec8989: raises $4 to $8
9813135b: folds
5f889044: raises $15 to $23
e8220cc6: folds
e9ec8989: raises $16.5 to $39.5
5f889044: folds
Uncalled bet ($16.5) returned to e9ec8989
*** SHOWDOWN ***
e9ec8989 collected $50 from pot
*** SUMMARY ***
Total pot $50
Seat 5: e8220cc6(big blind) folded before Flop
Seat 2: e9ec8989won ($50)
Seat 1: 6b2b5cf0 folded before Flop (didn't bet)
Seat 4: 5f889044(small blind) folded before Flop
Seat 3: 9813135b folded before Flop (didn't bet)
Seat 6: Hero folded before Flop (didn't bet)
Seat 7: f321ef03 folded before Flop (didn't bet)



Poker Hand #ring_977548099: NLH No Limit ($2/$4) - 2025/07/07 16:50:07
Table 'MR NLH 2/4' 7-max Seat #1 is the button
Seat 5: e8220cc6 ($885.15 in chips)
Seat 1: 6b2b5cf0 ($1,053.72 in chips)
Seat 4: 5f889044 ($213.95 in chips)
Seat 3: 9813135b ($1,019.39 in chips)
Seat 6: Hero ($498.35 in chips)
Seat 7: f321ef03 ($798 in chips)
9813135b: posts small blind $2
5f889044: posts big blind $4
*** HOLE CARDS ***
Dealt to e8220cc6 
Dealt to 6b2b5cf0 
Dealt to 5f889044 
Dealt to 9813135b 
Dealt to Hero [Ah Qc]
Dealt to f321ef03 
*** FIRST FLOP *** [4s Kd Qh]
*** SECOND FLOP *** [4c 2s Tc]
*** FIRST TURN *** [4s Kd Qh] [Qd]
*** SECOND TURN *** [4c 2s Tc] [Kh]
*** FIRST RIVER *** [4s Kd Qh Qd] [9h]
*** SECOND RIVER *** [4c 2s Tc Kh] [8s]
e8220cc6: raises $8 to $12
Hero: calls $12
f321ef03: raises $36 to $48
6b2b5cf0: folds
9813135b: calls $46
5f889044: folds
e8220cc6: calls $36
Hero: raises $450.35 to $498.35 and is all-in
f321ef03: calls $450.35
9813135b: folds
e8220cc6: folds
Hero: shows [Ah Qc]
f321ef03: shows [Ks Ad]
*** FIRST SHOWDOWN ***
Hero collected $548.86 from pot
*** SECOND SHOWDOWN ***
f321ef03 collected $547.84 from pot
*** SUMMARY ***
Total pot $1,096.7
Hand was run two timesFIRST Board [4s Kd Qh Qd 9h]
SECOND Board [4c 2s Tc Kh 8s]
Seat 5: e8220cc6 folded before Flop
Seat 1: 6b2b5cf0 folded before Flop (didn't bet)
Seat 4: 5f889044(big blind) folded before Flop
Seat 3: 9813135b(small blind) folded before Flop
Seat 6: Hero showed [Ah Qc] and won ($548.86) with Three Queens / Ace-High
Seat 7: f321ef03 showed [Ks Ad] and won ($547.84) with Pair of Kings and Pair of Queens / Pair of Kings



Poker Hand #ring_977547105: NLH No Limit ($2/$4) - 2025/07/07 16:49:19
Table 'MR NLH 2/4' 7-max Seat #7 is the button
Seat 5: e8220cc6 ($885.15 in chips)
Seat 1: 6b2b5cf0 ($1,055.72 in chips)
Seat 4: 5f889044 ($213.95 in chips)
Seat 3: 9813135b ($1,005.39 in chips)
Seat 6: Hero ($510.35 in chips)
Seat 7: f321ef03 ($798 in chips)
6b2b5cf0: posts small blind $2
9813135b: posts big blind $4
*** HOLE CARDS ***
Dealt to e8220cc6 
Dealt to 6b2b5cf0 
Dealt to 5f889044 
Dealt to 9813135b 
Dealt to Hero [6h 8h]
Dealt to f321ef03 
5f889044: folds
e8220cc6: folds
Hero: raises $8 to $12
f321ef03: folds
6b2b5cf0: folds
9813135b: raises $36 to $48
Hero: folds
Uncalled bet ($36) returned to 9813135b
*** SHOWDOWN ***
9813135b collected $26 from pot
*** SUMMARY ***
Total pot $26
Seat 5: e8220cc6 folded before Flop (didn't bet)
Seat 1: 6b2b5cf0(small blind) folded before Flop
Seat 4: 5f889044 folded before Flop (didn't bet)
Seat 3: 9813135b(big blind)won ($26)
Seat 6: Hero folded before Flop
Seat 7: f321ef03 folded before Flop (didn't bet)



Poker Hand #ring_977546620: NLH No Limit ($2/$4) - 2025/07/07 16:48:57
Table 'MR NLH 2/4' 7-max Seat #6 is the button
Seat 5: e8220cc6 ($879.15 in chips)
Seat 1: 6b2b5cf0 ($1,059.72 in chips)
Seat 4: 5f889044 ($213.95 in chips)
Seat 3: 9813135b ($1,005.39 in chips)
Seat 6: Hero ($510.35 in chips)
Seat 7: f321ef03 ($800 in chips)
Seat 2: 22c56419 ($294.29 in chips)
f321ef03: posts small blind $2
6b2b5cf0: posts big blind $4
*** HOLE CARDS ***
Dealt to e8220cc6 
Dealt to 6b2b5cf0 
Dealt to 5f889044 
Dealt to 9813135b 
Dealt to Hero [7h Jh]
Dealt to f321ef03 
Dealt to 22c56419 
22c56419: folds
9813135b: folds
5f889044: folds
e8220cc6: raises $8 to $12
Hero: folds
f321ef03: folds
6b2b5cf0: folds
Uncalled bet ($8) returned to e8220cc6
*** SHOWDOWN ***
e8220cc6 collected $10 from pot
*** SUMMARY ***
Total pot $10
Seat 5: e8220cc6won ($10)
Seat 1: 6b2b5cf0(big blind) folded before Flop
Seat 4: 5f889044 folded before Flop (didn't bet)
Seat 3: 9813135b folded before Flop (didn't bet)
Seat 6: Hero folded before Flop (didn't bet)
Seat 7: f321ef03(small blind) folded before Flop
Seat 2: 22c56419 folded before Flop (didn't bet)



Poker Hand #ring_977544122: NLH No Limit ($2/$4) - 2025/07/07 16:46:57
Table 'MR NLH 2/4' 7-max Seat #5 is the button
Seat 5: e8220cc6 ($794 in chips)
Seat 1: 6b2b5cf0 ($1,059.72 in chips)
Seat 4: 5f889044 ($225.95 in chips)
Seat 3: 9813135b ($1,005.39 in chips)
Seat 6: Hero ($548.35 in chips)
Seat 7: f321ef03 ($800 in chips)
Seat 2: 22c56419 ($332.29 in chips)
Hero: posts small blind $2
f321ef03: posts big blind $4
*** HOLE CARDS ***
Dealt to e8220cc6 
Dealt to 6b2b5cf0 
Dealt to 5f889044 
Dealt to 9813135b 
Dealt to Hero [Th 9d]
Dealt to f321ef03 
Dealt to 22c56419 
6b2b5cf0: folds
22c56419: raises $8 to $12
9813135b: folds
5f889044: calls $12
e8220cc6: calls $12
Hero: calls $10
f321ef03: folds
*** FLOP *** [Ks 4s 6h]
Hero: checks
22c56419: checks
5f889044: checks
e8220cc6: checks
*** TURN *** [Ks 4s 6h] [9c]
Hero: checks
22c56419: checks
5f889044: checks
e8220cc6: bets $26
Hero: calls $26
22c56419: calls $26
5f889044: folds
*** RIVER *** [Ks 4s 6h 9c] [Jd]
Hero: checks
22c56419: checks
e8220cc6: checks
22c56419: shows [5s Qs]
e8220cc6: shows [5d Kd]
Hero: shows [Th 9d]
*** SHOWDOWN ***
e8220cc6 collected $130 from pot
*** SUMMARY ***
Total pot $130
Board [Ks 4s 6h 9c Jd]
Seat 5: e8220cc6 showed [5d Kd] and won ($130) with Pair of Kings
Seat 1: 6b2b5cf0 folded before Flop (didn't bet)
Seat 4: 5f889044 folded on the Turn
Seat 3: 9813135b folded before Flop (didn't bet)
Seat 6: Hero(small blind) showed [Th 9d] and lost with Pair of Nines
Seat 7: f321ef03(big blind) folded before Flop
Seat 2: 22c56419 showed [5s Qs] and lost with King-High



Poker Hand #ring_977542028: NLH No Limit ($2/$4) - 2025/07/07 16:45:17
Table 'MR NLH 2/4' 7-max Seat #4 is the button
Seat 5: e8220cc6 ($796 in chips)
Seat 1: 6b2b5cf0 ($1,011.5 in chips)
Seat 4: 5f889044 ($225.95 in chips)
Seat 3: 9813135b ($1,036.39 in chips)
Seat 6: Hero ($558.35 in chips)
Seat 7: f321ef03 ($800 in chips)
Seat 2: 22c56419 ($342.29 in chips)
e8220cc6: posts small blind $2
Hero: posts big blind $4
*** HOLE CARDS ***
Dealt to e8220cc6 
Dealt to 6b2b5cf0 
Dealt to 5f889044 
Dealt to 9813135b 
Dealt to Hero [Kd Jc]
Dealt to f321ef03 
Dealt to 22c56419 
f321ef03: folds
6b2b5cf0: raises $6 to $10
22c56419: calls $10
9813135b: calls $10
5f889044: folds
e8220cc6: folds
Hero: calls $6
*** FLOP *** [As 7d 3s]
Hero: checks
6b2b5cf0: checks
22c56419: checks
9813135b: checks
*** TURN *** [As 7d 3s] [8d]
Hero: checks
6b2b5cf0: bets $21
22c56419: folds
9813135b: calls $21
Hero: folds
*** RIVER *** [As 7d 3s 8d] [5d]
6b2b5cf0: checks
9813135b: checks
6b2b5cf0: shows [Ah Tc]
9813135b: shows [6c Ac]
*** SHOWDOWN ***
6b2b5cf0 collected $84 from pot
*** SUMMARY ***
Total pot $84
Board [As 7d 3s 8d 5d]
Seat 5: e8220cc6(small blind) folded before Flop
Seat 1: 6b2b5cf0 showed [Ah Tc] and won ($84) with Pair of Aces
Seat 4: 5f889044 folded before Flop (didn't bet)
Seat 3: 9813135b showed [6c Ac] and lost with Pair of Aces
Seat 6: Hero(big blind) folded on the Turn
Seat 7: f321ef03 folded before Flop (didn't bet)
Seat 2: 22c56419 folded on the Turn



Poker Hand #ring_977540709: NLH No Limit ($2/$4) - 2025/07/07 16:44:13
Table 'MR NLH 2/4' 7-max Seat #3 is the button
Seat 5: e8220cc6 ($800 in chips)
Seat 1: 6b2b5cf0 ($1,011.5 in chips)
Seat 4: 5f889044 ($227.95 in chips)
Seat 3: 9813135b ($1,036.39 in chips)
Seat 6: Hero ($529.05 in chips)
Seat 7: f321ef03 ($800 in chips)
Seat 2: 22c56419 ($369.29 in chips)
5f889044: posts small blind $2
e8220cc6: posts big blind $4
*** HOLE CARDS ***
Dealt to e8220cc6 
Dealt to 6b2b5cf0 
Dealt to 5f889044 
Dealt to 9813135b 
Dealt to Hero [7d 7h]
Dealt to f321ef03 
Dealt to 22c56419 
Hero: raises $8 to $12
f321ef03: folds
6b2b5cf0: folds
22c56419: calls $12
9813135b: folds
5f889044: folds
e8220cc6: folds
*** FLOP *** [8d Kh 2h]
Hero: checks
22c56419: checks
*** TURN *** [8d Kh 2h] [Qc]
Hero: bets $15
22c56419: calls $15
*** RIVER *** [8d Kh 2h Qc] [8h]
Hero: checks
22c56419: checks
22c56419: shows [Ac Th]
Hero: shows [7d 7h]
*** SHOWDOWN ***
Hero collected $60 from pot
*** SUMMARY ***
Total pot $60
Board [8d Kh 2h Qc 8h]
Seat 5: e8220cc6(big blind) folded before Flop
Seat 1: 6b2b5cf0 folded before Flop (didn't bet)
Seat 4: 5f889044(small blind) folded before Flop
Seat 3: 9813135b folded before Flop (didn't bet)
Seat 6: Hero showed [7d 7h] and won ($60) with Pair of Eights and Pair of Sevens
Seat 7: f321ef03 folded before Flop (didn't bet)
Seat 2: 22c56419 showed [Ac Th] and lost with Pair of Eights



Poker Hand #ring_977539193: NLH No Limit ($2/$4) - 2025/07/07 16:43:01
Table 'MR NLH 2/4' 7-max Seat #2 is the button
Seat 5: e8220cc6 ($798 in chips)
Seat 1: 6b2b5cf0 ($1,011.5 in chips)
Seat 4: 5f889044 ($231.95 in chips)
Seat 3: 9813135b ($921.73 in chips)
Seat 6: Hero ($529.05 in chips)
Seat 7: f321ef03 ($871.72 in chips)
Seat 2: 22c56419 ($369.29 in chips)
9813135b: posts small blind $2
5f889044: posts big blind $4
*** HOLE CARDS ***
Dealt to e8220cc6 
Dealt to 6b2b5cf0 
Dealt to 5f889044 
Dealt to 9813135b 
Dealt to Hero [Kc 9d]
Dealt to f321ef03 
Dealt to 22c56419 
e8220cc6: raises $8 to $12
Hero: folds
f321ef03: raises $28 to $40
6b2b5cf0: folds
22c56419: folds
9813135b: calls $38
5f889044: folds
e8220cc6: calls $28
*** FLOP *** [6c 4d 5h]
9813135b: checks
e8220cc6: checks
f321ef03: bets $40.92
9813135b: raises $164.68 to $205.6
e8220cc6: folds
f321ef03: folds
Uncalled bet ($164.68) returned to 9813135b
*** SHOWDOWN ***
9813135b collected $205.84 from pot
*** SUMMARY ***
Total pot $205.84
Board [6c 4d 5h]
Seat 5: e8220cc6 folded on the Flop
Seat 1: 6b2b5cf0 folded before Flop (didn't bet)
Seat 4: 5f889044(big blind) folded before Flop
Seat 3: 9813135b(small blind)won ($205.84) with Three Fours
Seat 6: Hero folded before Flop (didn't bet)
Seat 7: f321ef03 folded on the Flop
Seat 2: 22c56419 folded before Flop (didn't bet)



Poker Hand #ring_977538218: NLH No Limit ($2/$4) - 2025/07/07 16:42:14
Table 'MR NLH 2/4' 7-max Seat #1 is the button
Seat 5: e8220cc6 ($798 in chips)
Seat 1: 6b2b5cf0 ($1,021.5 in chips)
Seat 4: 5f889044 ($231.95 in chips)
Seat 3: 9813135b ($925.73 in chips)
Seat 6: Hero ($529.05 in chips)
Seat 7: f321ef03 ($881.72 in chips)
Seat 2: 22c56419 ($345.29 in chips)
22c56419: posts small blind $2
9813135b: posts big blind $4
*** HOLE CARDS ***
Dealt to e8220cc6 
Dealt to 6b2b5cf0 
Dealt to 5f889044 
Dealt to 9813135b 
Dealt to Hero [4d Js]
Dealt to f321ef03 
Dealt to 22c56419 
5f889044: folds
e8220cc6: folds
Hero: folds
f321ef03: raises $6 to $10
6b2b5cf0: calls $10
22c56419: raises $67 to $77
9813135b: folds
f321ef03: folds
6b2b5cf0: folds
Uncalled bet ($67) returned to 22c56419
*** SHOWDOWN ***
22c56419 collected $34 from pot
*** SUMMARY ***
Total pot $34
Seat 5: e8220cc6 folded before Flop (didn't bet)
Seat 1: 6b2b5cf0 folded before Flop
Seat 4: 5f889044 folded before Flop (didn't bet)
Seat 3: 9813135b(big blind) folded before Flop
Seat 6: Hero folded before Flop (didn't bet)
Seat 7: f321ef03 folded before Flop
Seat 2: 22c56419(small blind)won ($34)



Poker Hand #ring_977537666: NLH No Limit ($2/$4) - 2025/07/07 16:41:48
Table 'MR NLH 2/4' 7-max Seat #7 is the button
Seat 5: e8220cc6 ($798 in chips)
Seat 1: 6b2b5cf0 ($1,023.5 in chips)
Seat 4: 5f889044 ($231.95 in chips)
Seat 3: 9813135b ($925.73 in chips)
Seat 6: Hero ($529.05 in chips)
Seat 7: f321ef03 ($881.72 in chips)
Seat 2: 22c56419 ($343.29 in chips)
6b2b5cf0: posts small blind $2
22c56419: posts big blind $4
*** HOLE CARDS ***
Dealt to e8220cc6 
Dealt to 6b2b5cf0 
Dealt to 5f889044 
Dealt to 9813135b 
Dealt to Hero [9c 8s]
Dealt to f321ef03 
Dealt to 22c56419 
9813135b: folds
5f889044: folds
e8220cc6: folds
Hero: folds
f321ef03: folds
6b2b5cf0: folds
*** SHOWDOWN ***
22c56419 collected $6 from pot
*** SUMMARY ***
Total pot $6
Seat 5: e8220cc6 folded before Flop (didn't bet)
Seat 1: 6b2b5cf0(small blind) folded before Flop
Seat 4: 5f889044 folded before Flop (didn't bet)
Seat 3: 9813135b folded before Flop (didn't bet)
Seat 6: Hero folded before Flop (didn't bet)
Seat 7: f321ef03 folded before Flop (didn't bet)
Seat 2: 22c56419(big blind)won ($6)



Poker Hand #ring_977536749: NLH No Limit ($2/$4) - 2025/07/07 16:41:03
Table 'MR NLH 2/4' 7-max Seat #6 is the button
Seat 5: e8220cc6 ($798 in chips)
Seat 1: 6b2b5cf0 ($1,027.5 in chips)
Seat 4: 5f889044 ($241.95 in chips)
Seat 3: 9813135b ($925.73 in chips)
Seat 6: Hero ($513.05 in chips)
Seat 7: f321ef03 ($883.72 in chips)
Seat 2: 22c56419 ($343.29 in chips)
f321ef03: posts small blind $2
6b2b5cf0: posts big blind $4
*** HOLE CARDS ***
Dealt to e8220cc6 
Dealt to 6b2b5cf0 
Dealt to 5f889044 
Dealt to 9813135b 
Dealt to Hero [As Ks]
Dealt to f321ef03 
Dealt to 22c56419 
22c56419: folds
9813135b: folds
5f889044: raises $6 to $10
e8220cc6: folds
Hero: raises $30.18 to $40.18
f321ef03: folds
6b2b5cf0: folds
5f889044: folds
Uncalled bet ($30.18) returned to Hero
*** SHOWDOWN ***
Hero collected $26 from pot
*** SUMMARY ***
Total pot $26
Seat 5: e8220cc6 folded before Flop (didn't bet)
Seat 1: 6b2b5cf0(big blind) folded before Flop
Seat 4: 5f889044 folded before Flop
Seat 3: 9813135b folded before Flop (didn't bet)
Seat 6: Herowon ($26)
Seat 7: f321ef03(small blind) folded before Flop
Seat 2: 22c56419 folded before Flop (didn't bet)



Poker Hand #ring_977534936: NLH No Limit ($2/$4) - 2025/07/07 16:39:37
Table 'MR NLH 2/4' 7-max Seat #5 is the button
Seat 5: e8220cc6 ($798 in chips)
Seat 1: 6b2b5cf0 ($1,027.5 in chips)
Seat 4: 5f889044 ($241.95 in chips)
Seat 3: 9813135b ($990.93 in chips)
Seat 6: Hero ($450.89 in chips)
Seat 7: f321ef03 ($887.72 in chips)
Seat 2: 22c56419 ($343.29 in chips)
Hero: posts small blind $2
f321ef03: posts big blind $4
*** HOLE CARDS ***
Dealt to e8220cc6 
Dealt to 6b2b5cf0 
Dealt to 5f889044 
Dealt to 9813135b 
Dealt to Hero [Tc Th]
Dealt to f321ef03 
Dealt to 22c56419 
6b2b5cf0: folds
22c56419: folds
9813135b: raises $6 to $10
5f889044: folds
e8220cc6: folds
Hero: raises $30 to $40
f321ef03: folds
9813135b: calls $30
*** FLOP *** [Ks As 2s]
Hero: bets $25.2
9813135b: calls $25.2
*** TURN *** [Ks As 2s] [Jh]
Hero: bets $122.27
9813135b: folds
Uncalled bet ($122.27) returned to Hero
*** SHOWDOWN ***
Hero collected $134.4 from pot
*** SUMMARY ***
Total pot $134.4
Board [Ks As 2s Jh]
Seat 5: e8220cc6 folded before Flop (didn't bet)
Seat 1: 6b2b5cf0 folded before Flop (didn't bet)
Seat 4: 5f889044 folded before Flop (didn't bet)
Seat 3: 9813135b folded on the Turn
Seat 6: Hero(small blind)won ($134.4) with Pair of Tens
Seat 7: f321ef03(big blind) folded before Flop
Seat 2: 22c56419 folded before Flop (didn't bet)



Poker Hand #ring_977534103: NLH No Limit ($2/$4) - 2025/07/07 16:38:58
Table 'MR NLH 2/4' 7-max Seat #4 is the button
Seat 5: e8220cc6 ($800 in chips)
Seat 1: 6b2b5cf0 ($1,027.5 in chips)
Seat 4: 5f889044 ($230.94 in chips)
Seat 3: 9813135b ($990.93 in chips)
Seat 6: Hero ($460.89 in chips)
Seat 7: f321ef03 ($887.72 in chips)
Seat 2: 22c56419 ($343.29 in chips)
e8220cc6: posts small blind $2
Hero: posts big blind $4
*** HOLE CARDS ***
Dealt to e8220cc6 
Dealt to 6b2b5cf0 
Dealt to 5f889044 
Dealt to 9813135b 
Dealt to Hero [Td 3d]
Dealt to f321ef03 
Dealt to 22c56419 
f321ef03: folds
6b2b5cf0: folds
22c56419: folds
9813135b: folds
5f889044: raises $6 to $10
e8220cc6: folds
Hero: calls $6
*** FLOP *** [6h 9d 5s]
Hero: checks
5f889044: bets $11
Hero: folds
Uncalled bet ($11) returned to 5f889044
*** SHOWDOWN ***
5f889044 collected $22 from pot
*** SUMMARY ***
Total pot $22
Board [6h 9d 5s]
Seat 5: e8220cc6(small blind) folded before Flop
Seat 1: 6b2b5cf0 folded before Flop (didn't bet)
Seat 4: 5f889044won ($22) with Jack-High
Seat 3: 9813135b folded before Flop (didn't bet)
Seat 6: Hero(big blind) folded on the Flop
Seat 7: f321ef03 folded before Flop (didn't bet)
Seat 2: 22c56419 folded before Flop (didn't bet)



Poker Hand #ring_977532818: NLH No Limit ($2/$4) - 2025/07/07 16:37:57
Table 'MR NLH 2/4' 7-max Seat #3 is the button
Seat 5: e8220cc6 ($800 in chips)
Seat 1: 6b2b5cf0 ($1,027.5 in chips)
Seat 4: 5f889044 ($232.94 in chips)
Seat 3: 9813135b ($990.93 in chips)
Seat 6: Hero ($460.89 in chips)
Seat 7: f321ef03 ($870.1 in chips)
Seat 2: 22c56419 ($343.29 in chips)
5f889044: posts small blind $2
e8220cc6: posts big blind $4
*** HOLE CARDS ***
Dealt to e8220cc6 
Dealt to 6b2b5cf0 
Dealt to 5f889044 
Dealt to 9813135b 
Dealt to Hero [Kd 4s]
Dealt to f321ef03 
Dealt to 22c56419 
Hero: folds
f321ef03: raises $6 to $10
6b2b5cf0: folds
22c56419: folds
9813135b: folds
5f889044: folds
e8220cc6: calls $6
*** FLOP *** [8d 7s 2c]
e8220cc6: checks
f321ef03: bets $7.26
e8220cc6: calls $7.26
*** TURN *** [8d 7s 2c] [6c]
e8220cc6: checks
f321ef03: bets $27.39
e8220cc6: folds
Uncalled bet ($27.39) returned to f321ef03
*** SHOWDOWN ***
f321ef03 collected $36.52 from pot
*** SUMMARY ***
Total pot $36.52
Board [8d 7s 2c 6c]
Seat 5: e8220cc6(big blind) folded on the Turn
Seat 1: 6b2b5cf0 folded before Flop (didn't bet)
Seat 4: 5f889044(small blind) folded before Flop
Seat 3: 9813135b folded before Flop (didn't bet)
Seat 6: Hero folded before Flop (didn't bet)
Seat 7: f321ef03won ($36.52) with Pair of Fives
Seat 2: 22c56419 folded before Flop (didn't bet)



Poker Hand #ring_977531853: NLH No Limit ($2/$4) - 2025/07/07 16:37:10
Table 'MR NLH 2/4' 7-max Seat #2 is the button
Seat 5: e8220cc6 ($800 in chips)
Seat 1: 6b2b5cf0 ($1,027.5 in chips)
Seat 4: 5f889044 ($242.94 in chips)
Seat 3: 9813135b ($992.93 in chips)
Seat 6: Hero ($460.89 in chips)
Seat 7: f321ef03 ($849.54 in chips)
Seat 2: 22c56419 ($353.29 in chips)
9813135b: posts small blind $2
5f889044: posts big blind $4
*** HOLE CARDS ***
Dealt to e8220cc6 
Dealt to 6b2b5cf0 
Dealt to 5f889044 
Dealt to 9813135b 
Dealt to Hero [Jh 3h]
Dealt to f321ef03 
Dealt to 22c56419 
e8220cc6: folds
Hero: folds
f321ef03: raises $6 to $10
6b2b5cf0: folds
22c56419: calls $10
9813135b: folds
5f889044: calls $6
*** FLOP *** [2h Qs 3c]
5f889044: checks
f321ef03: checks
22c56419: checks
*** TURN *** [2h Qs 3c] [Th]
5f889044: checks
f321ef03: bets $64
22c56419: folds
5f889044: folds
Uncalled bet ($64) returned to f321ef03
*** SHOWDOWN ***
f321ef03 collected $32 from pot
*** SUMMARY ***
Total pot $32
Board [2h Qs 3c Th]
Seat 5: e8220cc6 folded before Flop (didn't bet)
Seat 1: 6b2b5cf0 folded before Flop (didn't bet)
Seat 4: 5f889044(big blind) folded on the Turn
Seat 3: 9813135b(small blind) folded before Flop
Seat 6: Hero folded before Flop (didn't bet)
Seat 7: f321ef03won ($32) with Ace-High
Seat 2: 22c56419 folded on the Turn



Poker Hand #ring_977530577: NLH No Limit ($2/$4) - 2025/07/07 16:36:08
Table 'MR NLH 2/4' 7-max Seat #1 is the button
Seat 5: e8220cc6 ($800 in chips)
Seat 1: 6b2b5cf0 ($977.45 in chips)
Seat 4: 5f889044 ($242.94 in chips)
Seat 3: 9813135b ($1,046.93 in chips)
Seat 6: Hero ($460.89 in chips)
Seat 7: f321ef03 ($849.54 in chips)
Seat 2: 22c56419 ($355.29 in chips)
22c56419: posts small blind $2
9813135b: posts big blind $4
*** HOLE CARDS ***
Dealt to e8220cc6 
Dealt to 6b2b5cf0 
Dealt to 5f889044 
Dealt to 9813135b 
Dealt to Hero [Js 3d]
Dealt to f321ef03 
Dealt to 22c56419 
5f889044: folds
e8220cc6: folds
Hero: folds
f321ef03: folds
6b2b5cf0: raises $6 to $10
22c56419: folds
9813135b: calls $6
*** FLOP *** [Jh Td Ah]
9813135b: checks
6b2b5cf0: bets $11
9813135b: calls $11
*** TURN *** [Jh Td Ah] [6h]
9813135b: checks
6b2b5cf0: bets $33
9813135b: calls $33
*** RIVER *** [Jh Td Ah 6h] [8s]
9813135b: checks
6b2b5cf0: bets $110
9813135b: folds
Uncalled bet ($110) returned to 6b2b5cf0
*** SHOWDOWN ***
6b2b5cf0 collected $110 from pot
*** SUMMARY ***
Total pot $110
Board [Jh Td Ah 6h 8s]
Seat 5: e8220cc6 folded before Flop (didn't bet)
Seat 1: 6b2b5cf0won ($110) with Three Sixes
Seat 4: 5f889044 folded before Flop (didn't bet)
Seat 3: 9813135b(big blind) folded on the River
Seat 6: Hero folded before Flop (didn't bet)
Seat 7: f321ef03 folded before Flop (didn't bet)
Seat 2: 22c56419(small blind) folded before Flop



Poker Hand #ring_977529583: NLH No Limit ($2/$4) - 2025/07/07 16:35:19
Table 'MR NLH 2/4' 7-max Seat #7 is the button
Seat 5: e8220cc6 ($800 in chips)
Seat 1: 6b2b5cf0 ($979.45 in chips)
Seat 4: 5f889044 ($252.94 in chips)
Seat 3: 9813135b ($1,046.93 in chips)
Seat 6: Hero ($444.89 in chips)
Seat 7: f321ef03 ($849.54 in chips)
Seat 2: 22c56419 ($359.29 in chips)
6b2b5cf0: posts small blind $2
22c56419: posts big blind $4
*** HOLE CARDS ***
Dealt to e8220cc6 
Dealt to 6b2b5cf0 
Dealt to 5f889044 
Dealt to 9813135b 
Dealt to Hero [As Js]
Dealt to f321ef03 
Dealt to 22c56419 
9813135b: folds
5f889044: raises $6 to $10
e8220cc6: folds
Hero: raises $20.8 to $30.8
f321ef03: folds
6b2b5cf0: folds
22c56419: folds
5f889044: folds
Uncalled bet ($20.8) returned to Hero
*** SHOWDOWN ***
Hero collected $26 from pot
*** SUMMARY ***
Total pot $26
Seat 5: e8220cc6 folded before Flop (didn't bet)
Seat 1: 6b2b5cf0(small blind) folded before Flop
Seat 4: 5f889044 folded before Flop
Seat 3: 9813135b folded before Flop (didn't bet)
Seat 6: Herowon ($26)
Seat 7: f321ef03 folded before Flop (didn't bet)
Seat 2: 22c56419(big blind) folded before Flop



Poker Hand #ring_977528821: NLH No Limit ($2/$4) - 2025/07/07 16:34:42
Table 'MR NLH 2/4' 7-max Seat #6 is the button
Seat 5: e8220cc6 ($800 in chips)
Seat 1: 6b2b5cf0 ($983.45 in chips)
Seat 4: 5f889044 ($252.94 in chips)
Seat 3: 9813135b ($1,046.93 in chips)
Seat 6: Hero ($444.89 in chips)
Seat 7: f321ef03 ($851.54 in chips)
Seat 2: 22c56419 ($353.29 in chips)
f321ef03: posts small blind $2
6b2b5cf0: posts big blind $4
*** HOLE CARDS ***
Dealt to e8220cc6 
Dealt to 6b2b5cf0 
Dealt to 5f889044 
Dealt to 9813135b 
Dealt to Hero [3c 5d]
Dealt to f321ef03 
Dealt to 22c56419 
22c56419: raises $8 to $12
9813135b: folds
5f889044: folds
e8220cc6: folds
Hero: folds
f321ef03: folds
6b2b5cf0: folds
Uncalled bet ($8) returned to 22c56419
*** SHOWDOWN ***
22c56419 collected $10 from pot
*** SUMMARY ***
Total pot $10
Seat 5: e8220cc6 folded before Flop (didn't bet)
Seat 1: 6b2b5cf0(big blind) folded before Flop
Seat 4: 5f889044 folded before Flop (didn't bet)
Seat 3: 9813135b folded before Flop (didn't bet)
Seat 6: Hero folded before Flop (didn't bet)
Seat 7: f321ef03(small blind) folded before Flop
Seat 2: 22c56419won ($10)



Poker Hand #ring_977527934: NLH No Limit ($2/$4) - 2025/07/07 16:34:00
Table 'MR NLH 2/4' 7-max Seat #5 is the button
Seat 5: e8220cc6 ($800 in chips)
Seat 1: 6b2b5cf0 ($983.45 in chips)
Seat 4: 5f889044 ($252.94 in chips)
Seat 3: 9813135b ($1,062.93 in chips)
Seat 6: Hero ($446.89 in chips)
Seat 7: f321ef03 ($867.54 in chips)
Seat 2: 22c56419 ($322.54 in chips)
Hero: posts small blind $2
f321ef03: posts big blind $4
*** HOLE CARDS ***
Dealt to e8220cc6 
Dealt to 6b2b5cf0 
Dealt to 5f889044 
Dealt to 9813135b 
Dealt to Hero [5h Td]
Dealt to f321ef03 
Dealt to 22c56419 
6b2b5cf0: folds
22c56419: raises $12 to $16
9813135b: calls $16
5f889044: folds
e8220cc6: folds
Hero: folds
f321ef03: calls $12
*** FLOP *** [Jh 8c 6d]
f321ef03: checks
22c56419: bets $50
9813135b: folds
f321ef03: folds
Uncalled bet ($50) returned to 22c56419
*** SHOWDOWN ***
22c56419 collected $50 from pot
*** SUMMARY ***
Total pot $50
Board [Jh 8c 6d]
Seat 5: e8220cc6 folded before Flop (didn't bet)
Seat 1: 6b2b5cf0 folded before Flop (didn't bet)
Seat 4: 5f889044 folded before Flop (didn't bet)
Seat 3: 9813135b folded on the Flop
Seat 6: Hero(small blind) folded before Flop
Seat 7: f321ef03(big blind) folded on the Flop
Seat 2: 22c56419won ($50) with Pair of Jacks



Poker Hand #ring_977525976: NLH No Limit ($2/$4) - 2025/07/07 16:32:24
Table 'MR NLH 2/4' 7-max Seat #4 is the button
Seat 5: e8220cc6 ($833.81 in chips)
Seat 1: 6b2b5cf0 ($983.45 in chips)
Seat 4: 5f889044 ($252.94 in chips)
Seat 3: 9813135b ($1,062.93 in chips)
Seat 6: Hero ($265.17 in chips)
Seat 7: f321ef03 ($867.54 in chips)
Seat 2: 22c56419 ($338.54 in chips)
e8220cc6: posts small blind $2
Hero: posts big blind $4
*** HOLE CARDS ***
Dealt to e8220cc6 
Dealt to 6b2b5cf0 
Dealt to 5f889044 
Dealt to 9813135b 
Dealt to Hero [7d 8h]
Dealt to f321ef03 
Dealt to 22c56419 
f321ef03: folds
6b2b5cf0: folds
22c56419: calls $4
9813135b: folds
5f889044: folds
e8220cc6: raises $12 to $16
Hero: calls $12
22c56419: calls $12
*** FLOP *** [9d Ts 6s]
e8220cc6: bets $24
Hero: calls $24
22c56419: folds
*** TURN *** [9d Ts 6s] [Td]
e8220cc6: bets $48
Hero: calls $48
*** RIVER *** [9d Ts 6s Td] [Qs]
e8220cc6: checks
Hero: bets $96
e8220cc6: calls $96
e8220cc6: shows [9c Ad]
Hero: shows [7d 8h]
*** SHOWDOWN ***
Hero collected $384 from pot
*** SUMMARY ***
Total pot $384
Board [9d Ts 6s Td Qs]
Seat 5: e8220cc6(small blind) showed [9c Ad] and lost with Pair of Tens and Pair of Nines
Seat 1: 6b2b5cf0 folded before Flop (didn't bet)
Seat 4: 5f889044 folded before Flop (didn't bet)
Seat 3: 9813135b folded before Flop (didn't bet)
Seat 6: Hero(big blind) showed [7d 8h] and won ($384) with Tens-High Straight
Seat 7: f321ef03 folded before Flop (didn't bet)
Seat 2: 22c56419 folded on the Flop



Poker Hand #ring_977524284: NLH No Limit ($2/$4) - 2025/07/07 16:31:00
Table 'MR NLH 2/4' 7-max Seat #3 is the button
Seat 5: e8220cc6 ($991.65 in chips)
Seat 1: 6b2b5cf0 ($993.45 in chips)
Seat 4: 5f889044 ($254.94 in chips)
Seat 3: 9813135b ($867.19 in chips)
Seat 6: Hero ($265.17 in chips)
Seat 7: f321ef03 ($867.54 in chips)
Seat 2: 22c56419 ($382.14 in chips)
5f889044: posts small blind $2
e8220cc6: posts big blind $4
*** HOLE CARDS ***
Dealt to e8220cc6 
Dealt to 6b2b5cf0 
Dealt to 5f889044 
Dealt to 9813135b 
Dealt to Hero [6h 4d]
Dealt to f321ef03 
Dealt to 22c56419 
Hero: folds
f321ef03: folds
6b2b5cf0: raises $6 to $10
22c56419: calls $10
9813135b: calls $10
5f889044: folds
e8220cc6: calls $6
*** FLOP *** [Js Qs 3c]
e8220cc6: checks
6b2b5cf0: checks
22c56419: checks
9813135b: bets $33.6
e8220cc6: calls $33.6
6b2b5cf0: folds
22c56419: calls $33.6
*** TURN *** [Js Qs 3c] [Ad]
e8220cc6: checks
22c56419: checks
9813135b: checks
*** RIVER *** [Js Qs 3c Ad] [8d]
e8220cc6: checks
22c56419: checks
9813135b: bets $114.24
e8220cc6: calls $114.24
22c56419: folds
9813135b: shows [8h Qh]
e8220cc6: shows [Qc Ts]
*** SHOWDOWN ***
9813135b collected $371.28 from pot
*** SUMMARY ***
Total pot $371.28
Board [Js Qs 3c Ad 8d]
Seat 5: e8220cc6(big blind) showed [Qc Ts] and lost with Pair of Queens
Seat 1: 6b2b5cf0 folded on the Flop
Seat 4: 5f889044(small blind) folded before Flop
Seat 3: 9813135b showed [8h Qh] and won ($371.28) with Pair of Queens and Pair of Eights
Seat 6: Hero folded before Flop (didn't bet)
Seat 7: f321ef03 folded before Flop (didn't bet)
Seat 2: 22c56419 folded on the River



Poker Hand #ring_977523323: NLH No Limit ($2/$4) - 2025/07/07 16:30:14
Table 'MR NLH 2/4' 7-max Seat #2 is the button
Seat 5: e8220cc6 ($991.65 in chips)
Seat 1: 6b2b5cf0 ($993.45 in chips)
Seat 4: 5f889044 ($258.94 in chips)
Seat 3: 9813135b ($869.19 in chips)
Seat 6: Hero ($265.17 in chips)
Seat 7: f321ef03 ($877.54 in chips)
Seat 2: 22c56419 ($367.31 in chips)
9813135b: posts small blind $2
5f889044: posts big blind $4
*** HOLE CARDS ***
Dealt to e8220cc6 
Dealt to 6b2b5cf0 
Dealt to 5f889044 
Dealt to 9813135b 
Dealt to Hero [7s 3d]
Dealt to f321ef03 
Dealt to 22c56419 
e8220cc6: folds
Hero: folds
f321ef03: raises $6 to $10
6b2b5cf0: folds
22c56419: calls $10
9813135b: folds
5f889044: folds
*** FLOP *** [7h Qc 4h]
f321ef03: checks
22c56419: bets $19.5
f321ef03: folds
Uncalled bet ($19.5) returned to 22c56419
*** SHOWDOWN ***
22c56419 collected $26 from pot
*** SUMMARY ***
Total pot $26
Board [7h Qc 4h]
Seat 5: e8220cc6 folded before Flop (didn't bet)
Seat 1: 6b2b5cf0 folded before Flop (didn't bet)
Seat 4: 5f889044(big blind) folded before Flop
Seat 3: 9813135b(small blind) folded before Flop
Seat 6: Hero folded before Flop (didn't bet)
Seat 7: f321ef03 folded on the Flop
Seat 2: 22c56419won ($26) with Pair of Queens



Poker Hand #ring_977522383: NLH No Limit ($2/$4) - 2025/07/07 16:29:28
Table 'MR NLH 2/4' 7-max Seat #1 is the button
Seat 5: e8220cc6 ($991.65 in chips)
Seat 1: 6b2b5cf0 ($993.45 in chips)
Seat 4: 5f889044 ($268.94 in chips)
Seat 3: 9813135b ($858.18 in chips)
Seat 6: Hero ($265.17 in chips)
Seat 7: f321ef03 ($877.54 in chips)
Seat 2: 22c56419 ($369.31 in chips)
22c56419: posts small blind $2
9813135b: posts big blind $4
*** HOLE CARDS ***
Dealt to e8220cc6 
Dealt to 6b2b5cf0 
Dealt to 5f889044 
Dealt to 9813135b 
Dealt to Hero [6c Jh]
Dealt to f321ef03 
Dealt to 22c56419 
5f889044: raises $6 to $10
e8220cc6: folds
Hero: folds
f321ef03: folds
6b2b5cf0: folds
22c56419: folds
9813135b: calls $6
*** FLOP *** [Ts 8d Kh]
9813135b: bets $17.6
5f889044: folds
Uncalled bet ($17.6) returned to 9813135b
*** SHOWDOWN ***
9813135b collected $22 from pot
*** SUMMARY ***
Total pot $22
Board [Ts 8d Kh]
Seat 5: e8220cc6 folded before Flop (didn't bet)
Seat 1: 6b2b5cf0 folded before Flop (didn't bet)
Seat 4: 5f889044 folded on the Flop
Seat 3: 9813135b(big blind)won ($22) with King-High
Seat 6: Hero folded before Flop (didn't bet)
Seat 7: f321ef03 folded before Flop (didn't bet)
Seat 2: 22c56419(small blind) folded before Flop



Poker Hand #ring_977520868: NLH No Limit ($2/$4) - 2025/07/07 16:28:13
Table 'MR NLH 2/4' 7-max Seat #7 is the button
Seat 5: e8220cc6 ($991.65 in chips)
Seat 1: 6b2b5cf0 ($995.45 in chips)
Seat 4: 5f889044 ($278.94 in chips)
Seat 3: 9813135b ($858.18 in chips)
Seat 6: Hero ($265.17 in chips)
Seat 7: f321ef03 ($877.54 in chips)
Seat 2: 22c56419 ($358.3 in chips)
6b2b5cf0: posts small blind $2
22c56419: posts big blind $4
*** HOLE CARDS ***
Dealt to e8220cc6 
Dealt to 6b2b5cf0 
Dealt to 5f889044 
Dealt to 9813135b 
Dealt to Hero [Qh 4c]
Dealt to f321ef03 
Dealt to 22c56419 
9813135b: folds
5f889044: raises $6 to $10
e8220cc6: folds
Hero: folds
f321ef03: folds
6b2b5cf0: folds
22c56419: calls $6
*** FLOP *** [7d Jd 6h]
22c56419: checks
5f889044: checks
*** TURN *** [7d Jd 6h] [Ks]
22c56419: checks
5f889044: checks
*** RIVER *** [7d Jd 6h Ks] [Tc]
22c56419: bets $16.5
5f889044: folds
Uncalled bet ($16.5) returned to 22c56419
*** SHOWDOWN ***
22c56419 collected $22 from pot
*** SUMMARY ***
Total pot $22
Board [7d Jd 6h Ks Tc]
Seat 5: e8220cc6 folded before Flop (didn't bet)
Seat 1: 6b2b5cf0(small blind) folded before Flop
Seat 4: 5f889044 folded on the River
Seat 3: 9813135b folded before Flop (didn't bet)
Seat 6: Hero folded before Flop (didn't bet)
Seat 7: f321ef03 folded before Flop (didn't bet)
Seat 2: 22c56419(big blind)won ($22) with Pair of Kings and Pair of Tens



Poker Hand #ring_977519919: NLH No Limit ($2/$4) - 2025/07/07 16:27:26
Table 'MR NLH 2/4' 7-max Seat #6 is the button
Seat 5: e8220cc6 ($991.65 in chips)
Seat 1: 6b2b5cf0 ($1,019.97 in chips)
Seat 4: 5f889044 ($278.94 in chips)
Seat 3: 9813135b ($834.95 in chips)
Seat 6: Hero ($265.17 in chips)
Seat 7: f321ef03 ($879.54 in chips)
Seat 2: 22c56419 ($358.3 in chips)
f321ef03: posts small blind $2
6b2b5cf0: posts big blind $4
*** HOLE CARDS ***
Dealt to e8220cc6 
Dealt to 6b2b5cf0 
Dealt to 5f889044 
Dealt to 9813135b 
Dealt to Hero [4h Th]
Dealt to f321ef03 
Dealt to 22c56419 
22c56419: folds
9813135b: raises $6 to $10
5f889044: folds
e8220cc6: folds
Hero: folds
f321ef03: folds
6b2b5cf0: calls $6
*** FLOP *** [7d 5h Kc]
6b2b5cf0: checks
9813135b: checks
*** TURN *** [7d 5h Kc] [Jh]
6b2b5cf0: checks
9813135b: bets $14.52
6b2b5cf0: calls $14.52
*** RIVER *** [7d 5h Kc Jh] [2d]
6b2b5cf0: checks
9813135b: checks
6b2b5cf0: shows [8d 8s]
9813135b: shows [Ts Js]
*** SHOWDOWN ***
9813135b collected $51.04 from pot
*** SUMMARY ***
Total pot $51.04
Board [7d 5h Kc Jh 2d]
Seat 5: e8220cc6 folded before Flop (didn't bet)
Seat 1: 6b2b5cf0(big blind) showed [8d 8s] and lost with Pair of Eights
Seat 4: 5f889044 folded before Flop (didn't bet)
Seat 3: 9813135b showed [Ts Js] and won ($51.04) with Pair of Jacks
Seat 6: Hero folded before Flop (didn't bet)
Seat 7: f321ef03(small blind) folded before Flop
Seat 2: 22c56419 folded before Flop (didn't bet)



Poker Hand #ring_977518383: NLH No Limit ($2/$4) - 2025/07/07 16:26:13
Table 'MR NLH 2/4' 7-max Seat #5 is the button
Seat 5: e8220cc6 ($991.65 in chips)
Seat 1: 6b2b5cf0 ($1,019.97 in chips)
Seat 4: 5f889044 ($300.94 in chips)
Seat 3: 9813135b ($834.95 in chips)
Seat 6: Hero ($242.33 in chips)
Seat 7: f321ef03 ($883.54 in chips)
Seat 2: 22c56419 ($358.3 in chips)
Hero: posts small blind $2
f321ef03: posts big blind $4
*** HOLE CARDS ***
Dealt to e8220cc6 
Dealt to 6b2b5cf0 
Dealt to 5f889044 
Dealt to 9813135b 
Dealt to Hero [8h Th]
Dealt to f321ef03 
Dealt to 22c56419 
6b2b5cf0: folds
22c56419: folds
9813135b: folds
5f889044: raises $6 to $10
e8220cc6: folds
Hero: calls $8
f321ef03: folds
*** FLOP *** [Td 4d 5h]
Hero: bets $12
5f889044: calls $12
*** TURN *** [Td 4d 5h] [5c]
Hero: bets $24
5f889044: folds
Uncalled bet ($24) returned to Hero
*** SHOWDOWN ***
Hero collected $48 from pot
*** SUMMARY ***
Total pot $48
Board [Td 4d 5h 5c]
Seat 5: e8220cc6 folded before Flop (didn't bet)
Seat 1: 6b2b5cf0 folded before Flop (didn't bet)
Seat 4: 5f889044 folded on the Turn
Seat 3: 9813135b folded before Flop (didn't bet)
Seat 6: Hero(small blind)won ($48) with Pair of Tens and Pair of Fives
Seat 7: f321ef03(big blind) folded before Flop
Seat 2: 22c56419 folded before Flop (didn't bet)



Poker Hand #ring_977517561: NLH No Limit ($2/$4) - 2025/07/07 16:25:33
Table 'MR NLH 2/4' 7-max Seat #4 is the button
Seat 5: e8220cc6 ($993.65 in chips)
Seat 1: 6b2b5cf0 ($1,019.97 in chips)
Seat 4: 5f889044 ($300.94 in chips)
Seat 3: 9813135b ($834.95 in chips)
Seat 6: Hero ($246.33 in chips)
Seat 7: f321ef03 ($883.54 in chips)
Seat 2: 22c56419 ($352.3 in chips)
e8220cc6: posts small blind $2
Hero: posts big blind $4
*** HOLE CARDS ***
Dealt to e8220cc6 
Dealt to 6b2b5cf0 
Dealt to 5f889044 
Dealt to 9813135b 
Dealt to Hero [2s 6c]
Dealt to f321ef03 
Dealt to 22c56419 
f321ef03: folds
6b2b5cf0: folds
22c56419: raises $12 to $16
9813135b: folds
5f889044: folds
e8220cc6: folds
Hero: folds
Uncalled bet ($12) returned to 22c56419
*** SHOWDOWN ***
22c56419 collected $10 from pot
*** SUMMARY ***
Total pot $10
Seat 5: e8220cc6(small blind) folded before Flop
Seat 1: 6b2b5cf0 folded before Flop (didn't bet)
Seat 4: 5f889044 folded before Flop (didn't bet)
Seat 3: 9813135b folded before Flop (didn't bet)
Seat 6: Hero(big blind) folded before Flop
Seat 7: f321ef03 folded before Flop (didn't bet)
Seat 2: 22c56419won ($10)



Poker Hand #ring_977516699: NLH No Limit ($2/$4) - 2025/07/07 16:24:50
Table 'MR NLH 2/4' 7-max Seat #3 is the button
Seat 5: e8220cc6 ($997.65 in chips)
Seat 1: 6b2b5cf0 ($1,019.97 in chips)
Seat 4: 5f889044 ($302.94 in chips)
Seat 3: 9813135b ($834.95 in chips)
Seat 6: Hero ($258.33 in chips)
Seat 7: f321ef03 ($883.54 in chips)
Seat 2: 22c56419 ($334.3 in chips)
5f889044: posts small blind $2
e8220cc6: posts big blind $4
*** HOLE CARDS ***
Dealt to e8220cc6 
Dealt to 6b2b5cf0 
Dealt to 5f889044 
Dealt to 9813135b 
Dealt to Hero [Ks Jd]
Dealt to f321ef03 
Dealt to 22c56419 
Hero: raises $8 to $12
f321ef03: folds
6b2b5cf0: folds
22c56419: raises $65 to $77
9813135b: folds
5f889044: folds
e8220cc6: folds
Hero: folds
Uncalled bet ($65) returned to 22c56419
*** SHOWDOWN ***
22c56419 collected $30 from pot
*** SUMMARY ***
Total pot $30
Seat 5: e8220cc6(big blind) folded before Flop
Seat 1: 6b2b5cf0 folded before Flop (didn't bet)
Seat 4: 5f889044(small blind) folded before Flop
Seat 3: 9813135b folded before Flop (didn't bet)
Seat 6: Hero folded before Flop
Seat 7: f321ef03 folded before Flop (didn't bet)
Seat 2: 22c56419won ($30)



Poker Hand #ring_977515878: NLH No Limit ($2/$4) - 2025/07/07 16:24:09
Table 'MR NLH 2/4' 7-max Seat #2 is the button
Seat 5: e8220cc6 ($997.65 in chips)
Seat 1: 6b2b5cf0 ($1,013.97 in chips)
Seat 4: 5f889044 ($306.94 in chips)
Seat 3: 9813135b ($836.95 in chips)
Seat 6: Hero ($258.33 in chips)
Seat 7: f321ef03 ($883.54 in chips)
Seat 2: 22c56419 ($334.3 in chips)
9813135b: posts small blind $2
5f889044: posts big blind $4
*** HOLE CARDS ***
Dealt to e8220cc6 
Dealt to 6b2b5cf0 
Dealt to 5f889044 
Dealt to 9813135b 
Dealt to Hero [Ks 9h]
Dealt to f321ef03 
Dealt to 22c56419 
e8220cc6: folds
Hero: folds
f321ef03: folds
6b2b5cf0: raises $6 to $10
22c56419: folds
9813135b: folds
5f889044: folds
Uncalled bet ($6) returned to 6b2b5cf0
*** SHOWDOWN ***
6b2b5cf0 collected $10 from pot
*** SUMMARY ***
Total pot $10
Seat 5: e8220cc6 folded before Flop (didn't bet)
Seat 1: 6b2b5cf0won ($10)
Seat 4: 5f889044(big blind) folded before Flop
Seat 3: 9813135b(small blind) folded before Flop
Seat 6: Hero folded before Flop (didn't bet)
Seat 7: f321ef03 folded before Flop (didn't bet)
Seat 2: 22c56419 folded before Flop (didn't bet)



Poker Hand #ring_977514867: NLH No Limit ($2/$4) - 2025/07/07 16:23:21
Table 'MR NLH 2/4' 7-max Seat #1 is the button
Seat 5: e8220cc6 ($997.65 in chips)
Seat 1: 6b2b5cf0 ($1,023.97 in chips)
Seat 4: 5f889044 ($306.94 in chips)
Seat 3: 9813135b ($840.95 in chips)
Seat 6: Hero ($258.33 in chips)
Seat 7: f321ef03 ($883.54 in chips)
Seat 2: 22c56419 ($321.38 in chips)
22c56419: posts small blind $2
9813135b: posts big blind $4
*** HOLE CARDS ***
Dealt to e8220cc6 
Dealt to 6b2b5cf0 
Dealt to 5f889044 
Dealt to 9813135b 
Dealt to Hero [Qh 5h]
Dealt to f321ef03 
Dealt to 22c56419 
5f889044: folds
e8220cc6: folds
Hero: folds
f321ef03: folds
6b2b5cf0: raises $6 to $10
22c56419: calls $8
9813135b: folds
*** FLOP *** [7c 3c As]
22c56419: bets $24
6b2b5cf0: folds
Uncalled bet ($24) returned to 22c56419
*** SHOWDOWN ***
22c56419 collected $24 from pot
*** SUMMARY ***
Total pot $24
Board [7c 3c As]
Seat 5: e8220cc6 folded before Flop (didn't bet)
Seat 1: 6b2b5cf0 folded on the Flop
Seat 4: 5f889044 folded before Flop (didn't bet)
Seat 3: 9813135b(big blind) folded before Flop
Seat 6: Hero folded before Flop (didn't bet)
Seat 7: f321ef03 folded before Flop (didn't bet)
Seat 2: 22c56419(small blind)won ($24) with Pair of Aces



Poker Hand #ring_977513850: NLH No Limit ($2/$4) - 2025/07/07 16:22:30
Table 'MR NLH 2/4' 7-max Seat #7 is the button
Seat 5: e8220cc6 ($938.5 in chips)
Seat 1: 6b2b5cf0 ($1,025.97 in chips)
Seat 4: 5f889044 ($306.94 in chips)
Seat 3: 9813135b ($840.95 in chips)
Seat 6: Hero ($258.33 in chips)
Seat 7: f321ef03 ($883.54 in chips)
Seat 2: 22c56419 ($385.38 in chips)
6b2b5cf0: posts small blind $2
22c56419: posts big blind $4
*** HOLE CARDS ***
Dealt to e8220cc6 
Dealt to 6b2b5cf0 
Dealt to 5f889044 
Dealt to 9813135b 
Dealt to Hero [6d Ks]
Dealt to f321ef03 
Dealt to 22c56419 
9813135b: folds
5f889044: folds
e8220cc6: raises $8 to $12
Hero: folds
f321ef03: folds
6b2b5cf0: folds
22c56419: calls $8
*** FLOP *** [Ac 7s As]
22c56419: bets $13
e8220cc6: calls $13
*** TURN *** [Ac 7s As] [3h]
22c56419: bets $39
e8220cc6: calls $39
*** RIVER *** [Ac 7s As 3h] [Jc]
22c56419: checks
e8220cc6: checks
22c56419: shows [Th 5h]
e8220cc6: shows [6s Js]
*** SHOWDOWN ***
e8220cc6 collected $130 from pot
*** SUMMARY ***
Total pot $130
Board [Ac 7s As 3h Jc]
Seat 5: e8220cc6 showed [6s Js] and won ($130) with Pair of Aces and Pair of Jacks
Seat 1: 6b2b5cf0(small blind) folded before Flop
Seat 4: 5f889044 folded before Flop (didn't bet)
Seat 3: 9813135b folded before Flop (didn't bet)
Seat 6: Hero folded before Flop (didn't bet)
Seat 7: f321ef03 folded before Flop (didn't bet)
Seat 2: 22c56419(big blind) showed [Th 5h] and lost with Pair of Aces



Poker Hand #ring_977512024: NLH No Limit ($2/$4) - 2025/07/07 16:21:03
Table 'MR NLH 2/4' 7-max Seat #6 is the button
Seat 5: e8220cc6 ($800 in chips)
Seat 1: 6b2b5cf0 ($1,029.97 in chips)
Seat 4: 5f889044 ($306.94 in chips)
Seat 3: 9813135b ($840.95 in chips)
Seat 6: Hero ($405.33 in chips)
Seat 7: f321ef03 ($885.54 in chips)
Seat 2: 22c56419 ($385.38 in chips)
f321ef03: posts small blind $2
6b2b5cf0: posts big blind $4
*** HOLE CARDS ***
Dealt to e8220cc6 
Dealt to 6b2b5cf0 
Dealt to 5f889044 
Dealt to 9813135b 
Dealt to Hero [Js Td]
Dealt to f321ef03 
Dealt to 22c56419 
22c56419: folds
9813135b: folds
5f889044: folds
e8220cc6: raises $8 to $12
Hero: calls $12
f321ef03: folds
6b2b5cf0: folds
*** FLOP *** [6s Ts 2h]
e8220cc6: bets $15
Hero: calls $15
*** TURN *** [6s Ts 2h] [4s]
e8220cc6: bets $30
Hero: calls $30
*** RIVER *** [6s Ts 2h 4s] [3s]
e8220cc6: bets $90
Hero: calls $90
e8220cc6: shows [Ks As]
Hero: shows [Js Td]
*** SHOWDOWN ***
e8220cc6 collected $300 from pot
*** SUMMARY ***
Total pot $300
Board [6s Ts 2h 4s 3s]
Seat 5: e8220cc6 showed [Ks As] and won ($300) with Ace High Flush
Seat 1: 6b2b5cf0(big blind) folded before Flop
Seat 4: 5f889044 folded before Flop (didn't bet)
Seat 3: 9813135b folded before Flop (didn't bet)
Seat 6: Hero showed [Js Td] and lost with Jack High Flush
Seat 7: f321ef03(small blind) folded before Flop
Seat 2: 22c56419 folded before Flop (didn't bet)



Poker Hand #ring_977510708: NLH No Limit ($2/$4) - 2025/07/07 16:19:57
Table 'MR NLH 2/4' 7-max Seat #5 is the button
Seat 5: e8220cc6 ($794 in chips)
Seat 1: 6b2b5cf0 ($766.16 in chips)
Seat 4: 5f889044 ($306.94 in chips)
Seat 3: 9813135b ($850.95 in chips)
Seat 6: Hero ($407.33 in chips)
Seat 7: f321ef03 ($889.54 in chips)
Seat 2: 22c56419 ($385.38 in chips)
Hero: posts small blind $2
f321ef03: posts big blind $4
*** HOLE CARDS ***
Dealt to e8220cc6 
Dealt to 6b2b5cf0 
Dealt to 5f889044 
Dealt to 9813135b 
Dealt to Hero [2c 4h]
Dealt to f321ef03 
Dealt to 22c56419 
6b2b5cf0: raises $6 to $10
22c56419: folds
9813135b: calls $10
5f889044: folds
e8220cc6: raises $50 to $60
Hero: folds
f321ef03: folds
6b2b5cf0: raises $102 to $162
9813135b: folds
e8220cc6: calls $102
*** FLOP *** [4c 4d 5d]
6b2b5cf0: bets $112.2
e8220cc6: calls $112.2
*** TURN *** [4c 4d 5d] [3h]
6b2b5cf0: bets $491.96 and is all-in
e8220cc6: folds
Uncalled bet ($491.96) returned to 6b2b5cf0
Hero: shows [4h]
*** SHOWDOWN ***
6b2b5cf0 collected $564.4 from pot
*** SUMMARY ***
Total pot $564.4
Board [4c 4d 5d 3h]
Seat 5: e8220cc6 folded on the Turn
Seat 1: 6b2b5cf0won ($564.4) with Pair of Fours
Seat 4: 5f889044 folded before Flop (didn't bet)
Seat 3: 9813135b folded before Flop
Seat 6: Hero(small blind) folded before Flop
Seat 7: f321ef03(big blind) folded before Flop
Seat 2: 22c56419 folded before Flop (didn't bet)



Poker Hand #ring_977509442: NLH No Limit ($2/$4) - 2025/07/07 16:18:53
Table 'MR NLH 2/4' 7-max Seat #4 is the button
Seat 5: e8220cc6 ($796 in chips)
Seat 1: 6b2b5cf0 ($766.16 in chips)
Seat 4: 5f889044 ($336.44 in chips)
Seat 3: 9813135b ($850.95 in chips)
Seat 6: Hero ($411.33 in chips)
Seat 7: f321ef03 ($857.96 in chips)
Seat 2: 22c56419 ($385.38 in chips)
e8220cc6: posts small blind $2
Hero: posts big blind $4
*** HOLE CARDS ***
Dealt to e8220cc6 
Dealt to 6b2b5cf0 
Dealt to 5f889044 
Dealt to 9813135b 
Dealt to Hero [5d Ts]
Dealt to f321ef03 
Dealt to 22c56419 
f321ef03: raises $6 to $10
6b2b5cf0: folds
22c56419: folds
9813135b: folds
5f889044: calls $10
e8220cc6: folds
Hero: folds
*** FLOP *** [7s Ac Kh]
f321ef03: checks
5f889044: checks
*** TURN *** [7s Ac Kh] [9d]
f321ef03: bets $19.5
5f889044: calls $19.5
*** RIVER *** [7s Ac Kh 9d] [Kc]
f321ef03: bets $48.75
5f889044: folds
Uncalled bet ($48.75) returned to f321ef03
*** SHOWDOWN ***
f321ef03 collected $65 from pot
*** SUMMARY ***
Total pot $65
Board [7s Ac Kh 9d Kc]
Seat 5: e8220cc6(small blind) folded before Flop
Seat 1: 6b2b5cf0 folded before Flop (didn't bet)
Seat 4: 5f889044 folded on the River
Seat 3: 9813135b folded before Flop (didn't bet)
Seat 6: Hero(big blind) folded before Flop
Seat 7: f321ef03won ($65) with Pair of Kings and Pair of Fours
Seat 2: 22c56419 folded before Flop (didn't bet)



Poker Hand #ring_977508070: NLH No Limit ($2/$4) - 2025/07/07 16:17:47
Table 'MR NLH 2/4' 7-max Seat #3 is the button
Seat 5: e8220cc6 ($800 in chips)
Seat 1: 6b2b5cf0 ($892.64 in chips)
Seat 4: 5f889044 ($338.44 in chips)
Seat 3: 9813135b ($850.95 in chips)
Seat 6: Hero ($291.5 in chips)
Seat 7: f321ef03 ($857.96 in chips)
Seat 2: 22c56419 ($385.38 in chips)
5f889044: posts small blind $2
e8220cc6: posts big blind $4
*** HOLE CARDS ***
Dealt to e8220cc6 
Dealt to 6b2b5cf0 
Dealt to 5f889044 
Dealt to 9813135b 
Dealt to Hero [Jd Js]
Dealt to f321ef03 
Dealt to 22c56419 
Hero: raises $8 to $12
f321ef03: folds
6b2b5cf0: raises $24 to $36
22c56419: folds
9813135b: folds
5f889044: folds
e8220cc6: folds
Hero: calls $24
*** FLOP *** [Td 3s Kd]
Hero: checks
6b2b5cf0: bets $25.74
Hero: calls $25.74
*** TURN *** [Td 3s Kd] [Jc]
Hero: checks
6b2b5cf0: checks
*** RIVER *** [Td 3s Kd Jc] [Ac]
Hero: checks
6b2b5cf0: bets $64.74
Hero: calls $64.74
6b2b5cf0: shows [Ah Kc]
Hero: shows [Jd Js]
*** SHOWDOWN ***
Hero collected $258.96 from pot
*** SUMMARY ***
Total pot $258.96
Board [Td 3s Kd Jc Ac]
Seat 5: e8220cc6(big blind) folded before Flop
Seat 1: 6b2b5cf0 showed [Ah Kc] and lost with Pair of Aces and Pair of Kings
Seat 4: 5f889044(small blind) folded before Flop
Seat 3: 9813135b folded before Flop (didn't bet)
Seat 6: Hero showed [Jd Js] and won ($258.96) with Three Jacks
Seat 7: f321ef03 folded before Flop (didn't bet)
Seat 2: 22c56419 folded before Flop (didn't bet)



Poker Hand #ring_977506599: NLH No Limit ($2/$4) - 2025/07/07 16:16:36
Table 'MR NLH 2/4' 7-max Seat #2 is the button
Seat 5: e8220cc6 ($800 in chips)
Seat 1: 6b2b5cf0 ($861.06 in chips)
Seat 4: 5f889044 ($342.44 in chips)
Seat 3: 9813135b ($852.95 in chips)
Seat 6: Hero ($291.5 in chips)
Seat 7: f321ef03 ($857.96 in chips)
Seat 2: 22c56419 ($414.88 in chips)
9813135b: posts small blind $2
5f889044: posts big blind $4
*** HOLE CARDS ***
Dealt to e8220cc6 
Dealt to 6b2b5cf0 
Dealt to 5f889044 
Dealt to 9813135b 
Dealt to Hero [3h Kd]
Dealt to f321ef03 
Dealt to 22c56419 
e8220cc6: folds
Hero: folds
f321ef03: folds
6b2b5cf0: raises $6 to $10
22c56419: calls $10
9813135b: folds
5f889044: folds
*** FLOP *** [Qh 8d 8c]
6b2b5cf0: checks
22c56419: checks
*** TURN *** [Qh 8d 8c] [9h]
6b2b5cf0: checks
22c56419: checks
*** RIVER *** [Qh 8d 8c 9h] [5c]
6b2b5cf0: checks
22c56419: bets $19.5
6b2b5cf0: calls $19.5
6b2b5cf0: shows [Ac 4s]
22c56419: shows [6c 3c]
*** SHOWDOWN ***
6b2b5cf0 collected $65 from pot
*** SUMMARY ***
Total pot $65
Board [Qh 8d 8c 9h 5c]
Seat 5: e8220cc6 folded before Flop (didn't bet)
Seat 1: 6b2b5cf0 showed [Ac 4s] and won ($65) with Pair of Eights
Seat 4: 5f889044(big blind) folded before Flop
Seat 3: 9813135b(small blind) folded before Flop
Seat 6: Hero folded before Flop (didn't bet)
Seat 7: f321ef03 folded before Flop (didn't bet)
Seat 2: 22c56419 showed [6c 3c] and lost with Pair of Eights



Poker Hand #ring_977505617: NLH No Limit ($2/$4) - 2025/07/07 16:15:48
Table 'MR NLH 2/4' 7-max Seat #1 is the button
Seat 5: e8220cc6 ($778.93 in chips)
Seat 1: 6b2b5cf0 ($861.06 in chips)
Seat 4: 5f889044 ($342.44 in chips)
Seat 3: 9813135b ($798 in chips)
Seat 6: Hero ($321.5 in chips)
Seat 7: f321ef03 ($857.96 in chips)
Seat 2: 22c56419 ($444.88 in chips)
22c56419: posts small blind $2
9813135b: posts big blind $4
*** HOLE CARDS ***
Dealt to e8220cc6 
Dealt to 6b2b5cf0 
Dealt to 5f889044 
Dealt to 9813135b 
Dealt to Hero [Jc Ad]
Dealt to f321ef03 
Dealt to 22c56419 
5f889044: folds
e8220cc6: folds
Hero: raises $8 to $12
f321ef03: folds
6b2b5cf0: folds
22c56419: calls $10
9813135b: calls $8
*** FLOP *** [7h 5c 8h]
22c56419: checks
9813135b: checks
Hero: bets $18
22c56419: calls $18
9813135b: calls $18
*** TURN *** [7h 5c 8h] [Jh]
22c56419: checks
9813135b: checks
Hero: checks
*** RIVER *** [7h 5c 8h Jh] [Ks]
22c56419: checks
9813135b: checks
Hero: checks
22c56419: shows [6d 6h]
9813135b: shows [Th 9h]
Hero: shows [Jc Ad]
*** SHOWDOWN ***
9813135b collected $90 from pot
*** SUMMARY ***
Total pot $90
Board [7h 5c 8h Jh Ks]
Seat 5: e8220cc6 folded before Flop (didn't bet)
Seat 1: 6b2b5cf0 folded before Flop (didn't bet)
Seat 4: 5f889044 folded before Flop (didn't bet)
Seat 3: 9813135b(big blind) showed [Th 9h] and won ($90) with Jack-High Straight Flush
Seat 6: Hero showed [Jc Ad] and lost with Pair of Jacks
Seat 7: f321ef03 folded before Flop (didn't bet)
Seat 2: 22c56419(small blind) showed [6d 6h] and lost with Pair of Sixes



Poker Hand #ring_977504441: NLH No Limit ($2/$4) - 2025/07/07 16:14:49
Table 'MR NLH 2/4' 7-max Seat #7 is the button
Seat 5: e8220cc6 ($839.93 in chips)
Seat 1: 6b2b5cf0 ($871.06 in chips)
Seat 4: 5f889044 ($274.56 in chips)
Seat 3: 9813135b ($798 in chips)
Seat 6: Hero ($321.5 in chips)
Seat 7: f321ef03 ($857.96 in chips)
Seat 2: 22c56419 ($448.88 in chips)
6b2b5cf0: posts small blind $2
22c56419: posts big blind $4
*** HOLE CARDS ***
Dealt to e8220cc6 
Dealt to 6b2b5cf0 
Dealt to 5f889044 
Dealt to 9813135b 
Dealt to Hero [Js Td]
Dealt to f321ef03 
Dealt to 22c56419 
9813135b: folds
5f889044: raises $6 to $10
e8220cc6: calls $10
Hero: folds
f321ef03: folds
6b2b5cf0: calls $8
22c56419: folds
*** FLOP *** [Kc Ad 2s]
6b2b5cf0: checks
5f889044: bets $17
e8220cc6: calls $17
6b2b5cf0: folds
*** TURN *** [Kc Ad 2s] [5d]
5f889044: checks
e8220cc6: bets $34
5f889044: calls $34
*** RIVER *** [Kc Ad 2s 5d] [Tc]
5f889044: checks
e8220cc6: checks
5f889044: shows [As 8h]
e8220cc6: shows [8d Kd]
*** SHOWDOWN ***
5f889044 collected $136 from pot
*** SUMMARY ***
Total pot $136
Board [Kc Ad 2s 5d Tc]
Seat 5: e8220cc6 showed [8d Kd] and lost with Pair of Kings
Seat 1: 6b2b5cf0(small blind) folded on the Flop
Seat 4: 5f889044 showed [As 8h] and won ($136) with Pair of Aces
Seat 3: 9813135b folded before Flop (didn't bet)
Seat 6: Hero folded before Flop (didn't bet)
Seat 7: f321ef03 folded before Flop (didn't bet)
Seat 2: 22c56419(big blind) folded before Flop



Poker Hand #ring_977503685: NLH No Limit ($2/$4) - 2025/07/07 16:14:11
Table 'MR NLH 2/4' 7-max Seat #6 is the button
Seat 5: e8220cc6 ($839.93 in chips)
Seat 1: 6b2b5cf0 ($875.06 in chips)
Seat 4: 5f889044 ($274.56 in chips)
Seat 3: 9813135b ($798 in chips)
Seat 6: Hero ($321.5 in chips)
Seat 7: f321ef03 ($859.96 in chips)
Seat 2: 22c56419 ($442.88 in chips)
f321ef03: posts small blind $2
6b2b5cf0: posts big blind $4
*** HOLE CARDS ***
Dealt to e8220cc6 
Dealt to 6b2b5cf0 
Dealt to 5f889044 
Dealt to 9813135b 
Dealt to Hero [3c 2h]
Dealt to f321ef03 
Dealt to 22c56419 
22c56419: raises $12 to $16
9813135b: folds
5f889044: folds
e8220cc6: folds
Hero: folds
f321ef03: folds
6b2b5cf0: folds
Uncalled bet ($12) returned to 22c56419
*** SHOWDOWN ***
22c56419 collected $10 from pot
*** SUMMARY ***
Total pot $10
Seat 5: e8220cc6 folded before Flop (didn't bet)
Seat 1: 6b2b5cf0(big blind) folded before Flop
Seat 4: 5f889044 folded before Flop (didn't bet)
Seat 3: 9813135b folded before Flop (didn't bet)
Seat 6: Hero folded before Flop (didn't bet)
Seat 7: f321ef03(small blind) folded before Flop
Seat 2: 22c56419won ($10)



Poker Hand #ring_977503074: NLH No Limit ($2/$4) - 2025/07/07 16:13:40
Table 'MR NLH 2/4' 7-max Seat #5 is the button
Seat 5: e8220cc6 ($839.93 in chips)
Seat 1: 6b2b5cf0 ($875.06 in chips)
Seat 4: 5f889044 ($268.56 in chips)
Seat 3: 9813135b ($798 in chips)
Seat 6: Hero ($323.5 in chips)
Seat 7: f321ef03 ($863.96 in chips)
Seat 2: 22c56419 ($442.88 in chips)
Hero: posts small blind $2
f321ef03: posts big blind $4
*** HOLE CARDS ***
Dealt to e8220cc6 
Dealt to 6b2b5cf0 
Dealt to 5f889044 
Dealt to 9813135b 
Dealt to Hero [5c Qs]
Dealt to f321ef03 
Dealt to 22c56419 
6b2b5cf0: folds
22c56419: folds
9813135b: folds
5f889044: raises $6 to $10
e8220cc6: folds
Hero: folds
f321ef03: folds
Uncalled bet ($6) returned to 5f889044
*** SHOWDOWN ***
5f889044 collected $10 from pot
*** SUMMARY ***
Total pot $10
Seat 5: e8220cc6 folded before Flop (didn't bet)
Seat 1: 6b2b5cf0 folded before Flop (didn't bet)
Seat 4: 5f889044won ($10)
Seat 3: 9813135b folded before Flop (didn't bet)
Seat 6: Hero(small blind) folded before Flop
Seat 7: f321ef03(big blind) folded before Flop
Seat 2: 22c56419 folded before Flop (didn't bet)



Poker Hand #ring_977502269: NLH No Limit ($2/$4) - 2025/07/07 16:13:00
Table 'MR NLH 2/4' 7-max Seat #4 is the button
Seat 5: e8220cc6 ($841.93 in chips)
Seat 1: 6b2b5cf0 ($875.06 in chips)
Seat 4: 5f889044 ($268.06 in chips)
Seat 3: 9813135b ($798 in chips)
Seat 6: Hero ($322.99 in chips)
Seat 7: f321ef03 ($863.96 in chips)
Seat 2: 22c56419 ($442.88 in chips)
e8220cc6: posts small blind $2
Hero: posts big blind $4
*** HOLE CARDS ***
Dealt to e8220cc6 
Dealt to 6b2b5cf0 
Dealt to 5f889044 
Dealt to 9813135b 
Dealt to Hero [7d Ac]
Dealt to f321ef03 
Dealt to 22c56419 
f321ef03: folds
6b2b5cf0: folds
22c56419: folds
9813135b: folds
5f889044: raises $6 to $10
e8220cc6: folds
Hero: calls $6
*** FLOP *** [6s 3h Ts]
Hero: checks
5f889044: checks
*** TURN *** [6s 3h Ts] [8c]
Hero: checks
5f889044: checks
*** RIVER *** [6s 3h Ts 8c] [6c]
Hero: checks
5f889044: checks
5f889044: shows [Ad 2c]
Hero: shows [7d Ac]
*** SHOWDOWN ***
5f889044 collected $11 from pot
Hero collected $11 from pot
*** SUMMARY ***
Total pot $22
Board [6s 3h Ts 8c 6c]
Seat 5: e8220cc6(small blind) folded before Flop
Seat 1: 6b2b5cf0 folded before Flop (didn't bet)
Seat 4: 5f889044 showed [Ad 2c] and won ($11) with Pair of Sixes
Seat 3: 9813135b folded before Flop (didn't bet)
Seat 6: Hero(big blind) showed [7d Ac] and won ($11) with Pair of Sixes
Seat 7: f321ef03 folded before Flop (didn't bet)
Seat 2: 22c56419 folded before Flop (didn't bet)



Poker Hand #ring_977501729: NLH No Limit ($2/$4) - 2025/07/07 16:12:33
Table 'MR NLH 2/4' 7-max Seat #3 is the button
Seat 5: e8220cc6 ($845.93 in chips)
Seat 1: 6b2b5cf0 ($875.06 in chips)
Seat 4: 5f889044 ($270.06 in chips)
Seat 3: 9813135b ($798 in chips)
Seat 6: Hero ($322.99 in chips)
Seat 7: f321ef03 ($857.96 in chips)
Seat 2: 22c56419 ($442.88 in chips)
5f889044: posts small blind $2
e8220cc6: posts big blind $4
*** HOLE CARDS ***
Dealt to e8220cc6 
Dealt to 6b2b5cf0 
Dealt to 5f889044 
Dealt to 9813135b 
Dealt to Hero [4c 7c]
Dealt to f321ef03 
Dealt to 22c56419 
Hero: folds
f321ef03: raises $6 to $10
6b2b5cf0: folds
22c56419: folds
9813135b: folds
5f889044: folds
e8220cc6: folds
Uncalled bet ($6) returned to f321ef03
*** SHOWDOWN ***
f321ef03 collected $10 from pot
*** SUMMARY ***
Total pot $10
Seat 5: e8220cc6(big blind) folded before Flop
Seat 1: 6b2b5cf0 folded before Flop (didn't bet)
Seat 4: 5f889044(small blind) folded before Flop
Seat 3: 9813135b folded before Flop (didn't bet)
Seat 6: Hero folded before Flop (didn't bet)
Seat 7: f321ef03won ($10)
Seat 2: 22c56419 folded before Flop (didn't bet)



Poker Hand #ring_977501210: NLH No Limit ($2/$4) - 2025/07/07 16:12:08
Table 'MR NLH 2/4' 7-max Seat #2 is the button
Seat 5: e8220cc6 ($845.93 in chips)
Seat 1: 6b2b5cf0 ($875.06 in chips)
Seat 4: 5f889044 ($274.06 in chips)
Seat 3: 9813135b ($800 in chips)
Seat 6: Hero ($316.99 in chips)
Seat 7: f321ef03 ($857.96 in chips)
Seat 2: 22c56419 ($442.88 in chips)
9813135b: posts small blind $2
5f889044: posts big blind $4
*** HOLE CARDS ***
Dealt to e8220cc6 
Dealt to 6b2b5cf0 
Dealt to 5f889044 
Dealt to 9813135b 
Dealt to Hero [8d Ad]
Dealt to f321ef03 
Dealt to 22c56419 
e8220cc6: folds
Hero: raises $8 to $12
f321ef03: folds
6b2b5cf0: folds
22c56419: folds
9813135b: folds
5f889044: folds
Uncalled bet ($8) returned to Hero
*** SHOWDOWN ***
Hero collected $10 from pot
*** SUMMARY ***
Total pot $10
Seat 5: e8220cc6 folded before Flop (didn't bet)
Seat 1: 6b2b5cf0 folded before Flop (didn't bet)
Seat 4: 5f889044(big blind) folded before Flop
Seat 3: 9813135b(small blind) folded before Flop
Seat 6: Herowon ($10)
Seat 7: f321ef03 folded before Flop (didn't bet)
Seat 2: 22c56419 folded before Flop (didn't bet)



Poker Hand #ring_977500587: NLH No Limit ($2/$4) - 2025/07/07 16:11:37
Table 'MR NLH 2/4' 7-max Seat #1 is the button
Seat 5: e8220cc6 ($845.93 in chips)
Seat 1: 6b2b5cf0 ($875.06 in chips)
Seat 4: 5f889044 ($263.05 in chips)
Seat 3: 9813135b ($800 in chips)
Seat 6: Hero ($316.99 in chips)
Seat 7: f321ef03 ($857.96 in chips)
Seat 2: 22c56419 ($444.88 in chips)
22c56419: posts small blind $2
9813135b: posts big blind $4
*** HOLE CARDS ***
Dealt to e8220cc6 
Dealt to 6b2b5cf0 
Dealt to 5f889044 
Dealt to 9813135b 
Dealt to Hero [5h 2s]
Dealt to f321ef03 
Dealt to 22c56419 
5f889044: raises $6 to $10
e8220cc6: folds
Hero: folds
f321ef03: folds
6b2b5cf0: folds
22c56419: folds
9813135b: calls $6
*** FLOP *** [Kd Ad Tc]
9813135b: checks
5f889044: bets $11
9813135b: folds
Uncalled bet ($11) returned to 5f889044
*** SHOWDOWN ***
5f889044 collected $22 from pot
*** SUMMARY ***
Total pot $22
Board [Kd Ad Tc]
Seat 5: e8220cc6 folded before Flop (didn't bet)
Seat 1: 6b2b5cf0 folded before Flop (didn't bet)
Seat 4: 5f889044won ($22) with Three Tens
Seat 3: 9813135b(big blind) folded on the Flop
Seat 6: Hero folded before Flop (didn't bet)
Seat 7: f321ef03 folded before Flop (didn't bet)
Seat 2: 22c56419(small blind) folded before Flop



Poker Hand #ring_977499696: NLH No Limit ($2/$4) - 2025/07/07 16:10:51
Table 'MR NLH 2/4' 7-max Seat #7 is the button
Seat 5: e8220cc6 ($845.93 in chips)
Seat 1: 6b2b5cf0 ($877.06 in chips)
Seat 4: 5f889044 ($252.04 in chips)
Seat 6: Hero ($316.99 in chips)
Seat 7: f321ef03 ($857.96 in chips)
Seat 2: 22c56419 ($454.88 in chips)
6b2b5cf0: posts small blind $2
22c56419: posts big blind $4
*** HOLE CARDS ***
Dealt to e8220cc6 
Dealt to 6b2b5cf0 
Dealt to 5f889044 
Dealt to Hero [Ad 8h]
Dealt to f321ef03 
Dealt to 22c56419 
5f889044: raises $6 to $10
e8220cc6: folds
Hero: folds
f321ef03: folds
6b2b5cf0: folds
22c56419: calls $6
*** FLOP *** [2s Qd Qh]
22c56419: checks
5f889044: bets $11
22c56419: folds
Uncalled bet ($11) returned to 5f889044
*** SHOWDOWN ***
5f889044 collected $22 from pot
*** SUMMARY ***
Total pot $22
Board [2s Qd Qh]
Seat 5: e8220cc6 folded before Flop (didn't bet)
Seat 1: 6b2b5cf0(small blind) folded before Flop
Seat 4: 5f889044won ($22) with Pair of Queens
Seat 6: Hero folded before Flop (didn't bet)
Seat 7: f321ef03 folded before Flop (didn't bet)
Seat 2: 22c56419(big blind) folded on the Flop



Poker Hand #ring_977499197: NLH No Limit ($2/$4) - 2025/07/07 16:10:26
Table 'MR NLH 2/4' 7-max Seat #6 is the button
Seat 5: e8220cc6 ($845.93 in chips)
Seat 1: 6b2b5cf0 ($881.06 in chips)
Seat 4: 5f889044 ($252.04 in chips)
Seat 6: Hero ($316.99 in chips)
Seat 7: f321ef03 ($859.96 in chips)
Seat 2: 22c56419 ($448.88 in chips)
f321ef03: posts small blind $2
6b2b5cf0: posts big blind $4
*** HOLE CARDS ***
Dealt to e8220cc6 
Dealt to 6b2b5cf0 
Dealt to 5f889044 
Dealt to Hero [9h 8c]
Dealt to f321ef03 
Dealt to 22c56419 
22c56419: raises $12 to $16
5f889044: folds
e8220cc6: folds
Hero: folds
f321ef03: folds
6b2b5cf0: folds
Uncalled bet ($12) returned to 22c56419
*** SHOWDOWN ***
22c56419 collected $10 from pot
*** SUMMARY ***
Total pot $10
Seat 5: e8220cc6 folded before Flop (didn't bet)
Seat 1: 6b2b5cf0(big blind) folded before Flop
Seat 4: 5f889044 folded before Flop (didn't bet)
Seat 6: Hero folded before Flop (didn't bet)
Seat 7: f321ef03(small blind) folded before Flop
Seat 2: 22c56419won ($10)



Poker Hand #ring_977498426: NLH No Limit ($2/$4) - 2025/07/07 16:09:46
Table 'MR NLH 2/4' 7-max Seat #5 is the button
Seat 5: e8220cc6 ($855.93 in chips)
Seat 1: 6b2b5cf0 ($881.06 in chips)
Seat 4: 5f889044 ($237.21 in chips)
Seat 6: Hero ($318.99 in chips)
Seat 7: f321ef03 ($863.96 in chips)
Seat 2: 22c56419 ($448.88 in chips)
Hero: posts small blind $2
f321ef03: posts big blind $4
*** HOLE CARDS ***
Dealt to e8220cc6 
Dealt to 6b2b5cf0 
Dealt to 5f889044 
Dealt to Hero [8c 5h]
Dealt to f321ef03 
Dealt to 22c56419 
6b2b5cf0: folds
22c56419: folds
5f889044: raises $6 to $10
e8220cc6: calls $10
Hero: folds
f321ef03: folds
*** FLOP *** [6h 6s 2c]
5f889044: bets $13
e8220cc6: folds
Uncalled bet ($13) returned to 5f889044
*** SHOWDOWN ***
5f889044 collected $26 from pot
*** SUMMARY ***
Total pot $26
Board [6h 6s 2c]
Seat 5: e8220cc6 folded on the Flop
Seat 1: 6b2b5cf0 folded before Flop (didn't bet)
Seat 4: 5f889044won ($26) with Pair of Sixes
Seat 6: Hero(small blind) folded before Flop
Seat 7: f321ef03(big blind) folded before Flop
Seat 2: 22c56419 folded before Flop (didn't bet)



Poker Hand #ring_977497329: NLH No Limit ($2/$4) - 2025/07/07 16:08:53
Table 'MR NLH 2/4' 7-max Seat #4 is the button
Seat 5: e8220cc6 ($857.93 in chips)
Seat 1: 6b2b5cf0 ($881.06 in chips)
Seat 4: 5f889044 ($237.21 in chips)
Seat 6: Hero ($322.99 in chips)
Seat 7: f321ef03 ($849.13 in chips)
Seat 2: 22c56419 ($458.88 in chips)
e8220cc6: posts small blind $2
Hero: posts big blind $4
*** HOLE CARDS ***
Dealt to e8220cc6 
Dealt to 6b2b5cf0 
Dealt to 5f889044 
Dealt to Hero [3d Jc]
Dealt to f321ef03 
Dealt to 22c56419 
f321ef03: raises $6 to $10
6b2b5cf0: folds
22c56419: calls $10
5f889044: folds
e8220cc6: folds
Hero: folds
*** FLOP *** [3c Ac 2s]
f321ef03: checks
22c56419: checks
*** TURN *** [3c Ac 2s] [7s]
f321ef03: bets $19.5
22c56419: folds
Uncalled bet ($19.5) returned to f321ef03
*** SHOWDOWN ***
f321ef03 collected $26 from pot
*** SUMMARY ***
Total pot $26
Board [3c Ac 2s 7s]
Seat 5: e8220cc6(small blind) folded before Flop
Seat 1: 6b2b5cf0 folded before Flop (didn't bet)
Seat 4: 5f889044 folded before Flop (didn't bet)
Seat 6: Hero(big blind) folded before Flop
Seat 7: f321ef03won ($26) with Ace-High
Seat 2: 22c56419 folded on the Turn



Poker Hand #ring_977496533: NLH No Limit ($2/$4) - 2025/07/07 16:08:14
Table 'MR NLH 2/4' 7-max Seat #2 is the button
Seat 5: e8220cc6 ($861.93 in chips)
Seat 1: 6b2b5cf0 ($881.06 in chips)
Seat 4: 5f889044 ($239.21 in chips)
Seat 6: Hero ($322.99 in chips)
Seat 7: f321ef03 ($859.13 in chips)
Seat 2: 22c56419 ($444.05 in chips)
5f889044: posts small blind $2
e8220cc6: posts big blind $4
*** HOLE CARDS ***
Dealt to e8220cc6 
Dealt to 6b2b5cf0 
Dealt to 5f889044 
Dealt to Hero [3h 6d]
Dealt to f321ef03 
Dealt to 22c56419 
Hero: folds
f321ef03: raises $6 to $10
6b2b5cf0: folds
22c56419: calls $10
5f889044: folds
e8220cc6: folds
*** FLOP *** [4d 7d 6h]
f321ef03: checks
22c56419: bets $19.5
f321ef03: folds
Uncalled bet ($19.5) returned to 22c56419
*** SHOWDOWN ***
22c56419 collected $26 from pot
*** SUMMARY ***
Total pot $26
Board [4d 7d 6h]
Seat 5: e8220cc6(big blind) folded before Flop
Seat 1: 6b2b5cf0 folded before Flop (didn't bet)
Seat 4: 5f889044(small blind) folded before Flop
Seat 6: Hero folded before Flop (didn't bet)
Seat 7: f321ef03 folded on the Flop
Seat 2: 22c56419won ($26) with Jack-High



Poker Hand #ring_977495144: NLH No Limit ($2/$4) - 2025/07/07 16:07:06
Table 'MR NLH 2/4' 7-max Seat #1 is the button
Seat 5: e8220cc6 ($861.93 in chips)
Seat 1: 6b2b5cf0 ($881.06 in chips)
Seat 4: 5f889044 ($220.56 in chips)
Seat 6: Hero ($322.99 in chips)
Seat 7: f321ef03 ($869.13 in chips)
Seat 2: 22c56419 ($454.05 in chips)
22c56419: posts small blind $2
5f889044: posts big blind $4
*** HOLE CARDS ***
Dealt to e8220cc6 
Dealt to 6b2b5cf0 
Dealt to 5f889044 
Dealt to Hero [4d 3c]
Dealt to f321ef03 
Dealt to 22c56419 
e8220cc6: folds
Hero: folds
f321ef03: raises $6 to $10
6b2b5cf0: folds
22c56419: calls $8
5f889044: calls $6
*** FLOP *** [Kd 8h 2c]
22c56419: checks
5f889044: checks
f321ef03: checks
*** TURN *** [Kd 8h 2c] [9d]
22c56419: checks
5f889044: checks
f321ef03: checks
*** RIVER *** [Kd 8h 2c 9d] [6h]
22c56419: checks
5f889044: bets $22.5
f321ef03: folds
22c56419: folds
Uncalled bet ($22.5) returned to 5f889044
*** SHOWDOWN ***
5f889044 collected $30 from pot
*** SUMMARY ***
Total pot $30
Board [Kd 8h 2c 9d 6h]
Seat 5: e8220cc6 folded before Flop (didn't bet)
Seat 1: 6b2b5cf0 folded before Flop (didn't bet)
Seat 4: 5f889044(big blind)won ($30) with Pair of Kings
Seat 6: Hero folded before Flop (didn't bet)
Seat 7: f321ef03 folded on the River
Seat 2: 22c56419(small blind) folded on the River



Poker Hand #ring_977494452: NLH No Limit ($2/$4) - 2025/07/07 16:06:31
Table 'MR NLH 2/4' 7-max Seat #7 is the button
Seat 5: e8220cc6 ($871.93 in chips)
Seat 1: 6b2b5cf0 ($883.06 in chips)
Seat 4: 5f889044 ($200 in chips)
Seat 6: Hero ($322.99 in chips)
Seat 7: f321ef03 ($869.13 in chips)
Seat 2: 22c56419 ($464.05 in chips)
6b2b5cf0: posts small blind $2
22c56419: posts big blind $4
*** HOLE CARDS ***
Dealt to e8220cc6 
Dealt to 6b2b5cf0 
Dealt to 5f889044 
Dealt to Hero [8s 7c]
Dealt to f321ef03 
Dealt to 22c56419 
5f889044: raises $6 to $10
e8220cc6: calls $10
Hero: folds
f321ef03: folds
6b2b5cf0: folds
22c56419: calls $6
*** FLOP *** [Qd Kc Ac]
22c56419: checks
5f889044: bets $10.56
e8220cc6: folds
22c56419: folds
Uncalled bet ($10.56) returned to 5f889044
*** SHOWDOWN ***
5f889044 collected $32 from pot
*** SUMMARY ***
Total pot $32
Board [Qd Kc Ac]
Seat 5: e8220cc6 folded on the Flop
Seat 1: 6b2b5cf0(small blind) folded before Flop
Seat 4: 5f889044won ($32) with Pair of Tens
Seat 6: Hero folded before Flop (didn't bet)
Seat 7: f321ef03 folded before Flop (didn't bet)
Seat 2: 22c56419(big blind) folded on the Flop



Poker Hand #ring_977492823: NLH No Limit ($2/$4) - 2025/07/07 16:05:07
Table 'MR NLH 2/4' 7-max Seat #6 is the button
Seat 5: e8220cc6 ($871.93 in chips)
Seat 1: 6b2b5cf0 ($780.24 in chips)
Seat 4: 5f889044 ($200 in chips)
Seat 6: Hero ($322.99 in chips)
Seat 7: f321ef03 ($871.13 in chips)
Seat 2: 22c56419 ($464.05 in chips)
f321ef03: posts small blind $2
6b2b5cf0: posts big blind $4
*** HOLE CARDS ***
Dealt to e8220cc6 
Dealt to 6b2b5cf0 
Dealt to 5f889044 
Dealt to Hero [3d 5c]
Dealt to f321ef03 
Dealt to 22c56419 
22c56419: folds
5f889044: raises $6 to $10
e8220cc6: folds
Hero: folds
f321ef03: folds
6b2b5cf0: raises $30 to $40
5f889044: calls $30
*** FLOP *** [Ad Jd 7s]
6b2b5cf0: bets $27.06
5f889044: calls $27.06
*** TURN *** [Ad Jd 7s] [2d]
6b2b5cf0: checks
5f889044: bets $44.92
6b2b5cf0: calls $44.92
*** RIVER *** [Ad Jd 7s 2d] [9s]
6b2b5cf0: checks
5f889044: checks
6b2b5cf0: shows [Ac Jc]
5f889044: shows [Ts Kc]
*** SHOWDOWN ***
6b2b5cf0 collected $225.96 from pot
*** SUMMARY ***
Total pot $225.96
Board [Ad Jd 7s 2d 9s]
Seat 5: e8220cc6 folded before Flop (didn't bet)
Seat 1: 6b2b5cf0(big blind) showed [Ac Jc] and won ($225.96) with Pair of Aces and Pair of Jacks
Seat 4: 5f889044 showed [Ts Kc] and lost with Ace-High
Seat 6: Hero folded before Flop (didn't bet)
Seat 7: f321ef03(small blind) folded before Flop
Seat 2: 22c56419 folded before Flop (didn't bet)



Poker Hand #ring_977492166: NLH No Limit ($2/$4) - 2025/07/07 16:04:34
Table 'MR NLH 2/4' 7-max Seat #5 is the button
Seat 5: e8220cc6 ($855.28 in chips)
Seat 1: 6b2b5cf0 ($780.24 in chips)
Seat 4: 5f889044 ($200 in chips)
Seat 6: Hero ($324.99 in chips)
Seat 7: f321ef03 ($875.13 in chips)
Seat 2: 22c56419 ($476.05 in chips)
Hero: posts small blind $2
f321ef03: posts big blind $4
*** HOLE CARDS ***
Dealt to e8220cc6 
Dealt to 6b2b5cf0 
Dealt to 5f889044 
Dealt to Hero [Kh 8d]
Dealt to f321ef03 
Dealt to 22c56419 
6b2b5cf0: folds
22c56419: calls $4
5f889044: folds
e8220cc6: raises $8 to $12
Hero: folds
f321ef03: folds
22c56419: calls $8
*** FLOP *** [5s 7c 9s]
22c56419: checks
e8220cc6: checks
*** TURN *** [5s 7c 9s] [5h]
22c56419: checks
e8220cc6: bets $15
22c56419: folds
Uncalled bet ($15) returned to e8220cc6
*** SHOWDOWN ***
e8220cc6 collected $30 from pot
*** SUMMARY ***
Total pot $30
Board [5s 7c 9s 5h]
Seat 5: e8220cc6won ($30) with Pair of Sevens and Pair of Fives
Seat 1: 6b2b5cf0 folded before Flop (didn't bet)
Seat 4: 5f889044 folded before Flop (didn't bet)
Seat 6: Hero(small blind) folded before Flop
Seat 7: f321ef03(big blind) folded before Flop
Seat 2: 22c56419 folded on the Turn



Poker Hand #ring_977491638: NLH No Limit ($2/$4) - 2025/07/07 16:04:07
Table 'MR NLH 2/4' 7-max Seat #4 is the button
Seat 5: e8220cc6 ($857.28 in chips)
Seat 1: 6b2b5cf0 ($774.24 in chips)
Seat 4: 5f889044 ($200 in chips)
Seat 6: Hero ($328.99 in chips)
Seat 7: f321ef03 ($875.13 in chips)
Seat 2: 22c56419 ($476.05 in chips)
e8220cc6: posts small blind $2
Hero: posts big blind $4
*** HOLE CARDS ***
Dealt to e8220cc6 
Dealt to 6b2b5cf0 
Dealt to 5f889044 
Dealt to Hero [5s Td]
Dealt to f321ef03 
Dealt to 22c56419 
f321ef03: folds
6b2b5cf0: raises $6 to $10
22c56419: folds
5f889044: folds
e8220cc6: folds
Hero: folds
Uncalled bet ($6) returned to 6b2b5cf0
*** SHOWDOWN ***
6b2b5cf0 collected $10 from pot
*** SUMMARY ***
Total pot $10
Seat 5: e8220cc6(small blind) folded before Flop
Seat 1: 6b2b5cf0won ($10)
Seat 4: 5f889044 folded before Flop (didn't bet)
Seat 6: Hero(big blind) folded before Flop
Seat 7: f321ef03 folded before Flop (didn't bet)
Seat 2: 22c56419 folded before Flop (didn't bet)



Poker Hand #ring_977490387: NLH No Limit ($2/$4) - 2025/07/07 16:03:03
Table 'MR NLH 2/4' 7-max Seat #2 is the button
Seat 5: e8220cc6 ($861.28 in chips)
Seat 1: 6b2b5cf0 ($774.24 in chips)
Seat 4: 5f889044 ($239.95 in chips)
Seat 6: Hero ($340.99 in chips)
Seat 7: f321ef03 ($875.13 in chips)
Seat 2: 22c56419 ($378.05 in chips)
5f889044: posts small blind $2
e8220cc6: posts big blind $4
*** HOLE CARDS ***
Dealt to e8220cc6 
Dealt to 6b2b5cf0 
Dealt to 5f889044 
Dealt to Hero [As Kc]
Dealt to f321ef03 
Dealt to 22c56419 
Hero: raises $8 to $12
f321ef03: folds
6b2b5cf0: folds
22c56419: calls $12
5f889044: calls $10
e8220cc6: folds
*** FLOP *** [9d 8h Qs]
5f889044: checks
Hero: checks
22c56419: checks
*** TURN *** [9d 8h Qs] [6s]
5f889044: bets $30
Hero: folds
22c56419: calls $30
*** RIVER *** [9d 8h Qs 6s] [3s]
5f889044: bets $50
22c56419: calls $50
22c56419: shows [Js 8s]
5f889044: shows [4c 7c]
Hero: shows [As]
*** SHOWDOWN ***
22c56419 collected $200 from pot
*** SUMMARY ***
Total pot $200
Board [9d 8h Qs 6s 3s]
Seat 5: e8220cc6(big blind) folded before Flop
Seat 1: 6b2b5cf0 folded before Flop (didn't bet)
Seat 4: 5f889044(small blind) showed [4c 7c] and lost with Queen-High
Seat 6: Hero folded on the Turn
Seat 7: f321ef03 folded before Flop (didn't bet)
Seat 2: 22c56419 showed [Js 8s] and won ($200) with Queen High Flush



Poker Hand #ring_977489070: NLH No Limit ($2/$4) - 2025/07/07 16:01:55
Table 'MR NLH 2/4' 7-max Seat #1 is the button
Seat 5: e8220cc6 ($861.28 in chips)
Seat 1: 6b2b5cf0 ($774.24 in chips)
Seat 4: 5f889044 ($243.95 in chips)
Seat 6: Hero ($303.5 in chips)
Seat 7: f321ef03 ($911.13 in chips)
Seat 2: 22c56419 ($380.05 in chips)
22c56419: posts small blind $2
5f889044: posts big blind $4
*** HOLE CARDS ***
Dealt to e8220cc6 
Dealt to 6b2b5cf0 
Dealt to 5f889044 
Dealt to Hero [Js Jh]
Dealt to f321ef03 
Dealt to 22c56419 
e8220cc6: folds
Hero: raises $8 to $12
f321ef03: raises $24 to $36
6b2b5cf0: folds
22c56419: folds
5f889044: folds
Hero: calls $24
*** FLOP *** [2h 3h 5h]
Hero: checks
f321ef03: checks
*** TURN *** [2h 3h 5h] [4c]
Hero: checks
f321ef03: checks
*** RIVER *** [2h 3h 5h 4c] [8s]
Hero: checks
f321ef03: checks
Hero: shows [Js Jh]
f321ef03: shows [Qs Kc]
*** SHOWDOWN ***
Hero collected $78 from pot
*** SUMMARY ***
Total pot $78
Board [2h 3h 5h 4c 8s]
Seat 5: e8220cc6 folded before Flop (didn't bet)
Seat 1: 6b2b5cf0 folded before Flop (didn't bet)
Seat 4: 5f889044(big blind) folded before Flop
Seat 6: Hero showed [Js Jh] and won ($78) with Pair of Jacks
Seat 7: f321ef03 showed [Qs Kc] and lost with King-High
Seat 2: 22c56419(small blind) folded before Flop



Poker Hand #ring_977488538: NLH No Limit ($2/$4) - 2025/07/07 16:01:28
Table 'MR NLH 2/4' 7-max Seat #7 is the button
Seat 5: e8220cc6 ($855.28 in chips)
Seat 1: 6b2b5cf0 ($776.24 in chips)
Seat 4: 5f889044 ($243.95 in chips)
Seat 6: Hero ($303.5 in chips)
Seat 7: f321ef03 ($911.13 in chips)
Seat 2: 22c56419 ($384.05 in chips)
6b2b5cf0: posts small blind $2
22c56419: posts big blind $4
*** HOLE CARDS ***
Dealt to e8220cc6 
Dealt to 6b2b5cf0 
Dealt to 5f889044 
Dealt to Hero [5s Qd]
Dealt to f321ef03 
Dealt to 22c56419 
5f889044: folds
e8220cc6: raises $8 to $12
Hero: folds
f321ef03: folds
6b2b5cf0: folds
22c56419: folds
Uncalled bet ($8) returned to e8220cc6
*** SHOWDOWN ***
e8220cc6 collected $10 from pot
*** SUMMARY ***
Total pot $10
Seat 5: e8220cc6won ($10)
Seat 1: 6b2b5cf0(small blind) folded before Flop
Seat 4: 5f889044 folded before Flop (didn't bet)
Seat 6: Hero folded before Flop (didn't bet)
Seat 7: f321ef03 folded before Flop (didn't bet)
Seat 2: 22c56419(big blind) folded before Flop



Poker Hand #ring_977487676: NLH No Limit ($2/$4) - 2025/07/07 16:00:43
Table 'MR NLH 2/4' 7-max Seat #6 is the button
Seat 5: e8220cc6 ($855.28 in chips)
Seat 1: 6b2b5cf0 ($780.24 in chips)
Seat 4: 5f889044 ($243.95 in chips)
Seat 6: Hero ($297.5 in chips)
Seat 7: f321ef03 ($913.13 in chips)
Seat 2: 22c56419 ($384.05 in chips)
f321ef03: posts small blind $2
6b2b5cf0: posts big blind $4
*** HOLE CARDS ***
Dealt to e8220cc6 
Dealt to 6b2b5cf0 
Dealt to 5f889044 
Dealt to Hero [5d Kd]
Dealt to f321ef03 
Dealt to 22c56419 
22c56419: folds
5f889044: folds
e8220cc6: folds
Hero: raises $6 to $10
f321ef03: folds
6b2b5cf0: folds
Uncalled bet ($6) returned to Hero
*** SHOWDOWN ***
Hero collected $10 from pot
*** SUMMARY ***
Total pot $10
Seat 5: e8220cc6 folded before Flop (didn't bet)
Seat 1: 6b2b5cf0(big blind) folded before Flop
Seat 4: 5f889044 folded before Flop (didn't bet)
Seat 6: Herowon ($10)
Seat 7: f321ef03(small blind) folded before Flop
Seat 2: 22c56419 folded before Flop (didn't bet)



Poker Hand #ring_977486811: NLH No Limit ($2/$4) - 2025/07/07 15:59:59
Table 'MR NLH 2/4' 7-max Seat #5 is the button
Seat 5: e8220cc6 ($855.28 in chips)
Seat 1: 6b2b5cf0 ($780.24 in chips)
Seat 4: 5f889044 ($243.95 in chips)
Seat 6: Hero ($265.5 in chips)
Seat 7: f321ef03 ($945.13 in chips)
Seat 2: 22c56419 ($384.05 in chips)
Hero: posts small blind $2
f321ef03: posts big blind $4
*** HOLE CARDS ***
Dealt to e8220cc6 
Dealt to 6b2b5cf0 
Dealt to 5f889044 
Dealt to Hero [Kd Qc]
Dealt to f321ef03 
Dealt to 22c56419 
6b2b5cf0: folds
22c56419: folds
5f889044: folds
e8220cc6: folds
Hero: raises $6 to $10
f321ef03: raises $22 to $32
Hero: raises $51.2 to $83.2
f321ef03: folds
Uncalled bet ($51.2) returned to Hero
*** SHOWDOWN ***
Hero collected $64 from pot
*** SUMMARY ***
Total pot $64
Seat 5: e8220cc6 folded before Flop (didn't bet)
Seat 1: 6b2b5cf0 folded before Flop (didn't bet)
Seat 4: 5f889044 folded before Flop (didn't bet)
Seat 6: Hero(small blind)won ($64)
Seat 7: f321ef03(big blind) folded before Flop
Seat 2: 22c56419 folded before Flop (didn't bet)



Poker Hand #ring_977486425: NLH No Limit ($2/$4) - 2025/07/07 15:59:40
Table 'MR NLH 2/4' 7-max Seat #4 is the button
Seat 5: e8220cc6 ($857.28 in chips)
Seat 1: 6b2b5cf0 ($780.24 in chips)
Seat 4: 5f889044 ($243.95 in chips)
Seat 6: Hero ($263.5 in chips)
Seat 7: f321ef03 ($945.13 in chips)
Seat 2: 22c56419 ($384.05 in chips)
e8220cc6: posts small blind $2
Hero: posts big blind $4
*** HOLE CARDS ***
Dealt to e8220cc6 
Dealt to 6b2b5cf0 
Dealt to 5f889044 
Dealt to Hero [Ac Qc]
Dealt to f321ef03 
Dealt to 22c56419 
f321ef03: folds
6b2b5cf0: folds
22c56419: folds
5f889044: folds
e8220cc6: folds
*** SHOWDOWN ***
Hero collected $6 from pot
*** SUMMARY ***
Total pot $6
Seat 5: e8220cc6(small blind) folded before Flop
Seat 1: 6b2b5cf0 folded before Flop (didn't bet)
Seat 4: 5f889044 folded before Flop (didn't bet)
Seat 6: Hero(big blind)won ($6)
Seat 7: f321ef03 folded before Flop (didn't bet)
Seat 2: 22c56419 folded before Flop (didn't bet)



Poker Hand #ring_977485887: NLH No Limit ($2/$4) - 2025/07/07 15:59:12
Table 'MR NLH 2/4' 7-max Seat #2 is the button
Seat 5: e8220cc6 ($861.28 in chips)
Seat 1: 6b2b5cf0 ($780.24 in chips)
Seat 4: 5f889044 ($245.95 in chips)
Seat 6: Hero ($257.5 in chips)
Seat 7: f321ef03 ($945.13 in chips)
Seat 2: 22c56419 ($384.05 in chips)
5f889044: posts small blind $2
e8220cc6: posts big blind $4
*** HOLE CARDS ***
Dealt to e8220cc6 
Dealt to 6b2b5cf0 
Dealt to 5f889044 
Dealt to Hero [Td Ts]
Dealt to f321ef03 
Dealt to 22c56419 
Hero: raises $8 to $12
f321ef03: folds
6b2b5cf0: folds
22c56419: folds
5f889044: folds
e8220cc6: folds
Uncalled bet ($8) returned to Hero
*** SHOWDOWN ***
Hero collected $10 from pot
*** SUMMARY ***
Total pot $10
Seat 5: e8220cc6(big blind) folded before Flop
Seat 1: 6b2b5cf0 folded before Flop (didn't bet)
Seat 4: 5f889044(small blind) folded before Flop
Seat 6: Herowon ($10)
Seat 7: f321ef03 folded before Flop (didn't bet)
Seat 2: 22c56419 folded before Flop (didn't bet)



Poker Hand #ring_977484931: NLH No Limit ($2/$4) - 2025/07/07 15:58:25
Table 'MR NLH 2/4' 7-max Seat #1 is the button
Seat 5: e8220cc6 ($873.28 in chips)
Seat 1: 6b2b5cf0 ($780.24 in chips)
Seat 4: 5f889044 ($200 in chips)
Seat 6: Hero ($257.5 in chips)
Seat 7: f321ef03 ($945.13 in chips)
Seat 2: 22c56419 ($423.05 in chips)
22c56419: posts small blind $2
5f889044: posts big blind $4
*** HOLE CARDS ***
Dealt to e8220cc6 
Dealt to 6b2b5cf0 
Dealt to 5f889044 
Dealt to Hero [Ks 7h]
Dealt to f321ef03 
Dealt to 22c56419 
e8220cc6: raises $8 to $12
Hero: folds
f321ef03: folds
6b2b5cf0: folds
22c56419: calls $10
5f889044: calls $8
*** FLOP *** [5d 3c 6d]
22c56419: checks
5f889044: checks
e8220cc6: checks
*** TURN *** [5d 3c 6d] [4c]
22c56419: checks
5f889044: bets $27
e8220cc6: folds
22c56419: calls $27
*** RIVER *** [5d 3c 6d 4c] [8h]
22c56419: checks
5f889044: bets $161 and is all-in
22c56419: folds
Uncalled bet ($161) returned to 5f889044
*** SHOWDOWN ***
5f889044 collected $90 from pot
*** SUMMARY ***
Total pot $90
Board [5d 3c 6d 4c 8h]
Seat 5: e8220cc6 folded on the Turn
Seat 1: 6b2b5cf0 folded before Flop (didn't bet)
Seat 4: 5f889044(big blind)won ($90) with Nines-High Straight
Seat 6: Hero folded before Flop (didn't bet)
Seat 7: f321ef03 folded before Flop (didn't bet)
Seat 2: 22c56419(small blind) folded on the River



Poker Hand #ring_977483857: NLH No Limit ($2/$4) - 2025/07/07 15:57:31
Table 'MR NLH 2/4' 7-max Seat #7 is the button
Seat 5: e8220cc6 ($883.28 in chips)
Seat 1: 6b2b5cf0 ($734.84 in chips)
Seat 4: 5f889044 ($200 in chips)
Seat 6: Hero ($257.5 in chips)
Seat 7: f321ef03 ($945.13 in chips)
Seat 2: 22c56419 ($433.05 in chips)
6b2b5cf0: posts small blind $2
22c56419: posts big blind $4
*** HOLE CARDS ***
Dealt to e8220cc6 
Dealt to 6b2b5cf0 
Dealt to 5f889044 
Dealt to Hero [5d Qd]
Dealt to f321ef03 
Dealt to 22c56419 
5f889044: raises $6 to $10
e8220cc6: calls $10
Hero: folds
f321ef03: folds
6b2b5cf0: calls $8
22c56419: calls $6
*** FLOP *** [Ks 8c 4h]
6b2b5cf0: checks
22c56419: checks
5f889044: bets $20
e8220cc6: folds
6b2b5cf0: calls $20
22c56419: folds
*** TURN *** [Ks 8c 4h] [Th]
6b2b5cf0: checks
5f889044: checks
*** RIVER *** [Ks 8c 4h Th] [8h]
6b2b5cf0: bets $40
5f889044: folds
Uncalled bet ($40) returned to 6b2b5cf0
*** SHOWDOWN ***
6b2b5cf0 collected $80 from pot
*** SUMMARY ***
Total pot $80
Board [Ks 8c 4h Th 8h]
Seat 5: e8220cc6 folded on the Flop
Seat 1: 6b2b5cf0(small blind)won ($80) with Pair of Kings and Pair of Tens
Seat 4: 5f889044 folded on the River
Seat 6: Hero folded before Flop (didn't bet)
Seat 7: f321ef03 folded before Flop (didn't bet)
Seat 2: 22c56419(big blind) folded on the Flop



Poker Hand #ring_977483198: NLH No Limit ($2/$4) - 2025/07/07 15:56:56
Table 'MR NLH 2/4' 7-max Seat #6 is the button
Seat 5: e8220cc6 ($883.28 in chips)
Seat 1: 6b2b5cf0 ($738.84 in chips)
Seat 4: 5f889044 ($200 in chips)
Seat 6: Hero ($257.5 in chips)
Seat 7: f321ef03 ($941.13 in chips)
Seat 2: 22c56419 ($433.05 in chips)
f321ef03: posts small blind $2
6b2b5cf0: posts big blind $4
*** HOLE CARDS ***
Dealt to e8220cc6 
Dealt to 6b2b5cf0 
Dealt to 5f889044 
Dealt to Hero [Qd 4s]
Dealt to f321ef03 
Dealt to 22c56419 
22c56419: folds
5f889044: folds
e8220cc6: folds
Hero: folds
f321ef03: raises $8 to $12
6b2b5cf0: folds
Uncalled bet ($8) returned to f321ef03
*** SHOWDOWN ***
f321ef03 collected $8 from pot
*** SUMMARY ***
Total pot $8
Seat 5: e8220cc6 folded before Flop (didn't bet)
Seat 1: 6b2b5cf0(big blind) folded before Flop
Seat 4: 5f889044 folded before Flop (didn't bet)
Seat 6: Hero folded before Flop (didn't bet)
Seat 7: f321ef03(small blind)won ($8)
Seat 2: 22c56419 folded before Flop (didn't bet)



Poker Hand #ring_977481561: NLH No Limit ($2/$4) - 2025/07/07 15:55:35
Table 'MR NLH 2/4' 7-max Seat #5 is the button
Seat 5: e8220cc6 ($883.28 in chips)
Seat 1: 6b2b5cf0 ($738.84 in chips)
Seat 4: 5f889044 ($208.38 in chips)
Seat 6: Hero ($259.5 in chips)
Seat 7: f321ef03 ($945.13 in chips)
Seat 2: 22c56419 ($238.69 in chips)
Hero: posts small blind $2
f321ef03: posts big blind $4
*** HOLE CARDS ***
Dealt to e8220cc6 
Dealt to 6b2b5cf0 
Dealt to 5f889044 
Dealt to Hero [7h 5h]
Dealt to f321ef03 
Dealt to 22c56419 
6b2b5cf0: folds
22c56419: raises $12 to $16
5f889044: raises $28.5 to $44.5
e8220cc6: folds
Hero: folds
f321ef03: folds
22c56419: calls $28.5
*** FLOP *** [9d Qd Kc]
22c56419: checks
5f889044: bets $47.5
22c56419: raises $146.69 to $194.19 and is all-in
5f889044: calls $116.38 and is all-in
Uncalled bet ($30.31) returned to 22c56419
22c56419: shows [Ah Kd] (Pair of Kings)
5f889044: shows [Jc 9c] (Pair of Nines)
*** TURN *** [9d Qd Kc] [6d]
*** RIVER *** [9d Qd Kc 6d] [3c]
*** SHOWDOWN ***
22c56419 collected $422.76 from pot
*** SUMMARY ***
Total pot $422.76
Board [9d Qd Kc 6d 3c]
Seat 5: e8220cc6 folded before Flop (didn't bet)
Seat 1: 6b2b5cf0 folded before Flop (didn't bet)
Seat 4: 5f889044 showed [Jc 9c] and lost with Pair of Nines
Seat 6: Hero(small blind) folded before Flop
Seat 7: f321ef03(big blind) folded before Flop
Seat 2: 22c56419 showed [Ah Kd] and won ($422.76) with Pair of Kings



Poker Hand #ring_977480997: NLH No Limit ($2/$4) - 2025/07/07 15:55:07
Table 'MR NLH 2/4' 7-max Seat #4 is the button
Seat 5: e8220cc6 ($885.28 in chips)
Seat 1: 6b2b5cf0 ($738.84 in chips)
Seat 4: 5f889044 ($202.38 in chips)
Seat 6: Hero ($263.5 in chips)
Seat 7: f321ef03 ($945.13 in chips)
Seat 2: 22c56419 ($238.69 in chips)
e8220cc6: posts small blind $2
Hero: posts big blind $4
*** HOLE CARDS ***
Dealt to e8220cc6 
Dealt to 6b2b5cf0 
Dealt to 5f889044 
Dealt to Hero [7s Jh]
Dealt to f321ef03 
Dealt to 22c56419 
f321ef03: folds
6b2b5cf0: folds
22c56419: folds
5f889044: raises $6 to $10
e8220cc6: folds
Hero: folds
Uncalled bet ($6) returned to 5f889044
*** SHOWDOWN ***
5f889044 collected $10 from pot
*** SUMMARY ***
Total pot $10
Seat 5: e8220cc6(small blind) folded before Flop
Seat 1: 6b2b5cf0 folded before Flop (didn't bet)
Seat 4: 5f889044won ($10)
Seat 6: Hero(big blind) folded before Flop
Seat 7: f321ef03 folded before Flop (didn't bet)
Seat 2: 22c56419 folded before Flop (didn't bet)



Poker Hand #ring_977480212: NLH No Limit ($2/$4) - 2025/07/07 15:54:26
Table 'MR NLH 2/4' 7-max Seat #2 is the button
Seat 5: e8220cc6 ($901.28 in chips)
Seat 1: 6b2b5cf0 ($738.84 in chips)
Seat 4: 5f889044 ($204.38 in chips)
Seat 6: Hero ($263.5 in chips)
Seat 7: f321ef03 ($945.13 in chips)
Seat 2: 22c56419 ($222.22 in chips)
5f889044: posts small blind $2
e8220cc6: posts big blind $4
*** HOLE CARDS ***
Dealt to e8220cc6 
Dealt to 6b2b5cf0 
Dealt to 5f889044 
Dealt to Hero [Kh 3d]
Dealt to f321ef03 
Dealt to 22c56419 
Hero: folds
f321ef03: folds
6b2b5cf0: folds
22c56419: raises $12 to $16
5f889044: folds
e8220cc6: calls $12
*** FLOP *** [8h 2d 5c]
e8220cc6: checks
22c56419: bets $34
e8220cc6: folds
Uncalled bet ($34) returned to 22c56419
*** SHOWDOWN ***
22c56419 collected $34 from pot
*** SUMMARY ***
Total pot $34
Board [8h 2d 5c]
Seat 5: e8220cc6(big blind) folded on the Flop
Seat 1: 6b2b5cf0 folded before Flop (didn't bet)
Seat 4: 5f889044(small blind) folded before Flop
Seat 6: Hero folded before Flop (didn't bet)
Seat 7: f321ef03 folded before Flop (didn't bet)
Seat 2: 22c56419won ($34) with Ace-High



Poker Hand #ring_977477629: NLH No Limit ($2/$4) - 2025/07/07 15:52:16
Table 'MR NLH 2/4' 7-max Seat #1 is the button
Seat 5: e8220cc6 ($901.28 in chips)
Seat 1: 6b2b5cf0 ($738.84 in chips)
Seat 4: 5f889044 ($208.38 in chips)
Seat 6: Hero ($398 in chips)
Seat 7: f321ef03 ($818 in chips)
Seat 2: 22c56419 ($224.22 in chips)
22c56419: posts small blind $2
5f889044: posts big blind $4
*** HOLE CARDS ***
Dealt to e8220cc6 
Dealt to 6b2b5cf0 
Dealt to 5f889044 
Dealt to Hero [Qh As]
Dealt to f321ef03 
Dealt to 22c56419 
e8220cc6: folds
Hero: raises $8 to $12
f321ef03: raises $24 to $36
6b2b5cf0: folds
22c56419: folds
5f889044: folds
Hero: calls $24
*** FLOP *** [Jh Ac 4d]
Hero: checks
f321ef03: bets $16
Hero: calls $16
*** TURN *** [Jh Ac 4d] [5h]
Hero: checks
f321ef03: bets $82.5
Hero: calls $82.5
*** RIVER *** [Jh Ac 4d 5h] [4c]
Hero: checks
f321ef03: bets $275.01
Hero: folds
Uncalled bet ($275.01) returned to f321ef03
*** SHOWDOWN ***
f321ef03 collected $275 from pot
*** SUMMARY ***
Total pot $275
Board [Jh Ac 4d 5h 4c]
Seat 5: e8220cc6 folded before Flop (didn't bet)
Seat 1: 6b2b5cf0 folded before Flop (didn't bet)
Seat 4: 5f889044(big blind) folded before Flop
Seat 6: Hero folded on the River
Seat 7: f321ef03won ($275) with Pair of Aces and Pair of Fours
Seat 2: 22c56419(small blind) folded before Flop



Poker Hand #ring_977476881: NLH No Limit ($2/$4) - 2025/07/07 15:51:38
Table 'MR NLH 2/4' 7-max Seat #7 is the button
Seat 5: e8220cc6 ($888.45 in chips)
Seat 1: 6b2b5cf0 ($740.84 in chips)
Seat 4: 5f889044 ($208.38 in chips)
Seat 6: Hero ($398 in chips)
Seat 7: f321ef03 ($818 in chips)
Seat 2: 22c56419 ($236.22 in chips)
6b2b5cf0: posts small blind $2
22c56419: posts big blind $4
*** HOLE CARDS ***
Dealt to e8220cc6 
Dealt to 6b2b5cf0 
Dealt to 5f889044 
Dealt to Hero [Qd Th]
Dealt to f321ef03 
Dealt to 22c56419 
5f889044: folds
e8220cc6: raises $8 to $12
Hero: folds
f321ef03: folds
6b2b5cf0: folds
22c56419: calls $8
*** FLOP *** [Ts 2s Qs]
22c56419: checks
e8220cc6: bets $13
22c56419: folds
Uncalled bet ($13) returned to e8220cc6
*** SHOWDOWN ***
e8220cc6 collected $26 from pot
*** SUMMARY ***
Total pot $26
Board [Ts 2s Qs]
Seat 5: e8220cc6won ($26) with Pair of Queens
Seat 1: 6b2b5cf0(small blind) folded before Flop
Seat 4: 5f889044 folded before Flop (didn't bet)
Seat 6: Hero folded before Flop (didn't bet)
Seat 7: f321ef03 folded before Flop (didn't bet)
Seat 2: 22c56419(big blind) folded on the Flop



Poker Hand #ring_977476107: NLH No Limit ($2/$4) - 2025/07/07 15:51:00
Table 'MR NLH 2/4' 7-max Seat #6 is the button
Seat 5: e8220cc6 ($888.45 in chips)
Seat 1: 6b2b5cf0 ($744.84 in chips)
Seat 4: 5f889044 ($210.38 in chips)
Seat 6: Hero ($398 in chips)
Seat 7: f321ef03 ($800 in chips)
Seat 2: 22c56419 ($248.22 in chips)
f321ef03: posts small blind $2
6b2b5cf0: posts big blind $4
5f889044: posts big blind $0
5f889044: posts small blind $2
*** HOLE CARDS ***
Dealt to e8220cc6 
Dealt to 6b2b5cf0 
Dealt to 5f889044 
Dealt to Hero [9s 8h]
Dealt to f321ef03 
Dealt to 22c56419 
22c56419: raises $8 to $12
5f889044: folds
e8220cc6: folds
Hero: folds
f321ef03: raises $36 to $48
6b2b5cf0: folds
22c56419: folds
Uncalled bet ($36) returned to f321ef03
*** SHOWDOWN ***
f321ef03 collected $30 from pot
*** SUMMARY ***
Total pot $28
Seat 5: e8220cc6 folded before Flop (didn't bet)
Seat 1: 6b2b5cf0(big blind) folded before Flop
Seat 4: 5f889044 folded before Flop (didn't bet)
Seat 6: Hero folded before Flop (didn't bet)
Seat 7: f321ef03(small blind)won ($30)
Seat 2: 22c56419 folded before Flop



Poker Hand #ring_977475625: NLH No Limit ($2/$4) - 2025/07/07 15:50:35
Table 'MR NLH 2/4' 7-max Seat #5 is the button
Seat 5: e8220cc6 ($888.45 in chips)
Seat 1: 6b2b5cf0 ($744.84 in chips)
Seat 6: Hero ($394 in chips)
Seat 7: f321ef03 ($800 in chips)
Seat 2: 22c56419 ($248.22 in chips)
Hero: posts small blind $2
f321ef03: posts big blind $4
*** HOLE CARDS ***
Dealt to e8220cc6 
Dealt to 6b2b5cf0 
Dealt to Hero [Ks Jc]
Dealt to f321ef03 
Dealt to 22c56419 
6b2b5cf0: folds
22c56419: folds
e8220cc6: folds
Hero: raises $6 to $10
f321ef03: folds
Uncalled bet ($6) returned to Hero
*** SHOWDOWN ***
Hero collected $8 from pot
*** SUMMARY ***
Total pot $8
Seat 5: e8220cc6 folded before Flop (didn't bet)
Seat 1: 6b2b5cf0 folded before Flop (didn't bet)
Seat 6: Hero(small blind)won ($8)
Seat 7: f321ef03(big blind) folded before Flop
Seat 2: 22c56419 folded before Flop (didn't bet)



Poker Hand #ring_977474648: NLH No Limit ($2/$4) - 2025/07/07 15:49:43
Table 'MR NLH 2/4' 7-max Seat #0 is the button
Seat 5: e8220cc6 ($890.45 in chips)
Seat 1: 6b2b5cf0 ($724.28 in chips)
Seat 6: Hero ($404 in chips)
Seat 2: 22c56419 ($258.22 in chips)
e8220cc6: posts small blind $2
Hero: posts big blind $4
*** HOLE CARDS ***
Dealt to e8220cc6 
Dealt to 6b2b5cf0 
Dealt to Hero [Kc 3s]
Dealt to 22c56419 
6b2b5cf0: raises $6 to $10
22c56419: calls $10
e8220cc6: folds
Hero: calls $6
*** FLOP *** [9c 5h 4d]
Hero: checks
6b2b5cf0: checks
22c56419: checks
*** TURN *** [9c 5h 4d] [Kd]
Hero: checks
6b2b5cf0: checks
22c56419: checks
*** RIVER *** [9c 5h 4d Kd] [Qd]
Hero: checks
6b2b5cf0: checks
22c56419: checks
6b2b5cf0: shows [Ks Ts]
22c56419: shows [6s 8s]
Hero: shows [Kc 3s]
*** SHOWDOWN ***
6b2b5cf0 collected $32 from pot
*** SUMMARY ***
Total pot $32
Board [9c 5h 4d Kd Qd]
Seat 5: e8220cc6(small blind) folded before Flop
Seat 1: 6b2b5cf0 showed [Ks Ts] and won ($32) with Pair of Kings
Seat 6: Hero(big blind) showed [Kc 3s] and lost with Pair of Kings
Seat 2: 22c56419 showed [6s 8s] and lost with King-High



Poker Hand #ring_977473826: NLH No Limit ($2/$4) - 2025/07/07 15:49:00
Table 'MR NLH 2/4' 7-max Seat #2 is the button
Seat 5: e8220cc6 ($828 in chips)
Seat 1: 6b2b5cf0 ($794 in chips)
Seat 6: Hero ($404 in chips)
Seat 2: 22c56419 ($258.22 in chips)
e8220cc6: posts big blind $4
*** HOLE CARDS ***
Dealt to e8220cc6 
Dealt to 6b2b5cf0 
Dealt to Hero [Ts 7c]
Dealt to 22c56419 
Hero: folds
6b2b5cf0: raises $6 to $10
22c56419: folds
e8220cc6: raises $32 to $42
6b2b5cf0: calls $32
*** FLOP *** [As 6s 8d]
e8220cc6: bets $27.72
6b2b5cf0: calls $27.72
*** TURN *** [As 6s 8d] [Kc]
e8220cc6: bets $69.72
6b2b5cf0: folds
Uncalled bet ($69.72) returned to e8220cc6
*** SHOWDOWN ***
e8220cc6 collected $139.44 from pot
*** SUMMARY ***
Total pot $139.44
Board [As 6s 8d Kc]
Seat 5: e8220cc6(big blind)won ($139.44) with Pair of Aces
Seat 1: 6b2b5cf0 folded on the Turn
Seat 6: Hero folded before Flop (didn't bet)
Seat 2: 22c56419 folded before Flop (didn't bet)



Poker Hand #ring_977473047: NLH No Limit ($2/$4) - 2025/07/07 15:48:17
Table 'MR NLH 2/4' 7-max Seat #1 is the button
Seat 5: e8220cc6 ($822 in chips)
Seat 1: 6b2b5cf0 ($794 in chips)
Seat 4: 5f889044 ($214.38 in chips)
Seat 6: Hero ($404 in chips)
Seat 2: 22c56419 ($260.22 in chips)
22c56419: posts small blind $2
5f889044: posts big blind $4
*** HOLE CARDS ***
Dealt to e8220cc6 
Dealt to 6b2b5cf0 
Dealt to 5f889044 
Dealt to Hero [Qc 3d]
Dealt to 22c56419 
e8220cc6: raises $8 to $12
Hero: folds
6b2b5cf0: folds
22c56419: folds
5f889044: folds
Uncalled bet ($8) returned to e8220cc6
*** SHOWDOWN ***
e8220cc6 collected $10 from pot
*** SUMMARY ***
Total pot $10
Seat 5: e8220cc6won ($10)
Seat 1: 6b2b5cf0 folded before Flop (didn't bet)
Seat 4: 5f889044(big blind) folded before Flop
Seat 6: Hero folded before Flop (didn't bet)
Seat 2: 22c56419(small blind) folded before Flop



Poker Hand #ring_977472603: NLH No Limit ($2/$4) - 2025/07/07 15:47:54
Table 'MR NLH 2/4' 7-max Seat #6 is the button
Seat 5: e8220cc6 ($816 in chips)
Seat 1: 6b2b5cf0 ($796 in chips)
Seat 4: 5f889044 ($214.38 in chips)
Seat 6: Hero ($404 in chips)
Seat 2: 22c56419 ($264.22 in chips)
6b2b5cf0: posts small blind $2
22c56419: posts big blind $4
*** HOLE CARDS ***
Dealt to e8220cc6 
Dealt to 6b2b5cf0 
Dealt to 5f889044 
Dealt to Hero [Qc 4h]
Dealt to 22c56419 
5f889044: folds
e8220cc6: raises $8 to $12
Hero: folds
6b2b5cf0: folds
22c56419: folds
Uncalled bet ($8) returned to e8220cc6
*** SHOWDOWN ***
e8220cc6 collected $10 from pot
*** SUMMARY ***
Total pot $10
Seat 5: e8220cc6won ($10)
Seat 1: 6b2b5cf0(small blind) folded before Flop
Seat 4: 5f889044 folded before Flop (didn't bet)
Seat 6: Hero folded before Flop (didn't bet)
Seat 2: 22c56419(big blind) folded before Flop



Poker Hand #ring_977472277: NLH No Limit ($2/$4) - 2025/07/07 15:47:38
Table 'MR NLH 2/4' 7-max Seat #5 is the button
Seat 5: e8220cc6 ($810 in chips)
Seat 1: 6b2b5cf0 ($800 in chips)
Seat 4: 5f889044 ($214.38 in chips)
Seat 6: Hero ($406 in chips)
Hero: posts small blind $2
6b2b5cf0: posts big blind $4
*** HOLE CARDS ***
Dealt to e8220cc6 
Dealt to 6b2b5cf0 
Dealt to 5f889044 
Dealt to Hero [Qd 5c]
5f889044: folds
e8220cc6: raises $8 to $12
Hero: folds
6b2b5cf0: folds
Uncalled bet ($8) returned to e8220cc6
*** SHOWDOWN ***
e8220cc6 collected $10 from pot
*** SUMMARY ***
Total pot $10
Seat 5: e8220cc6won ($10)
Seat 1: 6b2b5cf0(big blind) folded before Flop
Seat 4: 5f889044 folded before Flop (didn't bet)
Seat 6: Hero(small blind) folded before Flop



Poker Hand #ring_977472039: NLH No Limit ($2/$4) - 2025/07/07 15:47:25
Table 'MR NLH 2/4' 7-max Seat #4 is the button
Seat 5: e8220cc6 ($812 in chips)
Seat 4: 5f889044 ($214.38 in chips)
Seat 6: Hero ($404 in chips)
e8220cc6: posts small blind $2
Hero: posts big blind $4
*** HOLE CARDS ***
Dealt to e8220cc6 
Dealt to 5f889044 
Dealt to Hero [Qc Qh]
5f889044: folds
e8220cc6: folds
e8220cc6: shows [2h 7c]
Hero: shows [Qc Qh]
*** SHOWDOWN ***
Hero collected $6 from pot
*** SUMMARY ***
Total pot $6
Seat 5: e8220cc6(small blind) folded before Flop
Seat 4: 5f889044 folded before Flop (didn't bet)
Seat 6: Hero(big blind) showed [Qc Qh] and won ($6)



