Poker Hand #ring_930758224: NLH No Limit ($1/$2) - 2025/06/12 02:27:15
Table 'MR NLH 1/2' 7-max Seat #2 is the button
Seat 4: 44a89280 ($393.98 in chips)
Seat 3: c5d7e2da ($400 in chips)
Seat 2: Hero ($512.46 in chips)
Seat 6: 1f180a7a ($232.92 in chips)
c5d7e2da: posts small blind $1
44a89280: posts big blind $2
*** HOLE CARDS ***
Dealt to 44a89280 
Dealt to c5d7e2da 
Dealt to Hero [6h Jc]
Dealt to 1f180a7a 
1f180a7a: folds
Hero: folds
c5d7e2da: raises $4 to $6
44a89280: folds
Uncalled bet ($4) returned to c5d7e2da
*** SHOWDOWN ***
c5d7e2da collected $4 from pot
*** SUMMARY ***
Total pot $4
Seat 4: 44a89280(big blind) folded before Flop
Seat 3: c5d7e2da(small blind)won ($4)
Seat 2: Hero folded before Flop (didn't bet)
Seat 6: 1f180a7a folded before Flop (didn't bet)



Poker Hand #ring_930757038: NLH No Limit ($1/$2) - 2025/06/12 02:26:30
Table 'MR NLH 1/2' 7-max Seat #6 is the button
Seat 4: 44a89280 ($393.98 in chips)
Seat 3: c5d7e2da ($399 in chips)
Seat 2: Hero ($513.46 in chips)
Seat 6: 1f180a7a ($223.1 in chips)
Hero: posts small blind $1
c5d7e2da: posts big blind $2
*** HOLE CARDS ***
Dealt to 44a89280 
Dealt to c5d7e2da 
Dealt to Hero [5h Qh]
Dealt to 1f180a7a 
44a89280: folds
1f180a7a: raises $4 to $6
Hero: folds
c5d7e2da: calls $4
*** FLOP *** [8s 8d 9s]
c5d7e2da: checks
1f180a7a: bets $4.29
c5d7e2da: calls $4.29
*** TURN *** [8s 8d 9s] [2d]
c5d7e2da: checks
1f180a7a: bets $14.25
c5d7e2da: folds
Uncalled bet ($14.25) returned to 1f180a7a
*** SHOWDOWN ***
1f180a7a collected $21.58 from pot
*** SUMMARY ***
Total pot $21.58
Board [8s 8d 9s 2d]
Seat 4: 44a89280 folded before Flop (didn't bet)
Seat 3: c5d7e2da(big blind) folded on the Turn
Seat 2: Hero(small blind) folded before Flop
Seat 6: 1f180a7awon ($21.58) with Pair of Eights



Poker Hand #ring_930756685: NLH No Limit ($1/$2) - 2025/06/12 02:26:17
Table 'MR NLH 1/2' 7-max Seat #5 is the button
Seat 4: 44a89280 ($393.98 in chips)
Seat 3: c5d7e2da ($399 in chips)
Seat 5: b1808e08 ($269.96 in chips)
Seat 2: Hero ($512.46 in chips)
Seat 6: 1f180a7a ($224.1 in chips)
1f180a7a: posts small blind $1
Hero: posts big blind $2
*** HOLE CARDS ***
Dealt to 44a89280 
Dealt to c5d7e2da 
Dealt to b1808e08 
Dealt to Hero [Kh Td]
Dealt to 1f180a7a 
c5d7e2da: folds
44a89280: folds
b1808e08: folds
1f180a7a: folds
*** SHOWDOWN ***
Hero collected $3 from pot
*** SUMMARY ***
Total pot $3
Seat 4: 44a89280 folded before Flop (didn't bet)
Seat 3: c5d7e2da folded before Flop (didn't bet)
Seat 5: b1808e08 folded before Flop (didn't bet)
Seat 2: Hero(big blind)won ($3)
Seat 6: 1f180a7a(small blind) folded before Flop



Poker Hand #ring_930756120: NLH No Limit ($1/$2) - 2025/06/12 02:25:55
Table 'MR NLH 1/2' 7-max Seat #4 is the button
Seat 4: 44a89280 ($393.98 in chips)
Seat 3: c5d7e2da ($399 in chips)
Seat 5: b1808e08 ($267.96 in chips)
Seat 2: Hero ($512.46 in chips)
Seat 6: 1f180a7a ($226.1 in chips)
b1808e08: posts small blind $1
1f180a7a: posts big blind $2
*** HOLE CARDS ***
Dealt to 44a89280 
Dealt to c5d7e2da 
Dealt to b1808e08 
Dealt to Hero [4c 5h]
Dealt to 1f180a7a 
Hero: folds
c5d7e2da: folds
44a89280: folds
b1808e08: raises $4 to $6
1f180a7a: folds
Uncalled bet ($4) returned to b1808e08
*** SHOWDOWN ***
b1808e08 collected $4 from pot
*** SUMMARY ***
Total pot $4
Seat 4: 44a89280 folded before Flop (didn't bet)
Seat 3: c5d7e2da folded before Flop (didn't bet)
Seat 5: b1808e08(small blind)won ($4)
Seat 2: Hero folded before Flop (didn't bet)
Seat 6: 1f180a7a(big blind) folded before Flop



Poker Hand #ring_930755592: NLH No Limit ($1/$2) - 2025/06/12 02:25:34
Table 'MR NLH 1/2' 7-max Seat #3 is the button
Seat 4: 44a89280 ($394.98 in chips)
Seat 3: c5d7e2da ($399 in chips)
Seat 5: b1808e08 ($266.96 in chips)
Seat 2: Hero ($512.46 in chips)
Seat 6: 1f180a7a ($226.1 in chips)
44a89280: posts small blind $1
b1808e08: posts big blind $2
*** HOLE CARDS ***
Dealt to 44a89280 
Dealt to c5d7e2da 
Dealt to b1808e08 
Dealt to Hero [3d Ac]
Dealt to 1f180a7a 
1f180a7a: folds
Hero: folds
c5d7e2da: folds
44a89280: folds
b1808e08: shows [Ah]
*** SHOWDOWN ***
b1808e08 collected $3 from pot
*** SUMMARY ***
Total pot $3
Seat 4: 44a89280(small blind) folded before Flop
Seat 3: c5d7e2da folded before Flop (didn't bet)
Seat 5: b1808e08(big blind) showed [Ah] and won ($3)
Seat 2: Hero folded before Flop (didn't bet)
Seat 6: 1f180a7a folded before Flop (didn't bet)



Poker Hand #ring_930754025: NLH No Limit ($1/$2) - 2025/06/12 02:24:35
Table 'MR NLH 1/2' 7-max Seat #2 is the button
Seat 4: 44a89280 ($377.92 in chips)
Seat 3: c5d7e2da ($400 in chips)
Seat 5: b1808e08 ($266.96 in chips)
Seat 2: Hero ($525.46 in chips)
Seat 6: 1f180a7a ($231.1 in chips)
c5d7e2da: posts small blind $1
44a89280: posts big blind $2
*** HOLE CARDS ***
Dealt to 44a89280 
Dealt to c5d7e2da 
Dealt to b1808e08 
Dealt to Hero [Kd Qs]
Dealt to 1f180a7a 
b1808e08: folds
1f180a7a: raises $3 to $5
Hero: calls $5
c5d7e2da: folds
44a89280: calls $3
*** FLOP *** [6s 7d 5c]
44a89280: checks
1f180a7a: checks
Hero: checks
*** TURN *** [6s 7d 5c] [5h]
44a89280: bets $8
1f180a7a: folds
Hero: calls $8
*** RIVER *** [6s 7d 5c 5h] [Ac]
44a89280: bets $24
Hero: folds
Uncalled bet ($24) returned to 44a89280
*** SHOWDOWN ***
44a89280 collected $32 from pot
*** SUMMARY ***
Total pot $32
Board [6s 7d 5c 5h Ac]
Seat 4: 44a89280(big blind)won ($32) with Nines-High Straight
Seat 3: c5d7e2da(small blind) folded before Flop
Seat 5: b1808e08 folded before Flop (didn't bet)
Seat 2: Hero folded on the River
Seat 6: 1f180a7a folded on the Turn



Poker Hand #ring_930752116: NLH No Limit ($1/$2) - 2025/06/12 02:23:23
Table 'MR NLH 1/2' 7-max Seat #6 is the button
Seat 4: 44a89280 ($377.92 in chips)
Seat 3: c5d7e2da ($518.99 in chips)
Seat 5: b1808e08 ($266.96 in chips)
Seat 2: Hero ($275.37 in chips)
Seat 6: 1f180a7a ($231.1 in chips)
Hero: posts small blind $1
c5d7e2da: posts big blind $2
*** HOLE CARDS ***
Dealt to 44a89280 
Dealt to c5d7e2da 
Dealt to b1808e08 
Dealt to Hero [Th Jh]
Dealt to 1f180a7a 
44a89280: folds
b1808e08: folds
1f180a7a: folds
Hero: raises $4 to $6
c5d7e2da: raises $18 to $24
Hero: calls $18
*** FLOP *** [Ac 6h Kc]
Hero: bets $24
c5d7e2da: calls $24
*** TURN *** [Ac 6h Kc] [Qs]
Hero: bets $48
c5d7e2da: calls $48
*** RIVER *** [Ac 6h Kc Qs] [5d]
Hero: bets $96
c5d7e2da: raises $307.2 to $403.2
Hero: calls $83.37 and is all-in
Uncalled bet ($223.83) returned to c5d7e2da
Hero: shows [Th Jh]
c5d7e2da: shows [5s As]
*** SHOWDOWN ***
Hero collected $550.74 from pot
*** SUMMARY ***
Total pot $550.74
Board [Ac 6h Kc Qs 5d]
Seat 4: 44a89280 folded before Flop (didn't bet)
Seat 3: c5d7e2da(big blind) showed [5s As] and lost with Pair of Aces and Pair of Fives
Seat 5: b1808e08 folded before Flop (didn't bet)
Seat 2: Hero(small blind) showed [Th Jh] and won ($550.74) with Aces-High Straight
Seat 6: 1f180a7a folded before Flop (didn't bet)



Poker Hand #ring_930750889: NLH No Limit ($1/$2) - 2025/06/12 02:22:38
Table 'MR NLH 1/2' 7-max Seat #5 is the button
Seat 4: 44a89280 ($377.92 in chips)
Seat 3: c5d7e2da ($532.79 in chips)
Seat 5: b1808e08 ($266.96 in chips)
Seat 2: Hero ($262.35 in chips)
Seat 6: 1f180a7a ($232.1 in chips)
1f180a7a: posts small blind $1
Hero: posts big blind $2
*** HOLE CARDS ***
Dealt to 44a89280 
Dealt to c5d7e2da 
Dealt to b1808e08 
Dealt to Hero [6s 7s]
Dealt to 1f180a7a 
c5d7e2da: raises $3 to $5
44a89280: folds
b1808e08: folds
1f180a7a: folds
Hero: calls $3
*** FLOP *** [5d 5c 5s]
Hero: checks
c5d7e2da: checks
*** TURN *** [5d 5c 5s] [6d]
Hero: checks
c5d7e2da: checks
*** RIVER *** [5d 5c 5s 6d] [9h]
Hero: bets $8.8
c5d7e2da: calls $8.8
Hero: shows [6s 7s]
c5d7e2da: shows [Tc Ad]
b1808e08: shows [6h]
*** SHOWDOWN ***
Hero collected $28.6 from pot
*** SUMMARY ***
Total pot $28.6
Board [5d 5c 5s 6d 9h]
Seat 4: 44a89280 folded before Flop (didn't bet)
Seat 3: c5d7e2da showed [Tc Ad] and lost with Three Fives
Seat 5: b1808e08 folded before Flop (didn't bet)
Seat 2: Hero(big blind) showed [6s 7s] and won ($28.6) with Fives Full over Sixes
Seat 6: 1f180a7a(small blind) folded before Flop



Poker Hand #ring_930750177: NLH No Limit ($1/$2) - 2025/06/12 02:22:10
Table 'MR NLH 1/2' 7-max Seat #4 is the button
Seat 4: 44a89280 ($377.92 in chips)
Seat 3: c5d7e2da ($537.79 in chips)
Seat 5: b1808e08 ($259.96 in chips)
Seat 2: Hero ($262.35 in chips)
Seat 6: 1f180a7a ($234.1 in chips)
b1808e08: posts small blind $1
1f180a7a: posts big blind $2
*** HOLE CARDS ***
Dealt to 44a89280 
Dealt to c5d7e2da 
Dealt to b1808e08 
Dealt to Hero [Qh 3c]
Dealt to 1f180a7a 
Hero: folds
c5d7e2da: raises $3 to $5
44a89280: folds
b1808e08: raises $13 to $18
1f180a7a: folds
c5d7e2da: folds
Uncalled bet ($13) returned to b1808e08
*** SHOWDOWN ***
b1808e08 collected $12 from pot
*** SUMMARY ***
Total pot $12
Seat 4: 44a89280 folded before Flop (didn't bet)
Seat 3: c5d7e2da folded before Flop
Seat 5: b1808e08(small blind)won ($12)
Seat 2: Hero folded before Flop (didn't bet)
Seat 6: 1f180a7a(big blind) folded before Flop



Poker Hand #ring_930749525: NLH No Limit ($1/$2) - 2025/06/12 02:21:45
Table 'MR NLH 1/2' 7-max Seat #3 is the button
Seat 4: 44a89280 ($372.46 in chips)
Seat 3: c5d7e2da ($537.79 in chips)
Seat 5: b1808e08 ($265.96 in chips)
Seat 2: Hero ($262.35 in chips)
Seat 6: 1f180a7a ($234.1 in chips)
44a89280: posts small blind $1
b1808e08: posts big blind $2
*** HOLE CARDS ***
Dealt to 44a89280 
Dealt to c5d7e2da 
Dealt to b1808e08 
Dealt to Hero [Ah 8d]
Dealt to 1f180a7a 
1f180a7a: folds
Hero: folds
c5d7e2da: folds
44a89280: raises $4 to $6
b1808e08: calls $4
*** FLOP *** [8s Ac 6h]
44a89280: bets $6
b1808e08: folds
Uncalled bet ($6) returned to 44a89280
*** SHOWDOWN ***
44a89280 collected $12 from pot
*** SUMMARY ***
Total pot $12
Board [8s Ac 6h]
Seat 4: 44a89280(small blind)won ($12) with Pair of Aces
Seat 3: c5d7e2da folded before Flop (didn't bet)
Seat 5: b1808e08(big blind) folded on the Flop
Seat 2: Hero folded before Flop (didn't bet)
Seat 6: 1f180a7a folded before Flop (didn't bet)



Poker Hand #ring_930748895: NLH No Limit ($1/$2) - 2025/06/12 02:21:20
Table 'MR NLH 1/2' 7-max Seat #2 is the button
Seat 4: 44a89280 ($374.46 in chips)
Seat 3: c5d7e2da ($538.79 in chips)
Seat 5: b1808e08 ($269.96 in chips)
Seat 2: Hero ($262.35 in chips)
Seat 6: 1f180a7a ($227.1 in chips)
c5d7e2da: posts small blind $1
44a89280: posts big blind $2
*** HOLE CARDS ***
Dealt to 44a89280 
Dealt to c5d7e2da 
Dealt to b1808e08 
Dealt to Hero [3d Ks]
Dealt to 1f180a7a 
b1808e08: raises $2 to $4
1f180a7a: raises $11 to $15
Hero: folds
c5d7e2da: folds
44a89280: folds
b1808e08: folds
Uncalled bet ($11) returned to 1f180a7a
*** SHOWDOWN ***
1f180a7a collected $11 from pot
*** SUMMARY ***
Total pot $11
Seat 4: 44a89280(big blind) folded before Flop
Seat 3: c5d7e2da(small blind) folded before Flop
Seat 5: b1808e08 folded before Flop
Seat 2: Hero folded before Flop (didn't bet)
Seat 6: 1f180a7awon ($11)



Poker Hand #ring_930747007: NLH No Limit ($1/$2) - 2025/06/12 02:20:07
Table 'MR NLH 1/2' 7-max Seat #1 is the button
Seat 1: c02810b0 ($133.12 in chips)
Seat 4: 44a89280 ($392.46 in chips)
Seat 3: c5d7e2da ($400 in chips)
Seat 5: b1808e08 ($269.96 in chips)
Seat 2: Hero ($263.35 in chips)
Seat 6: 1f180a7a ($227.1 in chips)
Hero: posts small blind $1
c5d7e2da: posts big blind $2
*** HOLE CARDS ***
Dealt to c02810b0 
Dealt to 44a89280 
Dealt to c5d7e2da 
Dealt to b1808e08 
Dealt to Hero [3d Kh]
Dealt to 1f180a7a 
44a89280: raises $4 to $6
b1808e08: folds
1f180a7a: folds
c02810b0: calls $6
Hero: folds
c5d7e2da: raises $12 to $18
44a89280: calls $12
c02810b0: calls $12
*** FIRST FLOP *** [6d 7d 8d]
c5d7e2da: bets $18.15
44a89280: folds
c02810b0: raises $30.12 to $48.27
c5d7e2da: raises $333.73 to $382 and is all-in
c02810b0: calls $66.85 and is all-in
Uncalled bet ($266.88) returned to c5d7e2da
c02810b0: shows [6h Ac] (Pair of Sixes)
c5d7e2da: shows [Ad Td] (Ace High Flush)
*** FIRST TURN *** [6d 7d 8d] [8h]
*** SECOND TURN *** [6d 7d 8d] [Qh]
*** FIRST RIVER *** [6d 7d 8d 8h] [9c]
*** SECOND RIVER *** [6d 7d 8d Qh] [Qc]
*** FIRST SHOWDOWN ***
c5d7e2da collected $142.88 from pot
*** SECOND SHOWDOWN ***
c5d7e2da collected $142.36 from pot
*** SUMMARY ***
Total pot $285.24
Hand was run two timesFIRST Board [6d 7d 8d 8h 9c]
SECOND Board [Qh Qc]
Seat 1: c02810b0 showed [6h Ac] and lost with Pair of Eights and Pair of Sixes / Pair of Queens and Pair of Sixes
Seat 4: 44a89280 folded on the Flop
Seat 3: c5d7e2da(big blind) showed [Ad Td] and won ($285.24) with Ace High Flush / Ace High Flush
Seat 5: b1808e08 folded before Flop (didn't bet)
Seat 2: Hero(small blind) folded before Flop
Seat 6: 1f180a7a folded before Flop (didn't bet)



Poker Hand #ring_930745408: NLH No Limit ($1/$2) - 2025/06/12 02:19:05
Table 'MR NLH 1/2' 7-max Seat #6 is the button
Seat 1: c02810b0 ($139.12 in chips)
Seat 4: 44a89280 ($392.46 in chips)
Seat 3: c5d7e2da ($400 in chips)
Seat 5: b1808e08 ($253.86 in chips)
Seat 2: Hero ($275.29 in chips)
Seat 6: 1f180a7a ($227.1 in chips)
c02810b0: posts small blind $1
Hero: posts big blind $2
*** HOLE CARDS ***
Dealt to c02810b0 
Dealt to 44a89280 
Dealt to c5d7e2da 
Dealt to b1808e08 
Dealt to Hero [Qs Kd]
Dealt to 1f180a7a 
c5d7e2da: folds
44a89280: folds
b1808e08: raises $4 to $6
1f180a7a: folds
c02810b0: calls $5
Hero: calls $4
*** FLOP *** [9s 6c Ts]
c02810b0: checks
Hero: checks
b1808e08: bets $5.94
c02810b0: folds
Hero: calls $5.94
*** TURN *** [9s 6c Ts] [4h]
Hero: checks
b1808e08: bets $22.41
Hero: folds
Uncalled bet ($22.41) returned to b1808e08
*** SHOWDOWN ***
b1808e08 collected $29.88 from pot
*** SUMMARY ***
Total pot $29.88
Board [9s 6c Ts 4h]
Seat 1: c02810b0(small blind) folded on the Flop
Seat 4: 44a89280 folded before Flop (didn't bet)
Seat 3: c5d7e2da folded before Flop (didn't bet)
Seat 5: b1808e08won ($29.88) with Pair of Aces
Seat 2: Hero(big blind) folded on the Turn
Seat 6: 1f180a7a folded before Flop (didn't bet)



Poker Hand #ring_930743967: NLH No Limit ($1/$2) - 2025/06/12 02:18:08
Table 'MR NLH 1/2' 7-max Seat #5 is the button
Seat 1: c02810b0 ($156.53 in chips)
Seat 4: 44a89280 ($392.46 in chips)
Seat 3: c5d7e2da ($400 in chips)
Seat 5: b1808e08 ($237.56 in chips)
Seat 2: Hero ($275.29 in chips)
Seat 6: 1f180a7a ($228.1 in chips)
1f180a7a: posts small blind $1
c02810b0: posts big blind $2
*** HOLE CARDS ***
Dealt to c02810b0 
Dealt to 44a89280 
Dealt to c5d7e2da 
Dealt to b1808e08 
Dealt to Hero [Ah 4d]
Dealt to 1f180a7a 
Hero: folds
c5d7e2da: folds
44a89280: folds
b1808e08: raises $4 to $6
1f180a7a: folds
c02810b0: calls $4
*** FLOP *** [5h 3d 6d]
c02810b0: checks
b1808e08: bets $4.29
c02810b0: calls $4.29
*** TURN *** [5h 3d 6d] [Ks]
c02810b0: bets $7.12
b1808e08: calls $7.12
*** RIVER *** [5h 3d 6d Ks] [3h]
c02810b0: checks
b1808e08: bets $26.86
c02810b0: folds
Uncalled bet ($26.86) returned to b1808e08
*** SHOWDOWN ***
b1808e08 collected $35.82 from pot
*** SUMMARY ***
Total pot $35.82
Board [5h 3d 6d Ks 3h]
Seat 1: c02810b0(big blind) folded on the River
Seat 4: 44a89280 folded before Flop (didn't bet)
Seat 3: c5d7e2da folded before Flop (didn't bet)
Seat 5: b1808e08won ($35.82) with Pair of Treys
Seat 2: Hero folded before Flop (didn't bet)
Seat 6: 1f180a7a(small blind) folded before Flop



Poker Hand #ring_930742564: NLH No Limit ($1/$2) - 2025/06/12 02:17:12
Table 'MR NLH 1/2' 7-max Seat #4 is the button
Seat 1: c02810b0 ($156.53 in chips)
Seat 4: 44a89280 ($392.46 in chips)
Seat 3: c5d7e2da ($400 in chips)
Seat 5: b1808e08 ($226.48 in chips)
Seat 2: Hero ($285.91 in chips)
Seat 6: 1f180a7a ($230.1 in chips)
b1808e08: posts small blind $1
1f180a7a: posts big blind $2
*** HOLE CARDS ***
Dealt to c02810b0 
Dealt to 44a89280 
Dealt to c5d7e2da 
Dealt to b1808e08 
Dealt to Hero [8s Ts]
Dealt to 1f180a7a 
c02810b0: folds
Hero: raises $4 to $6
c5d7e2da: folds
44a89280: folds
b1808e08: calls $5
1f180a7a: folds
*** FLOP *** [Js 2c Jc]
b1808e08: checks
Hero: checks
*** TURN *** [Js 2c Jc] [Qh]
b1808e08: bets $4.62
Hero: calls $4.62
*** RIVER *** [Js 2c Jc Qh] [6c]
b1808e08: bets $17.43
Hero: folds
Uncalled bet ($17.43) returned to b1808e08
*** SHOWDOWN ***
b1808e08 collected $23.24 from pot
*** SUMMARY ***
Total pot $23.24
Board [Js 2c Jc Qh 6c]
Seat 1: c02810b0 folded before Flop (didn't bet)
Seat 4: 44a89280 folded before Flop (didn't bet)
Seat 3: c5d7e2da folded before Flop (didn't bet)
Seat 5: b1808e08(small blind)won ($23.24) with Pair of Jacks
Seat 2: Hero folded on the River
Seat 6: 1f180a7a(big blind) folded before Flop



Poker Hand #ring_930741104: NLH No Limit ($1/$2) - 2025/06/12 02:16:17
Table 'MR NLH 1/2' 7-max Seat #3 is the button
Seat 1: c02810b0 ($80.71 in chips)
Seat 4: 44a89280 ($393.46 in chips)
Seat 3: c5d7e2da ($422.39 in chips)
Seat 5: b1808e08 ($228.48 in chips)
Seat 2: Hero ($285.91 in chips)
44a89280: posts small blind $1
b1808e08: posts big blind $2
*** HOLE CARDS ***
Dealt to c02810b0 
Dealt to 44a89280 
Dealt to c5d7e2da 
Dealt to b1808e08 
Dealt to Hero [Qs Jc]
c02810b0: calls $2
Hero: folds
c5d7e2da: raises $5 to $7
44a89280: folds
b1808e08: folds
c02810b0: calls $5
*** FIRST FLOP *** [Qh Td 7s]
c02810b0: bets $17
c5d7e2da: calls $17
*** FIRST TURN *** [Qh Td 7s] [8h]
c02810b0: bets $56.71 and is all-in
c5d7e2da: calls $56.71
c02810b0: shows [Qc 2c]
c5d7e2da: shows [7h 6h]
*** FIRST RIVER *** [Qh Td 7s 8h] [5c]
*** SECOND RIVER *** [Qh Td 7s 8h] [2d]
*** FIRST SHOWDOWN ***
c02810b0 collected $82.47 from pot
*** SECOND SHOWDOWN ***
c02810b0 collected $81.95 from pot
*** SUMMARY ***
Total pot $164.42
Hand was run two timesFIRST Board [Qh Td 7s 8h 5c]
SECOND Board [2d]
Seat 1: c02810b0 showed [Qc 2c] and won ($164.42) with Pair of Queens / Pair of Queens and Pair of Twos
Seat 4: 44a89280(small blind) folded before Flop
Seat 3: c5d7e2da showed [7h 6h] and lost with Pair of Sevens / Pair of Sevens
Seat 5: b1808e08(big blind) folded before Flop
Seat 2: Hero folded before Flop (didn't bet)



Poker Hand #ring_930739796: NLH No Limit ($1/$2) - 2025/06/12 02:15:25
Table 'MR NLH 1/2' 7-max Seat #2 is the button
Seat 1: c02810b0 ($93.64 in chips)
Seat 4: 44a89280 ($395.46 in chips)
Seat 3: c5d7e2da ($423.39 in chips)
Seat 5: b1808e08 ($202 in chips)
Seat 2: Hero ($298.84 in chips)
c5d7e2da: posts small blind $1
44a89280: posts big blind $2
*** HOLE CARDS ***
Dealt to c02810b0 
Dealt to 44a89280 
Dealt to c5d7e2da 
Dealt to b1808e08 
Dealt to Hero [7h Kh]
b1808e08: raises $4 to $6
c02810b0: calls $6
Hero: calls $6
c5d7e2da: folds
44a89280: folds
*** FLOP *** [9s Tc 6d]
b1808e08: bets $6.93
c02810b0: calls $6.93
Hero: calls $6.93
*** TURN *** [9s Tc 6d] [5c]
b1808e08: bets $31.34
c02810b0: folds
Hero: folds
Uncalled bet ($31.34) returned to b1808e08
*** SHOWDOWN ***
b1808e08 collected $41.79 from pot
*** SUMMARY ***
Total pot $41.79
Board [9s Tc 6d 5c]
Seat 1: c02810b0 folded on the Turn
Seat 4: 44a89280(big blind) folded before Flop
Seat 3: c5d7e2da(small blind) folded before Flop
Seat 5: b1808e08won ($41.79) with King-High
Seat 2: Hero folded on the Turn



Poker Hand #ring_930738929: NLH No Limit ($1/$2) - 2025/06/12 02:14:51
Table 'MR NLH 1/2' 7-max Seat #1 is the button
Seat 1: c02810b0 ($101.64 in chips)
Seat 4: 44a89280 ($395.46 in chips)
Seat 3: c5d7e2da ($425.39 in chips)
Seat 5: b1808e08 ($204 in chips)
Seat 2: Hero ($288.24 in chips)
Hero: posts small blind $1
c5d7e2da: posts big blind $2
b1808e08: posts big blind $2
*** HOLE CARDS ***
Dealt to c02810b0 
Dealt to 44a89280 
Dealt to c5d7e2da 
Dealt to b1808e08 
Dealt to Hero [Jd Td]
44a89280: folds
b1808e08: checks
c02810b0: calls $2
Hero: raises $6 to $8
c5d7e2da: folds
b1808e08: folds
c02810b0: calls $6
*** FLOP *** [Ts Ac 4d]
Hero: bets $10
c02810b0: folds
Uncalled bet ($10) returned to Hero
*** SHOWDOWN ***
Hero collected $20 from pot
*** SUMMARY ***
Total pot $20
Board [Ts Ac 4d]
Seat 1: c02810b0 folded on the Flop
Seat 4: 44a89280 folded before Flop (didn't bet)
Seat 3: c5d7e2da(big blind) folded before Flop
Seat 5: b1808e08 folded before Flop
Seat 2: Hero(small blind)won ($20) with Pair of Tens



Poker Hand #ring_930737845: NLH No Limit ($1/$2) - 2025/06/12 02:14:11
Table 'MR NLH 1/2' 7-max Seat #4 is the button
Seat 1: c02810b0 ($98 in chips)
Seat 4: 44a89280 ($395.46 in chips)
Seat 3: c5d7e2da ($425.39 in chips)
Seat 2: Hero ($292.24 in chips)
c02810b0: posts small blind $1
Hero: posts big blind $2
*** HOLE CARDS ***
Dealt to c02810b0 
Dealt to 44a89280 
Dealt to c5d7e2da 
Dealt to Hero [7h 4h]
c5d7e2da: folds
44a89280: folds
c02810b0: calls $1
Hero: checks
*** FLOP *** [Ts 3s Ks]
c02810b0: checks
Hero: bets $2
c02810b0: calls $2
*** TURN *** [Ts 3s Ks] [9h]
c02810b0: checks
Hero: checks
*** RIVER *** [Ts 3s Ks 9h] [Tc]
c02810b0: bets $8
Hero: folds
Uncalled bet ($8) returned to c02810b0
*** SHOWDOWN ***
c02810b0 collected $8 from pot
*** SUMMARY ***
Total pot $8
Board [Ts 3s Ks 9h Tc]
Seat 1: c02810b0(small blind)won ($8) with Three Tens
Seat 4: 44a89280 folded before Flop (didn't bet)
Seat 3: c5d7e2da folded before Flop (didn't bet)
Seat 2: Hero(big blind) folded on the River



Poker Hand #ring_930737335: NLH No Limit ($1/$2) - 2025/06/12 02:13:51
Table 'MR NLH 1/2' 7-max Seat #3 is the button
Seat 1: c02810b0 ($100 in chips)
Seat 4: 44a89280 ($393.46 in chips)
Seat 3: c5d7e2da ($425.39 in chips)
Seat 2: Hero ($292.24 in chips)
44a89280: posts small blind $1
c02810b0: posts big blind $2
*** HOLE CARDS ***
Dealt to c02810b0 
Dealt to 44a89280 
Dealt to c5d7e2da 
Dealt to Hero [Qh 3c]
Hero: folds
c5d7e2da: folds
44a89280: raises $4 to $6
c02810b0: folds
Uncalled bet ($4) returned to 44a89280
*** SHOWDOWN ***
44a89280 collected $4 from pot
*** SUMMARY ***
Total pot $4
Seat 1: c02810b0(big blind) folded before Flop
Seat 4: 44a89280(small blind)won ($4)
Seat 3: c5d7e2da folded before Flop (didn't bet)
Seat 2: Hero folded before Flop (didn't bet)



Poker Hand #ring_930736849: NLH No Limit ($1/$2) - 2025/06/12 02:13:32
Table 'MR NLH 1/2' 7-max Seat #2 is the button
Seat 4: 44a89280 ($395.46 in chips)
Seat 3: c5d7e2da ($426.39 in chips)
Seat 2: Hero ($289.24 in chips)
c5d7e2da: posts small blind $1
44a89280: posts big blind $2
*** HOLE CARDS ***
Dealt to 44a89280 
Dealt to c5d7e2da 
Dealt to Hero [Kd 3d]
Hero: raises $3 to $5
c5d7e2da: folds
44a89280: folds
Uncalled bet ($3) returned to Hero
*** SHOWDOWN ***
Hero collected $5 from pot
*** SUMMARY ***
Total pot $5
Seat 4: 44a89280(big blind) folded before Flop
Seat 3: c5d7e2da(small blind) folded before Flop
Seat 2: Herowon ($5)



Poker Hand #ring_930735691: NLH No Limit ($1/$2) - 2025/06/12 02:12:48
Table 'MR NLH 1/2' 7-max Seat #4 is the button
Seat 4: 44a89280 ($395.46 in chips)
Seat 3: c5d7e2da ($406.37 in chips)
Seat 2: Hero ($311.24 in chips)
Hero: posts small blind $1
c5d7e2da: posts big blind $2
*** HOLE CARDS ***
Dealt to 44a89280 
Dealt to c5d7e2da 
Dealt to Hero [Ah Jd]
44a89280: folds
Hero: raises $3 to $5
c5d7e2da: raises $17 to $22
Hero: calls $17
*** FLOP *** [5s Ks 4h]
Hero: checks
c5d7e2da: bets $22
Hero: folds
Uncalled bet ($22) returned to c5d7e2da
*** SHOWDOWN ***
c5d7e2da collected $44 from pot
*** SUMMARY ***
Total pot $44
Board [5s Ks 4h]
Seat 4: 44a89280 folded before Flop (didn't bet)
Seat 3: c5d7e2da(big blind)won ($44) with Ace-High
Seat 2: Hero(small blind) folded on the Flop



Poker Hand #ring_930735271: NLH No Limit ($1/$2) - 2025/06/12 02:12:32
Table 'MR NLH 1/2' 7-max Seat #3 is the button
Seat 4: 44a89280 ($393.46 in chips)
Seat 3: c5d7e2da ($406.37 in chips)
Seat 2: Hero ($313.24 in chips)
44a89280: posts small blind $1
Hero: posts big blind $2
*** HOLE CARDS ***
Dealt to 44a89280 
Dealt to c5d7e2da 
Dealt to Hero [3s Qd]
c5d7e2da: folds
44a89280: raises $4 to $6
Hero: folds
Uncalled bet ($4) returned to 44a89280
*** SHOWDOWN ***
44a89280 collected $4 from pot
*** SUMMARY ***
Total pot $4
Seat 4: 44a89280(small blind)won ($4)
Seat 3: c5d7e2da folded before Flop (didn't bet)
Seat 2: Hero(big blind) folded before Flop



Poker Hand #ring_930734217: NLH No Limit ($1/$2) - 2025/06/12 02:11:52
Table 'MR NLH 1/2' 7-max Seat #2 is the button
Seat 4: 44a89280 ($400.46 in chips)
Seat 3: c5d7e2da ($400 in chips)
Seat 2: Hero ($313.24 in chips)
c5d7e2da: posts small blind $1
44a89280: posts big blind $2
*** HOLE CARDS ***
Dealt to 44a89280 
Dealt to c5d7e2da 
Dealt to Hero [5h 6s]
Hero: folds
c5d7e2da: raises $5 to $7
44a89280: calls $5
*** FLOP *** [2s 3d 6d]
c5d7e2da: checks
44a89280: checks
*** TURN *** [2s 3d 6d] [5c]
c5d7e2da: checks
44a89280: checks
*** RIVER *** [2s 3d 6d 5c] [Jh]
c5d7e2da: bets $11.2
44a89280: folds
Uncalled bet ($11.2) returned to c5d7e2da
*** SHOWDOWN ***
c5d7e2da collected $14 from pot
*** SUMMARY ***
Total pot $14
Board [2s 3d 6d 5c Jh]
Seat 4: 44a89280(big blind) folded on the River
Seat 3: c5d7e2da(small blind)won ($14) with Pair of Kings
Seat 2: Hero folded before Flop (didn't bet)



Poker Hand #ring_930733284: NLH No Limit ($1/$2) - 2025/06/12 02:11:17
Table 'MR NLH 1/2' 7-max Seat #4 is the button
Seat 4: 44a89280 ($406.46 in chips)
Seat 3: c5d7e2da ($399 in chips)
Seat 2: Hero ($302.05 in chips)
Hero: posts small blind $1
c5d7e2da: posts big blind $2
*** HOLE CARDS ***
Dealt to 44a89280 
Dealt to c5d7e2da 
Dealt to Hero [7c 8c]
44a89280: raises $4 to $6
Hero: calls $5
c5d7e2da: calls $4
*** FLOP *** [Qs 7d 4d]
Hero: bets $9
c5d7e2da: folds
44a89280: folds
Uncalled bet ($9) returned to Hero
*** SHOWDOWN ***
Hero collected $18 from pot
*** SUMMARY ***
Total pot $18
Board [Qs 7d 4d]
Seat 4: 44a89280 folded on the Flop
Seat 3: c5d7e2da(big blind) folded on the Flop
Seat 2: Hero(small blind)won ($18) with Pair of Sevens



Poker Hand #ring_930732608: NLH No Limit ($1/$2) - 2025/06/12 02:10:52
Table 'MR NLH 1/2' 7-max Seat #3 is the button
Seat 4: 44a89280 ($401 in chips)
Seat 3: c5d7e2da ($399 in chips)
Seat 2: Hero ($308.05 in chips)
44a89280: posts small blind $1
Hero: posts big blind $2
*** HOLE CARDS ***
Dealt to 44a89280 
Dealt to c5d7e2da 
Dealt to Hero [Qh 8d]
c5d7e2da: folds
44a89280: raises $4 to $6
Hero: calls $4
*** FLOP *** [Jh Ks 3d]
44a89280: bets $6
Hero: folds
Uncalled bet ($6) returned to 44a89280
*** SHOWDOWN ***
44a89280 collected $12 from pot
*** SUMMARY ***
Total pot $12
Board [Jh Ks 3d]
Seat 4: 44a89280(small blind)won ($12) with King-High
Seat 3: c5d7e2da folded before Flop (didn't bet)
Seat 2: Hero(big blind) folded on the Flop



Poker Hand #ring_930732336: NLH No Limit ($1/$2) - 2025/06/12 02:10:41
Table 'MR NLH 1/2' 7-max Seat #2 is the button
Seat 4: 44a89280 ($400 in chips)
Seat 3: c5d7e2da ($400 in chips)
Seat 2: Hero ($308.05 in chips)
c5d7e2da: posts small blind $1
44a89280: posts big blind $2
*** HOLE CARDS ***
Dealt to 44a89280 
Dealt to c5d7e2da 
Dealt to Hero [3h 9c]
Hero: folds
c5d7e2da: folds
*** SHOWDOWN ***
44a89280 collected $3 from pot
*** SUMMARY ***
Total pot $3
Seat 4: 44a89280(big blind)won ($3)
Seat 3: c5d7e2da(small blind) folded before Flop
Seat 2: Hero folded before Flop (didn't bet)



Poker Hand #ring_930731926: NLH No Limit ($1/$2) - 2025/06/12 02:10:25
Table 'MR NLH 1/2' 7-max Seat #4 is the button
Seat 4: 44a89280 ($400 in chips)
Seat 3: c5d7e2da ($400 in chips)
Seat 2: Hero ($306.05 in chips)
Hero: posts small blind $1
c5d7e2da: posts big blind $2
*** HOLE CARDS ***
Dealt to 44a89280 
Dealt to c5d7e2da 
Dealt to Hero [7s 4s]
44a89280: folds
Hero: raises $3 to $5
c5d7e2da: folds
Uncalled bet ($3) returned to Hero
*** SHOWDOWN ***
Hero collected $4 from pot
*** SUMMARY ***
Total pot $4
Seat 4: 44a89280 folded before Flop (didn't bet)
Seat 3: c5d7e2da(big blind) folded before Flop
Seat 2: Hero(small blind)won ($4)



Poker Hand #ring_930730770: NLH No Limit ($1/$2) - 2025/06/12 02:09:41
Table 'MR NLH 1/2' 7-max Seat #3 is the button
Seat 4: 44a89280 ($401 in chips)
Seat 3: c5d7e2da ($400 in chips)
Seat 2: Hero ($283.94 in chips)
44a89280: posts small blind $1
Hero: posts big blind $2
*** HOLE CARDS ***
Dealt to 44a89280 
Dealt to c5d7e2da 
Dealt to Hero [Ad Th]
c5d7e2da: raises $3 to $5
44a89280: folds
Hero: calls $3
*** FLOP *** [8h 2s 3h]
Hero: checks
c5d7e2da: bets $3.63
Hero: calls $3.63
*** TURN *** [8h 2s 3h] [3d]
Hero: checks
c5d7e2da: checks
*** RIVER *** [8h 2s 3h 3d] [8s]
Hero: checks
c5d7e2da: bets $14.61
Hero: calls $14.61
Hero: shows [Ad Th]
c5d7e2da: shows [Qh 4h]
*** SHOWDOWN ***
Hero collected $47.48 from pot
*** SUMMARY ***
Total pot $47.48
Board [8h 2s 3h 3d 8s]
Seat 4: 44a89280(small blind) folded before Flop
Seat 3: c5d7e2da showed [Qh 4h] and lost with Pair of Eights and Pair of Treys
Seat 2: Hero(big blind) showed [Ad Th] and won ($47.48) with Pair of Eights and Pair of Treys



Poker Hand #ring_930730433: NLH No Limit ($1/$2) - 2025/06/12 02:09:29
Table 'MR NLH 1/2' 7-max Seat #2 is the button
Seat 4: 44a89280 ($400 in chips)
Seat 3: c5d7e2da ($401 in chips)
Seat 2: Hero ($283.94 in chips)
c5d7e2da: posts small blind $1
44a89280: posts big blind $2
*** HOLE CARDS ***
Dealt to 44a89280 
Dealt to c5d7e2da 
Dealt to Hero [2c Ks]
Hero: folds
c5d7e2da: folds
*** SHOWDOWN ***
44a89280 collected $3 from pot
*** SUMMARY ***
Total pot $3
Seat 4: 44a89280(big blind)won ($3)
Seat 3: c5d7e2da(small blind) folded before Flop
Seat 2: Hero folded before Flop (didn't bet)



Poker Hand #ring_930730062: NLH No Limit ($1/$2) - 2025/06/12 02:09:16
Table 'MR NLH 1/2' 7-max Seat #2 is the button
Seat 3: c5d7e2da ($403 in chips)
Seat 2: Hero ($281.94 in chips)
Hero: posts small blind $1
c5d7e2da: posts big blind $2
*** HOLE CARDS ***
Dealt to c5d7e2da 
Dealt to Hero [Td 8c]
Hero: raises $3 to $5
c5d7e2da: folds
Uncalled bet ($3) returned to Hero
*** SHOWDOWN ***
Hero collected $4 from pot
*** SUMMARY ***
Total pot $4
Seat 3: c5d7e2da(big blind) folded before Flop
Seat 2: Hero(small blind)won ($4)



Poker Hand #ring_930729593: NLH No Limit ($1/$2) - 2025/06/12 02:08:57
Table 'MR NLH 1/2' 7-max Seat #3 is the button
Seat 3: c5d7e2da ($401 in chips)
Seat 2: Hero ($283.94 in chips)
c5d7e2da: posts small blind $1
Hero: posts big blind $2
*** HOLE CARDS ***
Dealt to c5d7e2da 
Dealt to Hero [Qh 7d]
c5d7e2da: raises $3 to $5
Hero: folds
Uncalled bet ($3) returned to c5d7e2da
*** SHOWDOWN ***
c5d7e2da collected $4 from pot
*** SUMMARY ***
Total pot $4
Seat 3: c5d7e2da(small blind)won ($4)
Seat 2: Hero(big blind) folded before Flop



Poker Hand #ring_930729103: NLH No Limit ($1/$2) - 2025/06/12 02:08:39
Table 'MR NLH 1/2' 7-max Seat #2 is the button
Seat 3: c5d7e2da ($400 in chips)
Seat 2: Hero ($284.94 in chips)
Hero: posts small blind $1
c5d7e2da: posts big blind $2
*** HOLE CARDS ***
Dealt to c5d7e2da 
Dealt to Hero [8c 5s]
Hero: folds
*** SHOWDOWN ***
c5d7e2da collected $3 from pot
*** SUMMARY ***
Total pot $3
Seat 3: c5d7e2da(big blind)won ($3)
Seat 2: Hero(small blind) folded before Flop



Poker Hand #ring_930727262: NLH No Limit ($1/$2) - 2025/06/12 02:07:29
Table 'MR NLH 1/2' 7-max Seat #3 is the button
Seat 3: c5d7e2da ($403 in chips)
Seat 2: Hero ($219.4 in chips)
c5d7e2da: posts small blind $1
Hero: posts big blind $2
*** HOLE CARDS ***
Dealt to c5d7e2da 
Dealt to Hero [7c Jc]
c5d7e2da: raises $3 to $5
Hero: calls $3
*** FLOP *** [6d 5d 4s]
Hero: checks
c5d7e2da: bets $6.6
Hero: calls $6.6
*** TURN *** [6d 5d 4s] [3s]
Hero: checks
c5d7e2da: bets $18.56
Hero: raises $38.46 to $57.02
c5d7e2da: calls $38.46
*** RIVER *** [6d 5d 4s 3s] [4c]
Hero: bets $41.18
c5d7e2da: folds
Uncalled bet ($41.18) returned to Hero
*** SHOWDOWN ***
Hero collected $137.24 from pot
*** SUMMARY ***
Total pot $137.24
Board [6d 5d 4s 3s 4c]
Seat 3: c5d7e2da(small blind) folded on the River
Seat 2: Hero(big blind)won ($137.24) with Sevens-High Straight



Poker Hand #ring_930727013: NLH No Limit ($1/$2) - 2025/06/12 02:07:19
Table 'MR NLH 1/2' 7-max Seat #2 is the button
Seat 3: c5d7e2da ($402 in chips)
Seat 2: Hero ($220.4 in chips)
Hero: posts small blind $1
c5d7e2da: posts big blind $2
*** HOLE CARDS ***
Dealt to c5d7e2da 
Dealt to Hero [4d 2h]
Hero: folds
*** SHOWDOWN ***
c5d7e2da collected $3 from pot
*** SUMMARY ***
Total pot $3
Seat 3: c5d7e2da(big blind)won ($3)
Seat 2: Hero(small blind) folded before Flop



Poker Hand #ring_930726728: NLH No Limit ($1/$2) - 2025/06/12 02:07:09
Table 'MR NLH 1/2' 7-max Seat #3 is the button
Seat 3: c5d7e2da ($403 in chips)
Seat 2: Hero ($219.4 in chips)
c5d7e2da: posts small blind $1
Hero: posts big blind $2
*** HOLE CARDS ***
Dealt to c5d7e2da 
Dealt to Hero [7s Ks]
c5d7e2da: folds
Hero: shows [7s Ks]
*** SHOWDOWN ***
Hero collected $3 from pot
*** SUMMARY ***
Total pot $3
Seat 3: c5d7e2da(small blind) folded before Flop
Seat 2: Hero(big blind) showed [7s Ks] and won ($3)



Poker Hand #ring_930726432: NLH No Limit ($1/$2) - 2025/06/12 02:06:57
Table 'MR NLH 1/2' 7-max Seat #2 is the button
Seat 3: c5d7e2da ($405 in chips)
Seat 2: Hero ($217.4 in chips)
Hero: posts small blind $1
c5d7e2da: posts big blind $2
*** HOLE CARDS ***
Dealt to c5d7e2da 
Dealt to Hero [8c 6d]
Hero: raises $3 to $5
c5d7e2da: folds
Uncalled bet ($3) returned to Hero
*** SHOWDOWN ***
Hero collected $4 from pot
*** SUMMARY ***
Total pot $4
Seat 3: c5d7e2da(big blind) folded before Flop
Seat 2: Hero(small blind)won ($4)



Poker Hand #ring_930726031: NLH No Limit ($1/$2) - 2025/06/12 02:06:41
Table 'MR NLH 1/2' 7-max Seat #3 is the button
Seat 3: c5d7e2da ($406 in chips)
Seat 2: Hero ($216.4 in chips)
c5d7e2da: posts small blind $1
Hero: posts big blind $2
*** HOLE CARDS ***
Dealt to c5d7e2da 
Dealt to Hero [Td 3h]
c5d7e2da: folds
Hero: shows [Td 3h]
*** SHOWDOWN ***
Hero collected $3 from pot
*** SUMMARY ***
Total pot $3
Seat 3: c5d7e2da(small blind) folded before Flop
Seat 2: Hero(big blind) showed [Td 3h] and won ($3)



Poker Hand #ring_930725763: NLH No Limit ($1/$2) - 2025/06/12 02:06:31
Table 'MR NLH 1/2' 7-max Seat #2 is the button
Seat 3: c5d7e2da ($405 in chips)
Seat 2: Hero ($217.4 in chips)
Hero: posts small blind $1
c5d7e2da: posts big blind $2
*** HOLE CARDS ***
Dealt to c5d7e2da 
Dealt to Hero [4d Th]
Hero: folds
*** SHOWDOWN ***
c5d7e2da collected $3 from pot
*** SUMMARY ***
Total pot $3
Seat 3: c5d7e2da(big blind)won ($3)
Seat 2: Hero(small blind) folded before Flop



Poker Hand #ring_930724205: NLH No Limit ($1/$2) - 2025/06/12 02:05:28
Table 'MR NLH 1/2' 7-max Seat #3 is the button
Seat 3: c5d7e2da ($406 in chips)
Seat 2: Hero ($216.4 in chips)
c5d7e2da: posts small blind $1
Hero: posts big blind $2
*** HOLE CARDS ***
Dealt to c5d7e2da 
Dealt to Hero [2h 7d]
c5d7e2da: folds
Hero: shows [2h 7d]
*** SHOWDOWN ***
Hero collected $3 from pot
*** SUMMARY ***
Total pot $3
Seat 3: c5d7e2da(small blind) folded before Flop
Seat 2: Hero(big blind) showed [2h 7d] and won ($3)



Poker Hand #ring_930723975: NLH No Limit ($1/$2) - 2025/06/12 02:05:18
Table 'MR NLH 1/2' 7-max Seat #2 is the button
Seat 3: c5d7e2da ($405 in chips)
Seat 2: Hero ($217.4 in chips)
Hero: posts small blind $1
c5d7e2da: posts big blind $2
*** HOLE CARDS ***
Dealt to c5d7e2da 
Dealt to Hero [3c 6h]
Hero: folds
*** SHOWDOWN ***
c5d7e2da collected $3 from pot
*** SUMMARY ***
Total pot $3
Seat 3: c5d7e2da(big blind)won ($3)
Seat 2: Hero(small blind) folded before Flop



Poker Hand #ring_930723418: NLH No Limit ($1/$2) - 2025/06/12 02:04:51
Table 'MR NLH 1/2' 7-max Seat #3 is the button
Seat 3: c5d7e2da ($403 in chips)
Seat 2: Hero ($219.4 in chips)
c5d7e2da: posts small blind $1
Hero: posts big blind $2
*** HOLE CARDS ***
Dealt to c5d7e2da 
Dealt to Hero [6s Jc]
c5d7e2da: raises $4 to $6
Hero: folds
Uncalled bet ($4) returned to c5d7e2da
*** SHOWDOWN ***
c5d7e2da collected $4 from pot
*** SUMMARY ***
Total pot $4
Seat 3: c5d7e2da(small blind)won ($4)
Seat 2: Hero(big blind) folded before Flop



Poker Hand #ring_930723049: NLH No Limit ($1/$2) - 2025/06/12 02:04:37
Table 'MR NLH 1/2' 7-max Seat #2 is the button
Seat 3: c5d7e2da ($402 in chips)
Seat 2: Hero ($220.4 in chips)
Hero: posts small blind $1
c5d7e2da: posts big blind $2
*** HOLE CARDS ***
Dealt to c5d7e2da 
Dealt to Hero [4c 7h]
Hero: folds
*** SHOWDOWN ***
c5d7e2da collected $3 from pot
*** SUMMARY ***
Total pot $3
Seat 3: c5d7e2da(big blind)won ($3)
Seat 2: Hero(small blind) folded before Flop



Poker Hand #ring_930722373: NLH No Limit ($1/$2) - 2025/06/12 02:04:12
Table 'MR NLH 1/2' 7-max Seat #3 is the button
Seat 3: c5d7e2da ($400 in chips)
Seat 2: Hero ($222.4 in chips)
c5d7e2da: posts small blind $1
Hero: posts big blind $2
*** HOLE CARDS ***
Dealt to c5d7e2da 
Dealt to Hero [5h 2h]
c5d7e2da: raises $3 to $5
Hero: folds
Uncalled bet ($3) returned to c5d7e2da
*** SHOWDOWN ***
c5d7e2da collected $4 from pot
*** SUMMARY ***
Total pot $4
Seat 3: c5d7e2da(small blind)won ($4)
Seat 2: Hero(big blind) folded before Flop



Poker Hand #ring_930721078: NLH No Limit ($1/$2) - 2025/06/12 02:03:24
Table 'MR NLH 1/2' 7-max Seat #5 is the button
Seat 3: c5d7e2da ($399 in chips)
Seat 2: Hero ($194.95 in chips)
Seat 5: c471e428 ($230.1 in chips)
Hero: posts small blind $1
c5d7e2da: posts big blind $2
*** HOLE CARDS ***
Dealt to c5d7e2da 
Dealt to Hero [9s Kc]
Dealt to c471e428 
c471e428: folds
Hero: raises $3 to $5
c5d7e2da: calls $3
*** FLOP *** [9h 8h Ah]
Hero: checks
c5d7e2da: checks
*** TURN *** [9h 8h Ah] [8s]
Hero: checks
c5d7e2da: bets $6.6
Hero: calls $6.6
*** RIVER *** [9h 8h Ah 8s] [3d]
Hero: checks
c5d7e2da: bets $18.56
Hero: calls $18.56
Hero: shows [9s Kc]
c5d7e2da: shows [Jc Tc]
*** SHOWDOWN ***
Hero collected $60.32 from pot
*** SUMMARY ***
Total pot $60.32
Board [9h 8h Ah 8s 3d]
Seat 3: c5d7e2da(big blind) showed [Jc Tc] and lost with Pair of Eights
Seat 2: Hero(small blind) showed [9s Kc] and won ($60.32) with Pair of Nines and Pair of Eights
Seat 5: c471e428 folded before Flop (didn't bet)



Poker Hand #ring_930720619: NLH No Limit ($1/$2) - 2025/06/12 02:03:07
Table 'MR NLH 1/2' 7-max Seat #0 is the button
Seat 3: c5d7e2da ($399 in chips)
Seat 2: Hero ($196.95 in chips)
Seat 5: c471e428 ($228.1 in chips)
c471e428: posts small blind $1
Hero: posts big blind $2
*** HOLE CARDS ***
Dealt to c5d7e2da 
Dealt to Hero [4s Qc]
Dealt to c471e428 
c5d7e2da: folds
c471e428: raises $4 to $6
Hero: folds
Uncalled bet ($4) returned to c471e428
*** SHOWDOWN ***
c471e428 collected $4 from pot
*** SUMMARY ***
Total pot $4
Seat 3: c5d7e2da folded before Flop (didn't bet)
Seat 2: Hero(big blind) folded before Flop
Seat 5: c471e428(small blind)won ($4)



Poker Hand #ring_930719132: NLH No Limit ($1/$2) - 2025/06/12 02:02:11
Table 'MR NLH 1/2' 7-max Seat #3 is the button
Seat 4: dd01a04e ($116.74 in chips)
Seat 3: c5d7e2da ($399 in chips)
Seat 2: Hero ($163.32 in chips)
Seat 5: c471e428 ($230.1 in chips)
dd01a04e: posts small blind $1
c471e428: posts big blind $2
*** HOLE CARDS ***
Dealt to dd01a04e 
Dealt to c5d7e2da 
Dealt to Hero [Jh Qd]
Dealt to c471e428 
Hero: raises $4 to $6
c5d7e2da: folds
dd01a04e: calls $5
c471e428: folds
*** FLOP *** [6c Qs Td]
dd01a04e: checks
Hero: bets $7
dd01a04e: calls $7
*** TURN *** [6c Qs Td] [6h]
dd01a04e: checks
Hero: checks
*** RIVER *** [6c Qs Td 6h] [6d]
dd01a04e: checks
Hero: bets $22.4
dd01a04e: calls $22.4
Hero: shows [Jh Qd]
dd01a04e: shows [3h 3s]
*** SHOWDOWN ***
Hero collected $72.8 from pot
*** SUMMARY ***
Total pot $72.8
Board [6c Qs Td 6h 6d]
Seat 4: dd01a04e(small blind) showed [3h 3s] and lost with Sixes Full over Treys
Seat 3: c5d7e2da folded before Flop (didn't bet)
Seat 2: Hero showed [Jh Qd] and won ($72.8) with Sixes Full over Queens
Seat 5: c471e428(big blind) folded before Flop



Poker Hand #ring_930718579: NLH No Limit ($1/$2) - 2025/06/12 02:01:51
Table 'MR NLH 1/2' 7-max Seat #2 is the button
Seat 4: dd01a04e ($115.74 in chips)
Seat 3: c5d7e2da ($400 in chips)
Seat 2: Hero ($163.32 in chips)
Seat 5: c471e428 ($230.1 in chips)
c5d7e2da: posts small blind $1
dd01a04e: posts big blind $2
*** HOLE CARDS ***
Dealt to dd01a04e 
Dealt to c5d7e2da 
Dealt to Hero [Qs 6c]
Dealt to c471e428 
c471e428: folds
Hero: folds
c5d7e2da: folds
*** SHOWDOWN ***
dd01a04e collected $3 from pot
*** SUMMARY ***
Total pot $3
Seat 4: dd01a04e(big blind)won ($3)
Seat 3: c5d7e2da(small blind) folded before Flop
Seat 2: Hero folded before Flop (didn't bet)
Seat 5: c471e428 folded before Flop (didn't bet)



Poker Hand #ring_930717141: NLH No Limit ($1/$2) - 2025/06/12 02:00:56
Table 'MR NLH 1/2' 7-max Seat #5 is the button
Seat 4: dd01a04e ($115.74 in chips)
Seat 3: c5d7e2da ($400 in chips)
Seat 2: Hero ($152.9 in chips)
Seat 5: c471e428 ($230.1 in chips)
Hero: posts small blind $1
c5d7e2da: posts big blind $2
*** HOLE CARDS ***
Dealt to dd01a04e 
Dealt to c5d7e2da 
Dealt to Hero [8h 7h]
Dealt to c471e428 
dd01a04e: folds
c471e428: folds
Hero: raises $4 to $6
c5d7e2da: calls $4
*** FLOP *** [3s Ks 6c]
Hero: bets $6
c5d7e2da: calls $6
*** TURN *** [3s Ks 6c] [Ts]
Hero: bets $19.2
c5d7e2da: folds
Uncalled bet ($19.2) returned to Hero
*** SHOWDOWN ***
Hero collected $24 from pot
*** SUMMARY ***
Total pot $24
Board [3s Ks 6c Ts]
Seat 4: dd01a04e folded before Flop (didn't bet)
Seat 3: c5d7e2da(big blind) folded on the Turn
Seat 2: Hero(small blind)won ($24) with King-High
Seat 5: c471e428 folded before Flop (didn't bet)



Poker Hand #ring_930715696: NLH No Limit ($1/$2) - 2025/06/12 02:00:02
Table 'MR NLH 1/2' 7-max Seat #4 is the button
Seat 4: dd01a04e ($115.74 in chips)
Seat 2: Hero ($185.97 in chips)
Seat 5: c471e428 ($200 in chips)
c471e428: posts small blind $1
Hero: posts big blind $2
*** HOLE CARDS ***
Dealt to dd01a04e 
Dealt to Hero [2c 2d]
Dealt to c471e428 
dd01a04e: folds
c471e428: raises $4 to $6
Hero: calls $4
*** FLOP *** [8c Kh Kd]
c471e428: bets $3.96
Hero: raises $9.96 to $13.92
c471e428: calls $9.96
*** TURN *** [8c Kh Kd] [6d]
c471e428: checks
Hero: checks
*** RIVER *** [8c Kh Kd 6d] [Qh]
c471e428: bets $13.15
Hero: calls $13.15
Hero: shows [2c 2d]
c471e428: shows [Kc 9h]
*** SHOWDOWN ***
c471e428 collected $66.14 from pot
*** SUMMARY ***
Total pot $66.14
Board [8c Kh Kd 6d Qh]
Seat 4: dd01a04e folded before Flop (didn't bet)
Seat 2: Hero(big blind) showed [2c 2d] and lost with Pair of Kings and Pair of Twos
Seat 5: c471e428(small blind) showed [Kc 9h] and won ($66.14) with Three Kings



Poker Hand #ring_930715294: NLH No Limit ($1/$2) - 2025/06/12 01:59:47
Table 'MR NLH 1/2' 7-max Seat #2 is the button
Seat 4: dd01a04e ($116.74 in chips)
Seat 2: Hero ($182.97 in chips)
Seat 5: c471e428 ($199 in chips)
dd01a04e: posts small blind $1
c471e428: posts big blind $2
*** HOLE CARDS ***
Dealt to dd01a04e 
Dealt to Hero [Ac 9h]
Dealt to c471e428 
Hero: raises $4 to $6
dd01a04e: folds
c471e428: folds
Uncalled bet ($4) returned to Hero
*** SHOWDOWN ***
Hero collected $5 from pot
*** SUMMARY ***
Total pot $5
Seat 4: dd01a04e(small blind) folded before Flop
Seat 2: Herowon ($5)
Seat 5: c471e428(big blind) folded before Flop



Poker Hand #ring_930714984: NLH No Limit ($1/$2) - 2025/06/12 01:59:35
Table 'MR NLH 1/2' 7-max Seat #5 is the button
Seat 4: dd01a04e ($115.74 in chips)
Seat 2: Hero ($183.97 in chips)
Seat 5: c471e428 ($199 in chips)
Hero: posts small blind $1
dd01a04e: posts big blind $2
*** HOLE CARDS ***
Dealt to dd01a04e 
Dealt to Hero [3d Qh]
Dealt to c471e428 
c471e428: folds
Hero: folds
*** SHOWDOWN ***
dd01a04e collected $3 from pot
*** SUMMARY ***
Total pot $3
Seat 4: dd01a04e(big blind)won ($3)
Seat 2: Hero(small blind) folded before Flop
Seat 5: c471e428 folded before Flop (didn't bet)



Poker Hand #ring_930714640: NLH No Limit ($1/$2) - 2025/06/12 01:59:23
Table 'MR NLH 1/2' 7-max Seat #4 is the button
Seat 4: dd01a04e ($115.74 in chips)
Seat 2: Hero ($182.97 in chips)
Seat 5: c471e428 ($200 in chips)
c471e428: posts small blind $1
Hero: posts big blind $2
*** HOLE CARDS ***
Dealt to dd01a04e 
Dealt to Hero [Ts Th]
Dealt to c471e428 
dd01a04e: folds
c471e428: folds
*** SHOWDOWN ***
Hero collected $3 from pot
*** SUMMARY ***
Total pot $3
Seat 4: dd01a04e folded before Flop (didn't bet)
Seat 2: Hero(big blind)won ($3)
Seat 5: c471e428(small blind) folded before Flop



Poker Hand #ring_930713700: NLH No Limit ($1/$2) - 2025/06/12 01:58:49
Table 'MR NLH 1/2' 7-max Seat #2 is the button
Seat 4: dd01a04e ($110.28 in chips)
Seat 2: Hero ($182.97 in chips)
Seat 5: c471e428 ($200 in chips)
dd01a04e: posts small blind $1
c471e428: posts big blind $2
*** HOLE CARDS ***
Dealt to dd01a04e 
Dealt to Hero [8s Jc]
Dealt to c471e428 
Hero: folds
dd01a04e: raises $4 to $6
c471e428: calls $4
*** FLOP *** [4s 7d Kh]
dd01a04e: checks
c471e428: checks
*** TURN *** [4s 7d Kh] [9d]
dd01a04e: bets $9
c471e428: folds
Uncalled bet ($9) returned to dd01a04e
*** SHOWDOWN ***
dd01a04e collected $12 from pot
*** SUMMARY ***
Total pot $12
Board [4s 7d Kh 9d]
Seat 4: dd01a04e(small blind)won ($12) with King-High
Seat 2: Hero folded before Flop (didn't bet)
Seat 5: c471e428(big blind) folded on the Turn



Poker Hand #ring_930713423: NLH No Limit ($1/$2) - 2025/06/12 01:58:38
Table 'MR NLH 1/2' 7-max Seat #2 is the button
Seat 4: dd01a04e ($109.28 in chips)
Seat 2: Hero ($183.97 in chips)
Hero: posts small blind $1
dd01a04e: posts big blind $2
*** HOLE CARDS ***
Dealt to dd01a04e 
Dealt to Hero [Jd 3h]
Hero: folds
*** SHOWDOWN ***
dd01a04e collected $3 from pot
*** SUMMARY ***
Total pot $3
Seat 4: dd01a04e(big blind)won ($3)
Seat 2: Hero(small blind) folded before Flop



Poker Hand #ring_930713113: NLH No Limit ($1/$2) - 2025/06/12 01:58:26
Table 'MR NLH 1/2' 7-max Seat #4 is the button
Seat 4: dd01a04e ($110.28 in chips)
Seat 2: Hero ($182.97 in chips)
dd01a04e: posts small blind $1
Hero: posts big blind $2
*** HOLE CARDS ***
Dealt to dd01a04e 
Dealt to Hero [7h 5s]
dd01a04e: folds
*** SHOWDOWN ***
Hero collected $3 from pot
*** SUMMARY ***
Total pot $3
Seat 4: dd01a04e(small blind) folded before Flop
Seat 2: Hero(big blind)won ($3)



Poker Hand #ring_930712784: NLH No Limit ($1/$2) - 2025/06/12 01:58:15
Table 'MR NLH 1/2' 7-max Seat #2 is the button
Seat 4: dd01a04e ($109.28 in chips)
Seat 2: Hero ($183.97 in chips)
Hero: posts small blind $1
dd01a04e: posts big blind $2
*** HOLE CARDS ***
Dealt to dd01a04e 
Dealt to Hero [Tc 4s]
Hero: folds
*** SHOWDOWN ***
dd01a04e collected $3 from pot
*** SUMMARY ***
Total pot $3
Seat 4: dd01a04e(big blind)won ($3)
Seat 2: Hero(small blind) folded before Flop



Poker Hand #ring_930712141: NLH No Limit ($1/$2) - 2025/06/12 01:57:51
Table 'MR NLH 1/2' 7-max Seat #4 is the button
Seat 4: dd01a04e ($103.55 in chips)
Seat 2: Hero ($189.97 in chips)
dd01a04e: posts small blind $1
Hero: posts big blind $2
*** HOLE CARDS ***
Dealt to dd01a04e 
Dealt to Hero [Ac 5s]
dd01a04e: raises $4 to $6
Hero: calls $4
*** FLOP *** [Jh 8d 4h]
Hero: checks
dd01a04e: bets $9
Hero: folds
Uncalled bet ($9) returned to dd01a04e
*** SHOWDOWN ***
dd01a04e collected $12 from pot
*** SUMMARY ***
Total pot $12
Board [Jh 8d 4h]
Seat 4: dd01a04e(small blind)won ($12) with Jack-High
Seat 2: Hero(big blind) folded on the Flop



Poker Hand #ring_930711791: NLH No Limit ($1/$2) - 2025/06/12 01:57:39
Table 'MR NLH 1/2' 7-max Seat #2 is the button
Seat 4: dd01a04e ($105.55 in chips)
Seat 2: Hero ($187.97 in chips)
Hero: posts small blind $1
dd01a04e: posts big blind $2
*** HOLE CARDS ***
Dealt to dd01a04e 
Dealt to Hero [As 5h]
Hero: raises $3 to $5
dd01a04e: folds
Uncalled bet ($3) returned to Hero
*** SHOWDOWN ***
Hero collected $4 from pot
*** SUMMARY ***
Total pot $4
Seat 4: dd01a04e(big blind) folded before Flop
Seat 2: Hero(small blind)won ($4)



Poker Hand #ring_930711457: NLH No Limit ($1/$2) - 2025/06/12 01:57:26
Table 'MR NLH 1/2' 7-max Seat #4 is the button
Seat 4: dd01a04e ($103.55 in chips)
Seat 2: Hero ($189.97 in chips)
dd01a04e: posts small blind $1
Hero: posts big blind $2
*** HOLE CARDS ***
Dealt to dd01a04e 
Dealt to Hero [3h Ts]
dd01a04e: raises $4 to $6
Hero: folds
Uncalled bet ($4) returned to dd01a04e
*** SHOWDOWN ***
dd01a04e collected $4 from pot
*** SUMMARY ***
Total pot $4
Seat 4: dd01a04e(small blind)won ($4)
Seat 2: Hero(big blind) folded before Flop



Poker Hand #ring_930711148: NLH No Limit ($1/$2) - 2025/06/12 01:57:14
Table 'MR NLH 1/2' 7-max Seat #2 is the button
Seat 4: dd01a04e ($102.55 in chips)
Seat 2: Hero ($190.97 in chips)
Hero: posts small blind $1
dd01a04e: posts big blind $2
*** HOLE CARDS ***
Dealt to dd01a04e 
Dealt to Hero [5h Js]
Hero: folds
*** SHOWDOWN ***
dd01a04e collected $3 from pot
*** SUMMARY ***
Total pot $3
Seat 4: dd01a04e(big blind)won ($3)
Seat 2: Hero(small blind) folded before Flop



Poker Hand #ring_930710138: NLH No Limit ($1/$2) - 2025/06/12 01:56:39
Table 'MR NLH 1/2' 7-max Seat #3 is the button
Seat 3: ebbabe7e ($35 in chips)
Seat 4: dd01a04e ($104.55 in chips)
Seat 2: Hero ($157.21 in chips)
dd01a04e: posts small blind $1
Hero: posts big blind $2
*** HOLE CARDS ***
Dealt to ebbabe7e 
Dealt to dd01a04e 
Dealt to Hero [Ac Jc]
ebbabe7e: calls $2
dd01a04e: calls $1
Hero: raises $6 to $8
ebbabe7e: raises $18 to $26
dd01a04e: folds
Hero: raises $78.3 to $104.3
ebbabe7e: calls $9 and is all-in
Uncalled bet ($69.3) returned to Hero
Hero: shows [Ac Jc]
ebbabe7e: shows [9c 8d]
*** FLOP *** [Ah 3d Qd]
*** TURN *** [Ah 3d Qd] [5h]
*** RIVER *** [Ah 3d Qd 5h] [4h]
*** SHOWDOWN ***
Hero collected $72 from pot
*** SUMMARY ***
Total pot $72
Board [Ah 3d Qd 5h 4h]
Seat 3: ebbabe7e showed [9c 8d] and lost with Ace-High
Seat 4: dd01a04e(small blind) folded before Flop
Seat 2: Hero(big blind) showed [Ac Jc] and won ($72) with Pair of Aces



Poker Hand #ring_930709395: NLH No Limit ($1/$2) - 2025/06/12 01:56:11
Table 'MR NLH 1/2' 7-max Seat #2 is the button
Seat 3: ebbabe7e ($40 in chips)
Seat 4: dd01a04e ($100 in chips)
Seat 2: Hero ($157.21 in chips)
ebbabe7e: posts small blind $1
dd01a04e: posts big blind $2
*** HOLE CARDS ***
Dealt to ebbabe7e 
Dealt to dd01a04e 
Dealt to Hero [Th 8d]
Hero: folds
ebbabe7e: calls $1
dd01a04e: checks
*** FLOP *** [6h Js 2d]
ebbabe7e: checks
dd01a04e: checks
*** TURN *** [6h Js 2d] [Qc]
ebbabe7e: checks
dd01a04e: bets $3
ebbabe7e: calls $3
*** RIVER *** [6h Js 2d Qc] [7c]
ebbabe7e: checks
dd01a04e: checks
ebbabe7e: shows [5d 3h]
dd01a04e: shows [5h 9c]
*** SHOWDOWN ***
dd01a04e collected $10 from pot
*** SUMMARY ***
Total pot $10
Board [6h Js 2d Qc 7c]
Seat 3: ebbabe7e(small blind) showed [5d 3h] and lost with Queen-High
Seat 4: dd01a04e(big blind) showed [5h 9c] and won ($10) with Queen-High
Seat 2: Hero folded before Flop (didn't bet)



Poker Hand #ring_930708267: NLH No Limit ($1/$2) - 2025/06/12 01:55:29
Table 'MR NLH 1/2' 7-max Seat #2 is the button
Seat 3: ebbabe7e ($52 in chips)
Seat 2: Hero ($145.75 in chips)
Hero: posts small blind $1
ebbabe7e: posts big blind $2
*** HOLE CARDS ***
Dealt to ebbabe7e 
Dealt to Hero [9c 8h]
Hero: raises $4 to $6
ebbabe7e: calls $4
*** FLOP *** [Qc Qh Js]
ebbabe7e: checks
Hero: checks
*** TURN *** [Qc Qh Js] [2s]
ebbabe7e: checks
Hero: bets $6
ebbabe7e: calls $6
*** RIVER *** [Qc Qh Js 2s] [4c]
ebbabe7e: checks
Hero: bets $19.2
ebbabe7e: folds
Uncalled bet ($19.2) returned to Hero
*** SHOWDOWN ***
Hero collected $24 from pot
*** SUMMARY ***
Total pot $24
Board [Qc Qh Js 2s 4c]
Seat 3: ebbabe7e(big blind) folded on the River
Seat 2: Hero(small blind)won ($24) with Pair of Queens



Poker Hand #ring_930707969: NLH No Limit ($1/$2) - 2025/06/12 01:55:17
Table 'MR NLH 1/2' 7-max Seat #3 is the button
Seat 3: ebbabe7e ($50 in chips)
Seat 2: Hero ($147.75 in chips)
ebbabe7e: posts small blind $1
Hero: posts big blind $2
*** HOLE CARDS ***
Dealt to ebbabe7e 
Dealt to Hero [Js 3h]
ebbabe7e: raises $4 to $6
Hero: folds
Uncalled bet ($4) returned to ebbabe7e
*** SHOWDOWN ***
ebbabe7e collected $4 from pot
*** SUMMARY ***
Total pot $4
Seat 3: ebbabe7e(small blind)won ($4)
Seat 2: Hero(big blind) folded before Flop



Poker Hand #ring_930268011: NLH No Limit ($1/$2) - 2025/06/12 01:54:33
Table 'MR NLH 1/2' 7-max Seat #2 is the button
Seat 3: ebbabe7e ($100 in chips)
Seat 2: Hero ($100 in chips)
Hero: posts small blind $1
ebbabe7e: posts big blind $2
*** HOLE CARDS ***
Dealt to ebbabe7e 
Dealt to Hero [4h Kh]
Hero: raises $3 to $5
ebbabe7e: calls $3
*** FLOP *** [4c 5h 4s]
ebbabe7e: bets $7.5
Hero: calls $7.5
*** TURN *** [4c 5h 4s] [6h]
ebbabe7e: bets $12.5
Hero: calls $12.5
*** RIVER *** [4c 5h 4s 6h] [8s]
ebbabe7e: bets $25
Hero: calls $25
Hero: shows [4h Kh]
ebbabe7e: shows [5c Qc]
*** SHOWDOWN ***
Hero collected $100 from pot
*** SUMMARY ***
Total pot $100
Board [4c 5h 4s 6h 8s]
Seat 3: ebbabe7e(big blind) showed [5c Qc] and lost with Pair of Fives and Pair of Fours
Seat 2: Hero(small blind) showed [4h Kh] and won ($100) with Three Fours



