Poker Hand #ring_979786743: NLH No Limit ($2/$4) - 2025/07/08 19:56:15
Table 'MR NLH 2/4' 7-max Seat #1 is the button
Seat 6: b9cb426 ($828.28 in chips)
Seat 2: da0d7b35 ($1,039.86 in chips)
Seat 1: a5dfc077 ($762 in chips)
Seat 3: d0a06638 ($1,153.35 in chips)
Seat 5: Hero ($1,082.17 in chips)
Seat 7: 3a124ac4 ($145.87 in chips)
da0d7b35: posts small blind $2
d0a06638: posts big blind $4
*** HOLE CARDS ***
Dealt to b9cb426 
Dealt to da0d7b35 
Dealt to a5dfc077 
Dealt to d0a06638 
Dealt to Hero [2d Kh]
Dealt to 3a124ac4 
Hero: folds
b9cb426: folds
3a124ac4: folds
a5dfc077: raises $6 to $10
da0d7b35: calls $8
d0a06638: folds
*** FLOP *** [8s Js As]
da0d7b35: checks
a5dfc077: bets $12
da0d7b35: folds
Uncalled bet ($12) returned to a5dfc077
*** SHOWDOWN ***
a5dfc077 collected $24 from pot
*** SUMMARY ***
Total pot $24
Board [8s Js As]
Seat 6: b9cb426 folded before Flop (didn't bet)
Seat 2: da0d7b35(small blind) folded on the Flop
Seat 1: a5dfc077won ($24) with Pair of Aces
Seat 3: d0a06638(big blind) folded before Flop
Seat 5: Hero folded before Flop (didn't bet)
Seat 7: 3a124ac4 folded before Flop (didn't bet)



Poker Hand #ring_979786166: NLH No Limit ($2/$4) - 2025/07/08 19:55:53
Table 'MR NLH 2/4' 7-max Seat #7 is the button
Seat 6: b9cb426 ($828.28 in chips)
Seat 2: da0d7b35 ($1,043.86 in chips)
Seat 1: a5dfc077 ($758 in chips)
Seat 3: d0a06638 ($1,153.35 in chips)
Seat 5: Hero ($1,082.17 in chips)
Seat 7: 3a124ac4 ($145.87 in chips)
a5dfc077: posts small blind $2
da0d7b35: posts big blind $4
*** HOLE CARDS ***
Dealt to b9cb426 
Dealt to da0d7b35 
Dealt to a5dfc077 
Dealt to d0a06638 
Dealt to Hero [4d Td]
Dealt to 3a124ac4 
d0a06638: folds
Hero: folds
b9cb426: folds
3a124ac4: folds
a5dfc077: raises $8 to $12
da0d7b35: folds
Uncalled bet ($8) returned to a5dfc077
*** SHOWDOWN ***
a5dfc077 collected $8 from pot
*** SUMMARY ***
Total pot $8
Seat 6: b9cb426 folded before Flop (didn't bet)
Seat 2: da0d7b35(big blind) folded before Flop
Seat 1: a5dfc077(small blind)won ($8)
Seat 3: d0a06638 folded before Flop (didn't bet)
Seat 5: Hero folded before Flop (didn't bet)
Seat 7: 3a124ac4 folded before Flop (didn't bet)



Poker Hand #ring_979784582: NLH No Limit ($2/$4) - 2025/07/08 19:54:54
Table 'MR NLH 2/4' 7-max Seat #6 is the button
Seat 6: b9cb426 ($828.28 in chips)
Seat 2: da0d7b35 ($1,043.86 in chips)
Seat 1: a5dfc077 ($762 in chips)
Seat 3: d0a06638 ($1,131.2 in chips)
Seat 5: Hero ($1,082.17 in chips)
Seat 7: 3a124ac4 ($167.11 in chips)
3a124ac4: posts small blind $2
a5dfc077: posts big blind $4
*** HOLE CARDS ***
Dealt to b9cb426 
Dealt to da0d7b35 
Dealt to a5dfc077 
Dealt to d0a06638 
Dealt to Hero [4d Ts]
Dealt to 3a124ac4 
da0d7b35: folds
d0a06638: raises $8 to $12
Hero: folds
b9cb426: folds
3a124ac4: calls $10
a5dfc077: folds
*** FLOP *** [3d 6c 9s]
3a124ac4: checks
d0a06638: bets $9.24
3a124ac4: calls $9.24
*** TURN *** [3d 6c 9s] [Js]
3a124ac4: checks
d0a06638: bets $46.48
3a124ac4: folds
Uncalled bet ($46.48) returned to d0a06638
*** SHOWDOWN ***
d0a06638 collected $46.48 from pot
*** SUMMARY ***
Total pot $46.48
Board [3d 6c 9s Js]
Seat 6: b9cb426 folded before Flop (didn't bet)
Seat 2: da0d7b35 folded before Flop (didn't bet)
Seat 1: a5dfc077(big blind) folded before Flop
Seat 3: d0a06638won ($46.48) with Pair of Jacks
Seat 5: Hero folded before Flop (didn't bet)
Seat 7: 3a124ac4(small blind) folded on the Turn



Poker Hand #ring_979783477: NLH No Limit ($2/$4) - 2025/07/08 19:54:11
Table 'MR NLH 2/4' 7-max Seat #5 is the button
Seat 6: b9cb426 ($838.28 in chips)
Seat 2: da0d7b35 ($1,043.86 in chips)
Seat 1: a5dfc077 ($762 in chips)
Seat 3: d0a06638 ($1,104 in chips)
Seat 5: Hero ($1,092.17 in chips)
Seat 7: 3a124ac4 ($177.11 in chips)
b9cb426: posts small blind $2
3a124ac4: posts big blind $4
*** HOLE CARDS ***
Dealt to b9cb426 
Dealt to da0d7b35 
Dealt to a5dfc077 
Dealt to d0a06638 
Dealt to Hero [Kh 2h]
Dealt to 3a124ac4 
a5dfc077: folds
da0d7b35: folds
d0a06638: raises $6 to $10
Hero: calls $10
b9cb426: calls $8
3a124ac4: calls $6
*** FLOP *** [Js Jd 3s]
b9cb426: checks
3a124ac4: checks
d0a06638: bets $8
Hero: folds
b9cb426: folds
3a124ac4: folds
Uncalled bet ($8) returned to d0a06638
*** SHOWDOWN ***
d0a06638 collected $40 from pot
*** SUMMARY ***
Total pot $40
Board [Js Jd 3s]
Seat 6: b9cb426(small blind) folded on the Flop
Seat 2: da0d7b35 folded before Flop (didn't bet)
Seat 1: a5dfc077 folded before Flop (didn't bet)
Seat 3: d0a06638won ($40) with Pair of Jacks and Pair of Eights
Seat 5: Hero folded on the Flop
Seat 7: 3a124ac4(big blind) folded on the Flop



Poker Hand #ring_979782523: NLH No Limit ($2/$4) - 2025/07/08 19:53:35
Table 'MR NLH 2/4' 7-max Seat #3 is the button
Seat 6: b9cb426 ($842.28 in chips)
Seat 2: da0d7b35 ($1,037.86 in chips)
Seat 1: a5dfc077 ($762 in chips)
Seat 3: d0a06638 ($1,104 in chips)
Seat 5: Hero ($1,094.17 in chips)
Seat 7: 3a124ac4 ($177.11 in chips)
Hero: posts small blind $2
b9cb426: posts big blind $4
*** HOLE CARDS ***
Dealt to b9cb426 
Dealt to da0d7b35 
Dealt to a5dfc077 
Dealt to d0a06638 
Dealt to Hero [4c 7d]
Dealt to 3a124ac4 
3a124ac4: folds
a5dfc077: folds
da0d7b35: raises $4 to $8
d0a06638: folds
Hero: folds
b9cb426: folds
Uncalled bet ($4) returned to da0d7b35
*** SHOWDOWN ***
da0d7b35 collected $10 from pot
*** SUMMARY ***
Total pot $10
Seat 6: b9cb426(big blind) folded before Flop
Seat 2: da0d7b35won ($10)
Seat 1: a5dfc077 folded before Flop (didn't bet)
Seat 3: d0a06638 folded before Flop (didn't bet)
Seat 5: Hero(small blind) folded before Flop
Seat 7: 3a124ac4 folded before Flop (didn't bet)



Poker Hand #ring_979780896: NLH No Limit ($2/$4) - 2025/07/08 19:52:33
Table 'MR NLH 2/4' 7-max Seat #2 is the button
Seat 6: b9cb426 ($854.28 in chips)
Seat 2: da0d7b35 ($1,049.86 in chips)
Seat 1: a5dfc077 ($762 in chips)
Seat 3: d0a06638 ($1,106 in chips)
Seat 5: Hero ($1,098.17 in chips)
Seat 7: 3a124ac4 ($150 in chips)
d0a06638: posts small blind $2
Hero: posts big blind $4
*** HOLE CARDS ***
Dealt to b9cb426 
Dealt to da0d7b35 
Dealt to a5dfc077 
Dealt to d0a06638 
Dealt to Hero [2h 9c]
Dealt to 3a124ac4 
b9cb426: raises $8 to $12
3a124ac4: calls $12
a5dfc077: folds
da0d7b35: calls $12
d0a06638: folds
Hero: folds
*** FLOP *** [9s 4s 4d]
b9cb426: checks
3a124ac4: checks
da0d7b35: checks
*** TURN *** [9s 4s 4d] [6h]
b9cb426: checks
3a124ac4: checks
da0d7b35: checks
*** RIVER *** [9s 4s 4d 6h] [Qd]
b9cb426: checks
3a124ac4: checks
da0d7b35: checks
da0d7b35: shows [7s 8d]
b9cb426: shows [Js Kh]
3a124ac4: shows [Jh As]
*** SHOWDOWN ***
3a124ac4 collected $42 from pot
*** SUMMARY ***
Total pot $42
Board [9s 4s 4d 6h Qd]
Seat 6: b9cb426 showed [Js Kh] and lost with Pair of Fours
Seat 2: da0d7b35 showed [7s 8d] and lost with Pair of Fours
Seat 1: a5dfc077 folded before Flop (didn't bet)
Seat 3: d0a06638(small blind) folded before Flop
Seat 5: Hero(big blind) folded before Flop
Seat 7: 3a124ac4 showed [Jh As] and won ($42) with Pair of Fours



Poker Hand #ring_979779969: NLH No Limit ($2/$4) - 2025/07/08 19:51:59
Table 'MR NLH 2/4' 7-max Seat #1 is the button
Seat 6: b9cb426 ($866.28 in chips)
Seat 2: da0d7b35 ($1,051.86 in chips)
Seat 1: a5dfc077 ($762 in chips)
Seat 3: d0a06638 ($1,092 in chips)
Seat 5: Hero ($1,098.17 in chips)
Seat 7: 3a124ac4 ($150 in chips)
da0d7b35: posts small blind $2
d0a06638: posts big blind $4
*** HOLE CARDS ***
Dealt to b9cb426 
Dealt to da0d7b35 
Dealt to a5dfc077 
Dealt to d0a06638 
Dealt to Hero [3c Jc]
Dealt to 3a124ac4 
Hero: folds
b9cb426: raises $8 to $12
3a124ac4: folds
a5dfc077: folds
da0d7b35: folds
d0a06638: raises $36 to $48
b9cb426: folds
Uncalled bet ($36) returned to d0a06638
*** SHOWDOWN ***
d0a06638 collected $26 from pot
*** SUMMARY ***
Total pot $26
Seat 6: b9cb426 folded before Flop
Seat 2: da0d7b35(small blind) folded before Flop
Seat 1: a5dfc077 folded before Flop (didn't bet)
Seat 3: d0a06638(big blind)won ($26)
Seat 5: Hero folded before Flop (didn't bet)
Seat 7: 3a124ac4 folded before Flop (didn't bet)



Poker Hand #ring_979779448: NLH No Limit ($2/$4) - 2025/07/08 19:51:39
Table 'MR NLH 2/4' 7-max Seat #7 is the button
Seat 6: b9cb426 ($866.28 in chips)
Seat 2: da0d7b35 ($1,049.86 in chips)
Seat 1: a5dfc077 ($764 in chips)
Seat 3: d0a06638 ($1,092 in chips)
Seat 5: Hero ($1,098.17 in chips)
Seat 7: 3a124ac4 ($150 in chips)
a5dfc077: posts small blind $2
da0d7b35: posts big blind $4
*** HOLE CARDS ***
Dealt to b9cb426 
Dealt to da0d7b35 
Dealt to a5dfc077 
Dealt to d0a06638 
Dealt to Hero [7c Qs]
Dealt to 3a124ac4 
d0a06638: folds
Hero: folds
b9cb426: folds
3a124ac4: folds
a5dfc077: folds
*** SHOWDOWN ***
da0d7b35 collected $6 from pot
*** SUMMARY ***
Total pot $6
Seat 6: b9cb426 folded before Flop (didn't bet)
Seat 2: da0d7b35(big blind)won ($6)
Seat 1: a5dfc077(small blind) folded before Flop
Seat 3: d0a06638 folded before Flop (didn't bet)
Seat 5: Hero folded before Flop (didn't bet)
Seat 7: 3a124ac4 folded before Flop (didn't bet)



Poker Hand #ring_979778678: NLH No Limit ($2/$4) - 2025/07/08 19:51:11
Table 'MR NLH 2/4' 7-max Seat #6 is the button
Seat 6: b9cb426 ($866.28 in chips)
Seat 2: da0d7b35 ($1,043.86 in chips)
Seat 1: a5dfc077 ($768 in chips)
Seat 3: d0a06638 ($1,092 in chips)
Seat 5: Hero ($1,098.17 in chips)
Seat 7: 3a124ac4 ($152 in chips)
3a124ac4: posts small blind $2
a5dfc077: posts big blind $4
*** HOLE CARDS ***
Dealt to b9cb426 
Dealt to da0d7b35 
Dealt to a5dfc077 
Dealt to d0a06638 
Dealt to Hero [Qs 5c]
Dealt to 3a124ac4 
da0d7b35: raises $8 to $12
d0a06638: folds
Hero: folds
b9cb426: folds
3a124ac4: folds
a5dfc077: folds
Uncalled bet ($8) returned to da0d7b35
*** SHOWDOWN ***
da0d7b35 collected $10 from pot
*** SUMMARY ***
Total pot $10
Seat 6: b9cb426 folded before Flop (didn't bet)
Seat 2: da0d7b35won ($10)
Seat 1: a5dfc077(big blind) folded before Flop
Seat 3: d0a06638 folded before Flop (didn't bet)
Seat 5: Hero folded before Flop (didn't bet)
Seat 7: 3a124ac4(small blind) folded before Flop



Poker Hand #ring_979778066: NLH No Limit ($2/$4) - 2025/07/08 19:50:48
Table 'MR NLH 2/4' 7-max Seat #5 is the button
Seat 6: b9cb426 ($868.28 in chips)
Seat 2: da0d7b35 ($1,043.86 in chips)
Seat 1: a5dfc077 ($768 in chips)
Seat 3: d0a06638 ($1,092 in chips)
Seat 5: Hero ($1,092.17 in chips)
Seat 7: 3a124ac4 ($156 in chips)
b9cb426: posts small blind $2
3a124ac4: posts big blind $4
*** HOLE CARDS ***
Dealt to b9cb426 
Dealt to da0d7b35 
Dealt to a5dfc077 
Dealt to d0a06638 
Dealt to Hero [8d Ks]
Dealt to 3a124ac4 
a5dfc077: folds
da0d7b35: folds
d0a06638: folds
Hero: raises $6 to $10
b9cb426: folds
3a124ac4: folds
Uncalled bet ($6) returned to Hero
*** SHOWDOWN ***
Hero collected $10 from pot
*** SUMMARY ***
Total pot $10
Seat 6: b9cb426(small blind) folded before Flop
Seat 2: da0d7b35 folded before Flop (didn't bet)
Seat 1: a5dfc077 folded before Flop (didn't bet)
Seat 3: d0a06638 folded before Flop (didn't bet)
Seat 5: Herowon ($10)
Seat 7: 3a124ac4(big blind) folded before Flop



Poker Hand #ring_979777124: NLH No Limit ($2/$4) - 2025/07/08 19:50:12
Table 'MR NLH 2/4' 7-max Seat #3 is the button
Seat 6: b9cb426 ($868.64 in chips)
Seat 2: da0d7b35 ($1,043.86 in chips)
Seat 1: a5dfc077 ($768 in chips)
Seat 3: d0a06638 ($1,092 in chips)
Seat 5: Hero ($1,092.53 in chips)
Seat 7: 3a124ac4 ($156 in chips)
Hero: posts small blind $2
b9cb426: posts big blind $4
*** HOLE CARDS ***
Dealt to b9cb426 
Dealt to da0d7b35 
Dealt to a5dfc077 
Dealt to d0a06638 
Dealt to Hero [3d 4h]
Dealt to 3a124ac4 
3a124ac4: folds
a5dfc077: folds
da0d7b35: folds
d0a06638: folds
Hero: calls $2
b9cb426: checks
*** FLOP *** [Jd 6h 6s]
Hero: checks
b9cb426: checks
*** TURN *** [Jd 6h 6s] [6c]
Hero: checks
b9cb426: checks
*** RIVER *** [Jd 6h 6s 6c] [4s]
Hero: bets $4
b9cb426: calls $4
Hero: shows [3d 4h]
b9cb426: shows [4c Ah]
*** SHOWDOWN ***
Hero collected $8 from pot
b9cb426 collected $8 from pot
*** SUMMARY ***
Total pot $16
Board [Jd 6h 6s 6c 4s]
Seat 6: b9cb426(big blind) showed [4c Ah] and won ($8) with Sixes Full over Fours
Seat 2: da0d7b35 folded before Flop (didn't bet)
Seat 1: a5dfc077 folded before Flop (didn't bet)
Seat 3: d0a06638 folded before Flop (didn't bet)
Seat 5: Hero(small blind) showed [3d 4h] and won ($8) with Sixes Full over Fours
Seat 7: 3a124ac4 folded before Flop (didn't bet)



Poker Hand #ring_979775936: NLH No Limit ($2/$4) - 2025/07/08 19:49:28
Table 'MR NLH 2/4' 7-max Seat #2 is the button
Seat 6: b9cb426 ($868.64 in chips)
Seat 2: da0d7b35 ($1,043.86 in chips)
Seat 1: a5dfc077 ($768 in chips)
Seat 3: d0a06638 ($1,094 in chips)
Seat 5: Hero ($1,086.98 in chips)
Seat 7: 3a124ac4 ($160 in chips)
d0a06638: posts small blind $2
Hero: posts big blind $4
*** HOLE CARDS ***
Dealt to b9cb426 
Dealt to da0d7b35 
Dealt to a5dfc077 
Dealt to d0a06638 
Dealt to Hero [4d 2h]
Dealt to 3a124ac4 
b9cb426: folds
3a124ac4: calls $4
a5dfc077: folds
da0d7b35: folds
d0a06638: folds
Hero: checks
*** FLOP *** [3d 5c 8s]
Hero: bets $5
3a124ac4: folds
Uncalled bet ($5) returned to Hero
*** SHOWDOWN ***
Hero collected $10 from pot
*** SUMMARY ***
Total pot $10
Board [3d 5c 8s]
Seat 6: b9cb426 folded before Flop (didn't bet)
Seat 2: da0d7b35 folded before Flop (didn't bet)
Seat 1: a5dfc077 folded before Flop (didn't bet)
Seat 3: d0a06638(small blind) folded before Flop
Seat 5: Hero(big blind)won ($10) with Eight-High
Seat 7: 3a124ac4 folded on the Flop



Poker Hand #ring_979775493: NLH No Limit ($2/$4) - 2025/07/08 19:49:12
Table 'MR NLH 2/4' 7-max Seat #1 is the button
Seat 6: b9cb426 ($868.64 in chips)
Seat 2: da0d7b35 ($1,045.86 in chips)
Seat 1: a5dfc077 ($768 in chips)
Seat 3: d0a06638 ($1,092 in chips)
Seat 5: Hero ($1,086.98 in chips)
Seat 7: 3a124ac4 ($160 in chips)
da0d7b35: posts small blind $2
d0a06638: posts big blind $4
*** HOLE CARDS ***
Dealt to b9cb426 
Dealt to da0d7b35 
Dealt to a5dfc077 
Dealt to d0a06638 
Dealt to Hero [Ts Kh]
Dealt to 3a124ac4 
Hero: folds
b9cb426: folds
3a124ac4: folds
a5dfc077: folds
da0d7b35: folds
*** SHOWDOWN ***
d0a06638 collected $6 from pot
*** SUMMARY ***
Total pot $6
Seat 6: b9cb426 folded before Flop (didn't bet)
Seat 2: da0d7b35(small blind) folded before Flop
Seat 1: a5dfc077 folded before Flop (didn't bet)
Seat 3: d0a06638(big blind)won ($6)
Seat 5: Hero folded before Flop (didn't bet)
Seat 7: 3a124ac4 folded before Flop (didn't bet)



Poker Hand #ring_979773928: NLH No Limit ($2/$4) - 2025/07/08 19:48:13
Table 'MR NLH 2/4' 7-max Seat #7 is the button
Seat 6: b9cb426 ($868.64 in chips)
Seat 2: da0d7b35 ($1,025.02 in chips)
Seat 1: a5dfc077 ($792 in chips)
Seat 3: d0a06638 ($1,092 in chips)
Seat 5: Hero ($1,086.98 in chips)
Seat 7: 3a124ac4 ($160 in chips)
a5dfc077: posts small blind $2
da0d7b35: posts big blind $4
*** HOLE CARDS ***
Dealt to b9cb426 
Dealt to da0d7b35 
Dealt to a5dfc077 
Dealt to d0a06638 
Dealt to Hero [5c 4s]
Dealt to 3a124ac4 
d0a06638: folds
Hero: folds
b9cb426: folds
3a124ac4: folds
a5dfc077: raises $8 to $12
da0d7b35: raises $12 to $24
a5dfc077: calls $12
*** FLOP *** [4d 4c Kd]
a5dfc077: checks
da0d7b35: checks
*** TURN *** [4d 4c Kd] [Kh]
a5dfc077: checks
da0d7b35: checks
*** RIVER *** [4d 4c Kd Kh] [8d]
a5dfc077: checks
da0d7b35: bets $48
a5dfc077: folds
Uncalled bet ($48) returned to da0d7b35
*** SHOWDOWN ***
da0d7b35 collected $48 from pot
*** SUMMARY ***
Total pot $48
Board [4d 4c Kd Kh 8d]
Seat 6: b9cb426 folded before Flop (didn't bet)
Seat 2: da0d7b35(big blind)won ($48) with Pair of Kings and Pair of Fours
Seat 1: a5dfc077(small blind) folded on the River
Seat 3: d0a06638 folded before Flop (didn't bet)
Seat 5: Hero folded before Flop (didn't bet)
Seat 7: 3a124ac4 folded before Flop (didn't bet)



Poker Hand #ring_979771296: NLH No Limit ($2/$4) - 2025/07/08 19:46:32
Table 'MR NLH 2/4' 7-max Seat #6 is the button
Seat 6: b9cb426 ($537.13 in chips)
Seat 2: da0d7b35 ($1,025.02 in chips)
Seat 1: a5dfc077 ($796 in chips)
Seat 3: d0a06638 ($1,237.88 in chips)
Seat 4: 9d71c7e9 ($206 in chips)
Seat 5: Hero ($1,086.98 in chips)
Seat 7: 3a124ac4 ($162 in chips)
3a124ac4: posts small blind $2
a5dfc077: posts big blind $4
*** HOLE CARDS ***
Dealt to b9cb426 
Dealt to da0d7b35 
Dealt to a5dfc077 
Dealt to d0a06638 
Dealt to 9d71c7e9 
Dealt to Hero [Kc Td]
Dealt to 3a124ac4 
da0d7b35: folds
d0a06638: raises $8 to $12
9d71c7e9: calls $12
Hero: folds
b9cb426: calls $12
3a124ac4: folds
a5dfc077: folds
*** FLOP *** [5s 6c 8s]
d0a06638: checks
9d71c7e9: bets $31.5
b9cb426: calls $31.5
d0a06638: raises $102.38 to $133.88
9d71c7e9: raises $60.12 to $194 and is all-in
b9cb426: raises $331.13 to $525.13 and is all-in
d0a06638: folds
Uncalled bet ($331.13) returned to b9cb426
9d71c7e9: shows [9c 7c] (Nines-High Straight)
b9cb426: shows [7s 9s] (Nines-High Straight)
*** TURN *** [5s 6c 8s] [7h]
*** RIVER *** [5s 6c 8s 7h] [As]
*** SHOWDOWN ***
b9cb426 collected $563.88 from pot
*** SUMMARY ***
Total pot $563.88
Board [5s 6c 8s 7h As]
Seat 6: b9cb426 showed [7s 9s] and won ($563.88) with Ace High Flush
Seat 2: da0d7b35 folded before Flop (didn't bet)
Seat 1: a5dfc077(big blind) folded before Flop
Seat 3: d0a06638 folded on the Flop
Seat 4: 9d71c7e9 showed [9c 7c] and lost with Nines-High Straight
Seat 5: Hero folded before Flop (didn't bet)
Seat 7: 3a124ac4(small blind) folded before Flop



Poker Hand #ring_979770636: NLH No Limit ($2/$4) - 2025/07/08 19:46:07
Table 'MR NLH 2/4' 7-max Seat #5 is the button
Seat 6: b9cb426 ($539.13 in chips)
Seat 2: da0d7b35 ($1,025.02 in chips)
Seat 1: a5dfc077 ($796 in chips)
Seat 3: d0a06638 ($1,237.88 in chips)
Seat 4: 9d71c7e9 ($200 in chips)
Seat 5: Hero ($1,086.98 in chips)
Seat 7: 3a124ac4 ($166 in chips)
b9cb426: posts small blind $2
3a124ac4: posts big blind $4
9d71c7e9: posts big blind $4
*** HOLE CARDS ***
Dealt to b9cb426 
Dealt to da0d7b35 
Dealt to a5dfc077 
Dealt to d0a06638 
Dealt to 9d71c7e9 
Dealt to Hero [5s Td]
Dealt to 3a124ac4 
a5dfc077: folds
da0d7b35: folds
d0a06638: folds
9d71c7e9: raises $8 to $12
Hero: folds
b9cb426: folds
3a124ac4: folds
Uncalled bet ($8) returned to 9d71c7e9
*** SHOWDOWN ***
9d71c7e9 collected $10 from pot
*** SUMMARY ***
Total pot $10
Seat 6: b9cb426(small blind) folded before Flop
Seat 2: da0d7b35 folded before Flop (didn't bet)
Seat 1: a5dfc077 folded before Flop (didn't bet)
Seat 3: d0a06638 folded before Flop (didn't bet)
Seat 4: 9d71c7e9won ($10)
Seat 5: Hero folded before Flop (didn't bet)
Seat 7: 3a124ac4(big blind) folded before Flop



Poker Hand #ring_979768708: NLH No Limit ($2/$4) - 2025/07/08 19:44:53
Table 'MR NLH 2/4' 7-max Seat #3 is the button
Seat 6: b9cb426 ($433.39 in chips)
Seat 2: da0d7b35 ($1,025.02 in chips)
Seat 1: a5dfc077 ($800 in chips)
Seat 3: d0a06638 ($1,348.88 in chips)
Seat 5: Hero ($1,088.98 in chips)
Seat 7: 3a124ac4 ($166 in chips)
Hero: posts small blind $2
b9cb426: posts big blind $4
*** HOLE CARDS ***
Dealt to b9cb426 
Dealt to da0d7b35 
Dealt to a5dfc077 
Dealt to d0a06638 
Dealt to Hero [5c 2d]
Dealt to 3a124ac4 
3a124ac4: folds
a5dfc077: calls $4
da0d7b35: folds
d0a06638: raises $12 to $16
Hero: folds
b9cb426: raises $38 to $54
a5dfc077: folds
d0a06638: calls $38
*** FLOP *** [Qd 3d Ad]
b9cb426: checks
d0a06638: checks
*** TURN *** [Qd 3d Ad] [Tc]
b9cb426: bets $57
d0a06638: calls $57
*** RIVER *** [Qd 3d Ad Tc] [4h]
b9cb426: checks
d0a06638: checks
d0a06638: shows [9c Ac]
b9cb426: shows [Ah As]
*** SHOWDOWN ***
b9cb426 collected $228 from pot
*** SUMMARY ***
Total pot $228
Board [Qd 3d Ad Tc 4h]
Seat 6: b9cb426(big blind) showed [Ah As] and won ($228) with Three Aces
Seat 2: da0d7b35 folded before Flop (didn't bet)
Seat 1: a5dfc077 folded before Flop
Seat 3: d0a06638 showed [9c Ac] and lost with Pair of Aces
Seat 5: Hero(small blind) folded before Flop
Seat 7: 3a124ac4 folded before Flop (didn't bet)



Poker Hand #ring_979767376: NLH No Limit ($2/$4) - 2025/07/08 19:44:03
Table 'MR NLH 2/4' 7-max Seat #2 is the button
Seat 6: b9cb426 ($433.39 in chips)
Seat 2: da0d7b35 ($1,025.02 in chips)
Seat 1: a5dfc077 ($800 in chips)
Seat 3: d0a06638 ($1,380.08 in chips)
Seat 5: Hero ($1,061.58 in chips)
Seat 7: 3a124ac4 ($166 in chips)
d0a06638: posts small blind $2
Hero: posts big blind $4
*** HOLE CARDS ***
Dealt to b9cb426 
Dealt to da0d7b35 
Dealt to a5dfc077 
Dealt to d0a06638 
Dealt to Hero [Jh Qh]
Dealt to 3a124ac4 
b9cb426: folds
3a124ac4: folds
a5dfc077: folds
da0d7b35: folds
d0a06638: raises $8 to $12
Hero: raises $19.2 to $31.2
d0a06638: calls $19.2
*** FLOP *** [6d Qc Js]
d0a06638: checks
Hero: checks
*** TURN *** [6d Qc Js] [Td]
d0a06638: checks
Hero: bets $49.92
d0a06638: folds
Uncalled bet ($49.92) returned to Hero
*** SHOWDOWN ***
Hero collected $62.4 from pot
*** SUMMARY ***
Total pot $62.4
Board [6d Qc Js Td]
Seat 6: b9cb426 folded before Flop (didn't bet)
Seat 2: da0d7b35 folded before Flop (didn't bet)
Seat 1: a5dfc077 folded before Flop (didn't bet)
Seat 3: d0a06638(small blind) folded on the Turn
Seat 5: Hero(big blind)won ($62.4) with Pair of Queens and Pair of Jacks
Seat 7: 3a124ac4 folded before Flop (didn't bet)



Poker Hand #ring_979764847: NLH No Limit ($2/$4) - 2025/07/08 19:42:24
Table 'MR NLH 2/4' 7-max Seat #1 is the button
Seat 6: b9cb426 ($433.39 in chips)
Seat 2: da0d7b35 ($820 in chips)
Seat 1: a5dfc077 ($800 in chips)
Seat 3: d0a06638 ($1,407.92 in chips)
Seat 4: 9d71c7e9 ($184.58 in chips)
Seat 5: Hero ($1,073.58 in chips)
Seat 7: 3a124ac4 ($166 in chips)
da0d7b35: posts small blind $2
d0a06638: posts big blind $4
*** HOLE CARDS ***
Dealt to b9cb426 
Dealt to da0d7b35 
Dealt to a5dfc077 
Dealt to d0a06638 
Dealt to 9d71c7e9 
Dealt to Hero [Kc Qs]
Dealt to 3a124ac4 
9d71c7e9: calls $4
Hero: raises $8 to $12
b9cb426: folds
3a124ac4: folds
a5dfc077: folds
da0d7b35: calls $10
d0a06638: calls $8
9d71c7e9: calls $8
*** FIRST FLOP *** [Jc 5d 9s]
da0d7b35: bets $15.84
d0a06638: calls $15.84
9d71c7e9: raises $95.52 to $111.36
Hero: folds
da0d7b35: calls $95.52
d0a06638: folds
*** FIRST TURN *** [Jc 5d 9s] [Jd]
da0d7b35: checks
9d71c7e9: bets $61.22 and is all-in
da0d7b35: calls $61.22
da0d7b35: shows [Jh As]
9d71c7e9: shows [Td 8d]
*** FIRST RIVER *** [Jc 5d 9s Jd] [9h]
*** SECOND RIVER *** [Jc 5d 9s Jd] [8s]
*** THIRD RIVER *** [Jc 5d 9s Jd] [Th]
*** FIRST SHOWDOWN ***
da0d7b35 collected $137.01 from pot
*** SECOND SHOWDOWN ***
da0d7b35 collected $136 from pot
*** THIRD SHOWDOWN ***
da0d7b35 collected $135.99 from pot
*** SUMMARY ***
Total pot $409
Hand was run three timesFIRST Board [Jc 5d 9s Jd 9h]
SECOND Board [8s]
THIRD Board [Th]
Seat 6: b9cb426 folded before Flop (didn't bet)
Seat 2: da0d7b35(small blind) showed [Jh As] and won ($409) with Jacks Full over Nines / Three Jacks / Three Jacks
Seat 1: a5dfc077 folded before Flop (didn't bet)
Seat 3: d0a06638(big blind) folded on the Flop
Seat 4: 9d71c7e9 showed [Td 8d] and lost with Pair of Jacks and Pair of Nines / Pair of Jacks and Pair of Eights / Pair of Jacks and Pair of Tens
Seat 5: Hero folded on the Flop
Seat 7: 3a124ac4 folded before Flop (didn't bet)



Poker Hand #ring_979763669: NLH No Limit ($2/$4) - 2025/07/08 19:41:40
Table 'MR NLH 2/4' 7-max Seat #7 is the button
Seat 6: b9cb426 ($433.39 in chips)
Seat 2: da0d7b35 ($796 in chips)
Seat 1: a5dfc077 ($410 in chips)
Seat 3: d0a06638 ($1,407.92 in chips)
Seat 4: 9d71c7e9 ($192.58 in chips)
Seat 5: Hero ($1,081.58 in chips)
Seat 7: 3a124ac4 ($166 in chips)
a5dfc077: posts small blind $2
da0d7b35: posts big blind $4
*** HOLE CARDS ***
Dealt to b9cb426 
Dealt to da0d7b35 
Dealt to a5dfc077 
Dealt to d0a06638 
Dealt to 9d71c7e9 
Dealt to Hero [2d 2c]
Dealt to 3a124ac4 
d0a06638: folds
9d71c7e9: raises $4 to $8
Hero: calls $8
b9cb426: folds
3a124ac4: folds
a5dfc077: calls $6
da0d7b35: raises $32 to $40
9d71c7e9: folds
Hero: folds
a5dfc077: folds
Uncalled bet ($32) returned to da0d7b35
*** SHOWDOWN ***
da0d7b35 collected $32 from pot
*** SUMMARY ***
Total pot $32
Seat 6: b9cb426 folded before Flop (didn't bet)
Seat 2: da0d7b35(big blind)won ($32)
Seat 1: a5dfc077(small blind) folded before Flop
Seat 3: d0a06638 folded before Flop (didn't bet)
Seat 4: 9d71c7e9 folded before Flop
Seat 5: Hero folded before Flop
Seat 7: 3a124ac4 folded before Flop (didn't bet)



Poker Hand #ring_979761392: NLH No Limit ($2/$4) - 2025/07/08 19:40:13
Table 'MR NLH 2/4' 7-max Seat #6 is the button
Seat 6: b9cb426 ($306.76 in chips)
Seat 2: da0d7b35 ($796 in chips)
Seat 1: a5dfc077 ($414 in chips)
Seat 3: d0a06638 ($1,541.87 in chips)
Seat 4: 9d71c7e9 ($192.58 in chips)
Seat 5: Hero ($1,081.58 in chips)
Seat 7: 3a124ac4 ($168 in chips)
3a124ac4: posts small blind $2
a5dfc077: posts big blind $4
*** HOLE CARDS ***
Dealt to b9cb426 
Dealt to da0d7b35 
Dealt to a5dfc077 
Dealt to d0a06638 
Dealt to 9d71c7e9 
Dealt to Hero [Jd 4d]
Dealt to 3a124ac4 
da0d7b35: folds
d0a06638: raises $6 to $10
9d71c7e9: folds
Hero: folds
b9cb426: raises $20 to $30
3a124ac4: folds
a5dfc077: folds
d0a06638: calls $20
*** FLOP *** [8d 6s Th]
d0a06638: checks
b9cb426: bets $21.78
d0a06638: calls $21.78
*** TURN *** [8d 6s Th] [9d]
d0a06638: checks
b9cb426: checks
*** RIVER *** [8d 6s Th 9d] [5h]
d0a06638: bets $82.17
b9cb426: calls $82.17
d0a06638: shows [Qd Kd]
b9cb426: shows [Td As]
*** SHOWDOWN ***
b9cb426 collected $273.9 from pot
*** SUMMARY ***
Total pot $273.9
Board [8d 6s Th 9d 5h]
Seat 6: b9cb426 showed [Td As] and won ($273.9) with Pair of Tens
Seat 2: da0d7b35 folded before Flop (didn't bet)
Seat 1: a5dfc077(big blind) folded before Flop
Seat 3: d0a06638 showed [Qd Kd] and lost with King-High
Seat 4: 9d71c7e9 folded before Flop (didn't bet)
Seat 5: Hero folded before Flop (didn't bet)
Seat 7: 3a124ac4(small blind) folded before Flop



Poker Hand #ring_979759773: NLH No Limit ($2/$4) - 2025/07/08 19:39:13
Table 'MR NLH 2/4' 7-max Seat #5 is the button
Seat 6: b9cb426 ($328 in chips)
Seat 2: da0d7b35 ($796 in chips)
Seat 1: a5dfc077 ($414 in chips)
Seat 3: d0a06638 ($1,519.72 in chips)
Seat 4: 9d71c7e9 ($192.58 in chips)
Seat 5: Hero ($1,081.58 in chips)
Seat 7: 3a124ac4 ($172 in chips)
b9cb426: posts small blind $2
3a124ac4: posts big blind $4
*** HOLE CARDS ***
Dealt to b9cb426 
Dealt to da0d7b35 
Dealt to a5dfc077 
Dealt to d0a06638 
Dealt to 9d71c7e9 
Dealt to Hero [8h Kd]
Dealt to 3a124ac4 
a5dfc077: folds
da0d7b35: folds
d0a06638: raises $8 to $12
9d71c7e9: folds
Hero: folds
b9cb426: calls $10
3a124ac4: folds
*** FLOP *** [7h 4c 6c]
b9cb426: checks
d0a06638: bets $9.24
b9cb426: calls $9.24
*** TURN *** [7h 4c 6c] [Kh]
b9cb426: checks
d0a06638: bets $34.86
b9cb426: folds
Uncalled bet ($34.86) returned to d0a06638
*** SHOWDOWN ***
d0a06638 collected $46.48 from pot
*** SUMMARY ***
Total pot $46.48
Board [7h 4c 6c Kh]
Seat 6: b9cb426(small blind) folded on the Turn
Seat 2: da0d7b35 folded before Flop (didn't bet)
Seat 1: a5dfc077 folded before Flop (didn't bet)
Seat 3: d0a06638won ($46.48) with Ace-High
Seat 4: 9d71c7e9 folded before Flop (didn't bet)
Seat 5: Hero folded before Flop (didn't bet)
Seat 7: 3a124ac4(big blind) folded before Flop



Poker Hand #ring_979758844: NLH No Limit ($2/$4) - 2025/07/08 19:38:37
Table 'MR NLH 2/4' 7-max Seat #4 is the button
Seat 6: b9cb426 ($332 in chips)
Seat 2: da0d7b35 ($796 in chips)
Seat 1: a5dfc077 ($414 in chips)
Seat 3: d0a06638 ($1,519.72 in chips)
Seat 4: 9d71c7e9 ($186.58 in chips)
Seat 5: Hero ($1,083.58 in chips)
Seat 7: 3a124ac4 ($172 in chips)
Hero: posts small blind $2
b9cb426: posts big blind $4
*** HOLE CARDS ***
Dealt to b9cb426 
Dealt to da0d7b35 
Dealt to a5dfc077 
Dealt to d0a06638 
Dealt to 9d71c7e9 
Dealt to Hero [4c 9h]
Dealt to 3a124ac4 
3a124ac4: folds
a5dfc077: folds
da0d7b35: folds
d0a06638: folds
9d71c7e9: raises $8 to $12
Hero: folds
b9cb426: folds
Uncalled bet ($8) returned to 9d71c7e9
*** SHOWDOWN ***
9d71c7e9 collected $10 from pot
*** SUMMARY ***
Total pot $10
Seat 6: b9cb426(big blind) folded before Flop
Seat 2: da0d7b35 folded before Flop (didn't bet)
Seat 1: a5dfc077 folded before Flop (didn't bet)
Seat 3: d0a06638 folded before Flop (didn't bet)
Seat 4: 9d71c7e9won ($10)
Seat 5: Hero(small blind) folded before Flop
Seat 7: 3a124ac4 folded before Flop (didn't bet)



Poker Hand #ring_979757985: NLH No Limit ($2/$4) - 2025/07/08 19:38:04
Table 'MR NLH 2/4' 7-max Seat #3 is the button
Seat 2: da0d7b35 ($800 in chips)
Seat 6: 834347da ($1,149.67 in chips)
Seat 1: a5dfc077 ($414 in chips)
Seat 3: d0a06638 ($1,519.72 in chips)
Seat 4: 9d71c7e9 ($179.12 in chips)
Seat 5: Hero ($1,087.58 in chips)
Seat 7: 3a124ac4 ($172 in chips)
9d71c7e9: posts small blind $2
Hero: posts big blind $4
da0d7b35: posts big blind $4
*** HOLE CARDS ***
Dealt to da0d7b35 
Dealt to 834347da 
Dealt to a5dfc077 
Dealt to d0a06638 
Dealt to 9d71c7e9 
Dealt to Hero [3s 9s]
Dealt to 3a124ac4 
834347da: folds
3a124ac4: folds
a5dfc077: folds
da0d7b35: checks
d0a06638: folds
9d71c7e9: calls $2
Hero: checks
*** FLOP *** [5d Qc 7d]
9d71c7e9: bets $12
Hero: folds
da0d7b35: folds
Uncalled bet ($12) returned to 9d71c7e9
*** SHOWDOWN ***
9d71c7e9 collected $12 from pot
*** SUMMARY ***
Total pot $12
Board [5d Qc 7d]
Seat 2: da0d7b35 folded on the Flop
Seat 6: 834347da folded before Flop (didn't bet)
Seat 1: a5dfc077 folded before Flop (didn't bet)
Seat 3: d0a06638 folded before Flop (didn't bet)
Seat 4: 9d71c7e9(small blind)won ($12) with Pair of Queens
Seat 5: Hero(big blind) folded on the Flop
Seat 7: 3a124ac4 folded before Flop (didn't bet)



Poker Hand #ring_979756930: NLH No Limit ($2/$4) - 2025/07/08 19:37:24
Table 'MR NLH 2/4' 7-max Seat #0 is the button
Seat 6: 834347da ($1,125.38 in chips)
Seat 1: a5dfc077 ($414 in chips)
Seat 3: d0a06638 ($1,521.72 in chips)
Seat 4: 9d71c7e9 ($191.12 in chips)
Seat 5: Hero ($1,087.58 in chips)
Seat 7: 3a124ac4 ($184 in chips)
d0a06638: posts small blind $2
9d71c7e9: posts big blind $4
*** HOLE CARDS ***
Dealt to 834347da 
Dealt to a5dfc077 
Dealt to d0a06638 
Dealt to 9d71c7e9 
Dealt to Hero [Qs Tc]
Dealt to 3a124ac4 
Hero: folds
834347da: raises $8 to $12
3a124ac4: calls $12
a5dfc077: folds
d0a06638: folds
9d71c7e9: calls $8
*** FLOP *** [2d 7s Ks]
9d71c7e9: checks
834347da: checks
3a124ac4: checks
*** TURN *** [2d 7s Ks] [2s]
9d71c7e9: checks
834347da: bets $12.54
3a124ac4: folds
9d71c7e9: folds
Uncalled bet ($12.54) returned to 834347da
*** SHOWDOWN ***
834347da collected $38 from pot
*** SUMMARY ***
Total pot $38
Board [2d 7s Ks 2s]
Seat 6: 834347dawon ($38) with Pair of Fives and Pair of Twos
Seat 1: a5dfc077 folded before Flop (didn't bet)
Seat 3: d0a06638(small blind) folded before Flop
Seat 4: 9d71c7e9(big blind) folded on the Turn
Seat 5: Hero folded before Flop (didn't bet)
Seat 7: 3a124ac4 folded on the Turn



Poker Hand #ring_979756302: NLH No Limit ($2/$4) - 2025/07/08 19:37:01
Table 'MR NLH 2/4' 7-max Seat #1 is the button
Seat 6: 834347da ($1,125.38 in chips)
Seat 1: a5dfc077 ($414 in chips)
Seat 3: d0a06638 ($1,525.72 in chips)
Seat 4: 9d71c7e9 ($187.12 in chips)
Seat 5: Hero ($1,087.58 in chips)
Seat 7: 3a124ac4 ($184 in chips)
d0a06638: posts big blind $4
*** HOLE CARDS ***
Dealt to 834347da 
Dealt to a5dfc077 
Dealt to d0a06638 
Dealt to 9d71c7e9 
Dealt to Hero [Qh 6d]
Dealt to 3a124ac4 
9d71c7e9: raises $8 to $12
Hero: folds
834347da: folds
3a124ac4: folds
a5dfc077: folds
d0a06638: folds
Uncalled bet ($8) returned to 9d71c7e9
*** SHOWDOWN ***
9d71c7e9 collected $8 from pot
*** SUMMARY ***
Total pot $8
Seat 6: 834347da folded before Flop (didn't bet)
Seat 1: a5dfc077 folded before Flop (didn't bet)
Seat 3: d0a06638(big blind) folded before Flop
Seat 4: 9d71c7e9won ($8)
Seat 5: Hero folded before Flop (didn't bet)
Seat 7: 3a124ac4 folded before Flop (didn't bet)



Poker Hand #ring_979753145: NLH No Limit ($2/$4) - 2025/07/08 19:34:59
Table 'MR NLH 2/4' 7-max Seat #7 is the button
Seat 2: da0d7b35 ($786 in chips)
Seat 6: 834347da ($1,125.38 in chips)
Seat 1: a5dfc077 ($416 in chips)
Seat 3: d0a06638 ($800 in chips)
Seat 4: 9d71c7e9 ($187.12 in chips)
Seat 5: Hero ($1,097.58 in chips)
Seat 7: 3a124ac4 ($184 in chips)
a5dfc077: posts small blind $2
da0d7b35: posts big blind $4
*** HOLE CARDS ***
Dealt to da0d7b35 
Dealt to 834347da 
Dealt to a5dfc077 
Dealt to d0a06638 
Dealt to 9d71c7e9 
Dealt to Hero [5h 7h]
Dealt to 3a124ac4 
d0a06638: raises $6 to $10
9d71c7e9: folds
Hero: calls $10
834347da: folds
3a124ac4: folds
a5dfc077: folds
da0d7b35: calls $6
*** FLOP *** [Td 8h Kd]
da0d7b35: bets $16
d0a06638: raises $48 to $64
Hero: folds
da0d7b35: calls $48
*** TURN *** [Td 8h Kd] [5s]
da0d7b35: checks
d0a06638: bets $156
da0d7b35: calls $156
*** RIVER *** [Td 8h Kd 5s] [Kc]
da0d7b35: bets $556 and is all-in
d0a06638: calls $556
da0d7b35: shows [7c 9d]
d0a06638: shows [As Ac]
*** SHOWDOWN ***
d0a06638 collected $1,584 from pot
*** SUMMARY ***
Total pot $1,584
Board [Td 8h Kd 5s Kc]
Seat 2: da0d7b35(big blind) showed [7c 9d] and lost with Pair of Kings
Seat 6: 834347da folded before Flop (didn't bet)
Seat 1: a5dfc077(small blind) folded before Flop
Seat 3: d0a06638 showed [As Ac] and won ($1,584) with Pair of Aces and Pair of Kings
Seat 4: 9d71c7e9 folded before Flop (didn't bet)
Seat 5: Hero folded on the Flop
Seat 7: 3a124ac4 folded before Flop (didn't bet)



Poker Hand #ring_979752295: NLH No Limit ($2/$4) - 2025/07/08 19:34:28
Table 'MR NLH 2/4' 7-max Seat #6 is the button
Seat 2: da0d7b35 ($786 in chips)
Seat 6: 834347da ($1,125.38 in chips)
Seat 1: a5dfc077 ($420 in chips)
Seat 3: d0a06638 ($800 in chips)
Seat 4: 9d71c7e9 ($181.12 in chips)
Seat 5: Hero ($1,097.58 in chips)
Seat 7: 3a124ac4 ($186 in chips)
3a124ac4: posts small blind $2
a5dfc077: posts big blind $4
*** HOLE CARDS ***
Dealt to da0d7b35 
Dealt to 834347da 
Dealt to a5dfc077 
Dealt to d0a06638 
Dealt to 9d71c7e9 
Dealt to Hero [5s Qh]
Dealt to 3a124ac4 
da0d7b35: folds
d0a06638: folds
9d71c7e9: raises $4 to $8
Hero: folds
834347da: folds
3a124ac4: folds
a5dfc077: folds
Uncalled bet ($4) returned to 9d71c7e9
*** SHOWDOWN ***
9d71c7e9 collected $10 from pot
*** SUMMARY ***
Total pot $10
Seat 2: da0d7b35 folded before Flop (didn't bet)
Seat 6: 834347da folded before Flop (didn't bet)
Seat 1: a5dfc077(big blind) folded before Flop
Seat 3: d0a06638 folded before Flop (didn't bet)
Seat 4: 9d71c7e9won ($10)
Seat 5: Hero folded before Flop (didn't bet)
Seat 7: 3a124ac4(small blind) folded before Flop



Poker Hand #ring_979751665: NLH No Limit ($2/$4) - 2025/07/08 19:34:02
Table 'MR NLH 2/4' 7-max Seat #5 is the button
Seat 2: da0d7b35 ($780 in chips)
Seat 6: 834347da ($1,127.38 in chips)
Seat 3: d0a06638 ($800 in chips)
Seat 4: 9d71c7e9 ($181.12 in chips)
Seat 5: Hero ($1,097.58 in chips)
Seat 7: 3a124ac4 ($190 in chips)
834347da: posts small blind $2
3a124ac4: posts big blind $4
*** HOLE CARDS ***
Dealt to da0d7b35 
Dealt to 834347da 
Dealt to d0a06638 
Dealt to 9d71c7e9 
Dealt to Hero [6d Ts]
Dealt to 3a124ac4 
da0d7b35: raises $4 to $8
d0a06638: folds
9d71c7e9: folds
Hero: folds
834347da: folds
3a124ac4: folds
Uncalled bet ($4) returned to da0d7b35
*** SHOWDOWN ***
da0d7b35 collected $10 from pot
*** SUMMARY ***
Total pot $10
Seat 2: da0d7b35won ($10)
Seat 6: 834347da(small blind) folded before Flop
Seat 3: d0a06638 folded before Flop (didn't bet)
Seat 4: 9d71c7e9 folded before Flop (didn't bet)
Seat 5: Hero folded before Flop (didn't bet)
Seat 7: 3a124ac4(big blind) folded before Flop



Poker Hand #ring_979750609: NLH No Limit ($2/$4) - 2025/07/08 19:33:21
Table 'MR NLH 2/4' 7-max Seat #4 is the button
Seat 2: da0d7b35 ($796 in chips)
Seat 6: 834347da ($1,131.38 in chips)
Seat 3: d0a06638 ($800 in chips)
Seat 4: 9d71c7e9 ($160.83 in chips)
Seat 5: Hero ($1,099.58 in chips)
Seat 7: 3a124ac4 ($190 in chips)
Hero: posts small blind $2
834347da: posts big blind $4
*** HOLE CARDS ***
Dealt to da0d7b35 
Dealt to 834347da 
Dealt to d0a06638 
Dealt to 9d71c7e9 
Dealt to Hero [9c 3h]
Dealt to 3a124ac4 
3a124ac4: folds
da0d7b35: raises $12 to $16
d0a06638: folds
9d71c7e9: calls $16
Hero: folds
834347da: folds
*** FLOP *** [Ts 9d 2h]
da0d7b35: checks
9d71c7e9: bets $38
da0d7b35: folds
Uncalled bet ($38) returned to 9d71c7e9
*** SHOWDOWN ***
9d71c7e9 collected $38 from pot
*** SUMMARY ***
Total pot $38
Board [Ts 9d 2h]
Seat 2: da0d7b35 folded on the Flop
Seat 6: 834347da(big blind) folded before Flop
Seat 3: d0a06638 folded before Flop (didn't bet)
Seat 4: 9d71c7e9won ($38) with Pair of Tens
Seat 5: Hero(small blind) folded before Flop
Seat 7: 3a124ac4 folded before Flop (didn't bet)



Poker Hand #ring_979748890: NLH No Limit ($2/$4) - 2025/07/08 19:32:13
Table 'MR NLH 2/4' 7-max Seat #3 is the button
Seat 2: da0d7b35 ($800 in chips)
Seat 6: 834347da ($1,131.38 in chips)
Seat 3: d0a06638 ($800 in chips)
Seat 4: 9d71c7e9 ($188.83 in chips)
Seat 5: Hero ($1,067.46 in chips)
Seat 7: 3a124ac4 ($194 in chips)
9d71c7e9: posts small blind $2
Hero: posts big blind $4
*** HOLE CARDS ***
Dealt to da0d7b35 
Dealt to 834347da 
Dealt to d0a06638 
Dealt to 9d71c7e9 
Dealt to Hero [3h 8c]
Dealt to 3a124ac4 
834347da: folds
3a124ac4: calls $4
da0d7b35: calls $4
d0a06638: folds
9d71c7e9: calls $2
Hero: checks
*** FLOP *** [8h 9d 6s]
9d71c7e9: checks
Hero: checks
3a124ac4: checks
da0d7b35: checks
*** TURN *** [8h 9d 6s] [8s]
9d71c7e9: bets $8
Hero: calls $8
3a124ac4: folds
da0d7b35: folds
*** RIVER *** [8h 9d 6s 8s] [Kh]
9d71c7e9: bets $16
Hero: calls $16
9d71c7e9: shows [4c 3d]
Hero: shows [3h 8c]
*** SHOWDOWN ***
Hero collected $64 from pot
*** SUMMARY ***
Total pot $64
Board [8h 9d 6s 8s Kh]
Seat 2: da0d7b35 folded on the Turn
Seat 6: 834347da folded before Flop (didn't bet)
Seat 3: d0a06638 folded before Flop (didn't bet)
Seat 4: 9d71c7e9(small blind) showed [4c 3d] and lost with Pair of Eights
Seat 5: Hero(big blind) showed [3h 8c] and won ($64) with Three Eights
Seat 7: 3a124ac4 folded on the Turn



Poker Hand #ring_979747889: NLH No Limit ($2/$4) - 2025/07/08 19:31:37
Table 'MR NLH 2/4' 7-max Seat #2 is the button
Seat 2: da0d7b35 ($800 in chips)
Seat 6: 834347da ($1,079.38 in chips)
Seat 3: d0a06638 ($800 in chips)
Seat 4: 9d71c7e9 ($192.83 in chips)
Seat 5: Hero ($1,067.46 in chips)
Seat 7: 3a124ac4 ($194 in chips)
d0a06638: posts small blind $2
9d71c7e9: posts big blind $4
*** HOLE CARDS ***
Dealt to da0d7b35 
Dealt to 834347da 
Dealt to d0a06638 
Dealt to 9d71c7e9 
Dealt to Hero [5h 4s]
Dealt to 3a124ac4 
Hero: folds
834347da: raises $8 to $12
3a124ac4: folds
da0d7b35: folds
d0a06638: raises $36 to $48
9d71c7e9: folds
834347da: raises $75 to $123
d0a06638: folds
Uncalled bet ($75) returned to 834347da
*** SHOWDOWN ***
834347da collected $100 from pot
*** SUMMARY ***
Total pot $100
Seat 2: da0d7b35 folded before Flop (didn't bet)
Seat 6: 834347dawon ($100)
Seat 3: d0a06638(small blind) folded before Flop
Seat 4: 9d71c7e9(big blind) folded before Flop
Seat 5: Hero folded before Flop (didn't bet)
Seat 7: 3a124ac4 folded before Flop (didn't bet)



Poker Hand #ring_979747091: NLH No Limit ($2/$4) - 2025/07/08 19:31:05
Table 'MR NLH 2/4' 7-max Seat #7 is the button
Seat 2: da0d7b35 ($376.23 in chips)
Seat 6: 834347da ($1,079.38 in chips)
Seat 3: d0a06638 ($798.02 in chips)
Seat 4: 9d71c7e9 ($180 in chips)
Seat 5: Hero ($1,067.46 in chips)
Seat 7: 3a124ac4 ($194 in chips)
da0d7b35: posts small blind $2
d0a06638: posts big blind $4
*** HOLE CARDS ***
Dealt to da0d7b35 
Dealt to 834347da 
Dealt to d0a06638 
Dealt to 9d71c7e9 
Dealt to Hero [Ah 3d]
Dealt to 3a124ac4 
9d71c7e9: raises $8 to $12
Hero: folds
834347da: folds
3a124ac4: folds
da0d7b35: folds
d0a06638: calls $8
*** FLOP *** [Kd 3s Ts]
d0a06638: checks
9d71c7e9: bets $19.5
d0a06638: folds
Uncalled bet ($19.5) returned to 9d71c7e9
*** SHOWDOWN ***
9d71c7e9 collected $26 from pot
*** SUMMARY ***
Total pot $26
Board [Kd 3s Ts]
Seat 2: da0d7b35(small blind) folded before Flop
Seat 6: 834347da folded before Flop (didn't bet)
Seat 3: d0a06638(big blind) folded on the Flop
Seat 4: 9d71c7e9won ($26) with Pair of Tens
Seat 5: Hero folded before Flop (didn't bet)
Seat 7: 3a124ac4 folded before Flop (didn't bet)



Poker Hand #ring_979746667: NLH No Limit ($2/$4) - 2025/07/08 19:30:48
Table 'MR NLH 2/4' 7-max Seat #6 is the button
Seat 2: da0d7b35 ($374.23 in chips)
Seat 6: 834347da ($1,079.38 in chips)
Seat 3: d0a06638 ($798.02 in chips)
Seat 4: 9d71c7e9 ($180 in chips)
Seat 5: Hero ($1,067.46 in chips)
Seat 7: 3a124ac4 ($196 in chips)
3a124ac4: posts small blind $2
da0d7b35: posts big blind $4
*** HOLE CARDS ***
Dealt to da0d7b35 
Dealt to 834347da 
Dealt to d0a06638 
Dealt to 9d71c7e9 
Dealt to Hero [Tc 5h]
Dealt to 3a124ac4 
d0a06638: folds
9d71c7e9: folds
Hero: folds
834347da: folds
3a124ac4: folds
*** SHOWDOWN ***
da0d7b35 collected $6 from pot
*** SUMMARY ***
Total pot $6
Seat 2: da0d7b35(big blind)won ($6)
Seat 6: 834347da folded before Flop (didn't bet)
Seat 3: d0a06638 folded before Flop (didn't bet)
Seat 4: 9d71c7e9 folded before Flop (didn't bet)
Seat 5: Hero folded before Flop (didn't bet)
Seat 7: 3a124ac4(small blind) folded before Flop



Poker Hand #ring_979744061: NLH No Limit ($2/$4) - 2025/07/08 19:29:08
Table 'MR NLH 2/4' 7-max Seat #5 is the button
Seat 2: da0d7b35 ($833.77 in chips)
Seat 6: 834347da ($1,081.38 in chips)
Seat 1: b287851 ($837.93 in chips)
Seat 3: d0a06638 ($818.02 in chips)
Seat 4: 9d71c7e9 ($200 in chips)
Seat 5: Hero ($606.34 in chips)
Seat 7: 3a124ac4 ($200 in chips)
834347da: posts small blind $2
3a124ac4: posts big blind $4
9d71c7e9: posts big blind $4
*** HOLE CARDS ***
Dealt to da0d7b35 
Dealt to 834347da 
Dealt to b287851 
Dealt to d0a06638 
Dealt to 9d71c7e9 
Dealt to Hero [Th Jc]
Dealt to 3a124ac4 
b287851: folds
da0d7b35: calls $4
d0a06638: raises $16 to $20
9d71c7e9: calls $16
Hero: calls $20
834347da: folds
3a124ac4: folds
da0d7b35: calls $16
*** FLOP *** [Ts Qs Jh]
da0d7b35: checks
d0a06638: checks
9d71c7e9: checks
Hero: checks
*** TURN *** [Ts Qs Jh] [Td]
da0d7b35: bets $28.38
d0a06638: folds
9d71c7e9: folds
Hero: raises $114.21 to $142.59
da0d7b35: calls $114.21
*** RIVER *** [Ts Qs Jh Td] [7c]
da0d7b35: checks
Hero: bets $296.95
da0d7b35: calls $296.95
da0d7b35: shows [Kd 9s]
Hero: shows [Th Jc]
*** SHOWDOWN ***
Hero collected $965.08 from pot
*** SUMMARY ***
Total pot $965.08
Board [Ts Qs Jh Td 7c]
Seat 2: da0d7b35 showed [Kd 9s] and lost with Kings-High Straight
Seat 6: 834347da(small blind) folded before Flop
Seat 1: b287851 folded before Flop (didn't bet)
Seat 3: d0a06638 folded on the Turn
Seat 4: 9d71c7e9 folded on the Turn
Seat 5: Hero showed [Th Jc] and won ($965.08) with Tens Full over Jacks
Seat 7: 3a124ac4(big blind) folded before Flop



Poker Hand #ring_979742893: NLH No Limit ($2/$4) - 2025/07/08 19:28:24
Table 'MR NLH 2/4' 7-max Seat #3 is the button
Seat 2: da0d7b35 ($833.77 in chips)
Seat 6: 834347da ($1,102.38 in chips)
Seat 1: b287851 ($837.93 in chips)
Seat 3: d0a06638 ($798 in chips)
Seat 5: Hero ($608.34 in chips)
Seat 7: 3a124ac4 ($200 in chips)
Hero: posts small blind $2
834347da: posts big blind $4
*** HOLE CARDS ***
Dealt to da0d7b35 
Dealt to 834347da 
Dealt to b287851 
Dealt to d0a06638 
Dealt to Hero [Jd 3s]
Dealt to 3a124ac4 
3a124ac4: folds
b287851: folds
da0d7b35: folds
d0a06638: raises $6 to $10
Hero: folds
834347da: calls $6
*** FLOP *** [5h Js 9s]
834347da: checks
d0a06638: bets $11
834347da: calls $11
*** TURN *** [5h Js 9s] [Ac]
834347da: checks
d0a06638: bets $64
834347da: folds
Uncalled bet ($64) returned to d0a06638
*** SHOWDOWN ***
d0a06638 collected $44 from pot
*** SUMMARY ***
Total pot $44
Board [5h Js 9s Ac]
Seat 2: da0d7b35 folded before Flop (didn't bet)
Seat 6: 834347da(big blind) folded on the Turn
Seat 1: b287851 folded before Flop (didn't bet)
Seat 3: d0a06638won ($44) with Pair of Aces
Seat 5: Hero(small blind) folded before Flop
Seat 7: 3a124ac4 folded before Flop (didn't bet)



Poker Hand #ring_979741574: NLH No Limit ($2/$4) - 2025/07/08 19:27:34
Table 'MR NLH 2/4' 7-max Seat #2 is the button
Seat 2: da0d7b35 ($820.94 in chips)
Seat 6: 834347da ($1,102.38 in chips)
Seat 1: b287851 ($837.93 in chips)
Seat 3: d0a06638 ($800 in chips)
Seat 5: Hero ($620.34 in chips)
Seat 7: 3a124ac4 ($200 in chips)
d0a06638: posts small blind $2
Hero: posts big blind $4
*** HOLE CARDS ***
Dealt to da0d7b35 
Dealt to 834347da 
Dealt to b287851 
Dealt to d0a06638 
Dealt to Hero [5d As]
Dealt to 3a124ac4 
834347da: folds
3a124ac4: folds
b287851: folds
da0d7b35: raises $8 to $12
d0a06638: folds
Hero: calls $8
*** FLOP *** [2c Kd 9h]
Hero: checks
da0d7b35: checks
*** TURN *** [2c Kd 9h] [Jc]
Hero: checks
da0d7b35: checks
*** RIVER *** [2c Kd 9h Jc] [7d]
Hero: checks
da0d7b35: checks
da0d7b35: shows [Ac Qd]
Hero: shows [5d As]
*** SHOWDOWN ***
da0d7b35 collected $26 from pot
*** SUMMARY ***
Total pot $26
Board [2c Kd 9h Jc 7d]
Seat 2: da0d7b35 showed [Ac Qd] and won ($26) with Ace-High
Seat 6: 834347da folded before Flop (didn't bet)
Seat 1: b287851 folded before Flop (didn't bet)
Seat 3: d0a06638(small blind) folded before Flop
Seat 5: Hero(big blind) showed [5d As] and lost with Ace-High
Seat 7: 3a124ac4 folded before Flop (didn't bet)



Poker Hand #ring_979740995: NLH No Limit ($2/$4) - 2025/07/08 19:27:10
Table 'MR NLH 2/4' 7-max Seat #1 is the button
Seat 2: da0d7b35 ($822.94 in chips)
Seat 6: 834347da ($1,102.38 in chips)
Seat 1: b287851 ($837.93 in chips)
Seat 3: d0a06638 ($798 in chips)
Seat 5: Hero ($620.34 in chips)
Seat 7: 3a124ac4 ($194 in chips)
da0d7b35: posts small blind $2
d0a06638: posts big blind $4
*** HOLE CARDS ***
Dealt to da0d7b35 
Dealt to 834347da 
Dealt to b287851 
Dealt to d0a06638 
Dealt to Hero [5s Qd]
Dealt to 3a124ac4 
Hero: folds
834347da: folds
3a124ac4: raises $8 to $12
b287851: folds
da0d7b35: folds
d0a06638: folds
Uncalled bet ($8) returned to 3a124ac4
*** SHOWDOWN ***
3a124ac4 collected $10 from pot
*** SUMMARY ***
Total pot $10
Seat 2: da0d7b35(small blind) folded before Flop
Seat 6: 834347da folded before Flop (didn't bet)
Seat 1: b287851 folded before Flop (didn't bet)
Seat 3: d0a06638(big blind) folded before Flop
Seat 5: Hero folded before Flop (didn't bet)
Seat 7: 3a124ac4won ($10)



Poker Hand #ring_979739890: NLH No Limit ($2/$4) - 2025/07/08 19:26:28
Table 'MR NLH 2/4' 7-max Seat #7 is the button
Seat 2: da0d7b35 ($832.94 in chips)
Seat 6: 834347da ($1,102.38 in chips)
Seat 1: b287851 ($828.83 in chips)
Seat 3: d0a06638 ($798 in chips)
Seat 5: Hero ($620.34 in chips)
Seat 7: 3a124ac4 ($194 in chips)
b287851: posts small blind $2
da0d7b35: posts big blind $4
*** HOLE CARDS ***
Dealt to da0d7b35 
Dealt to 834347da 
Dealt to b287851 
Dealt to d0a06638 
Dealt to Hero [6s 2d]
Dealt to 3a124ac4 
d0a06638: folds
Hero: folds
834347da: folds
3a124ac4: folds
b287851: raises $6 to $10
da0d7b35: calls $6
*** FLOP *** [8c 8s 5d]
b287851: bets $10
da0d7b35: folds
Uncalled bet ($10) returned to b287851
*** SHOWDOWN ***
b287851 collected $20 from pot
*** SUMMARY ***
Total pot $20
Board [8c 8s 5d]
Seat 2: da0d7b35(big blind) folded on the Flop
Seat 6: 834347da folded before Flop (didn't bet)
Seat 1: b287851(small blind)won ($20) with Pair of Eights
Seat 3: d0a06638 folded before Flop (didn't bet)
Seat 5: Hero folded before Flop (didn't bet)
Seat 7: 3a124ac4 folded before Flop (didn't bet)



Poker Hand #ring_979739211: NLH No Limit ($2/$4) - 2025/07/08 19:26:02
Table 'MR NLH 2/4' 7-max Seat #6 is the button
Seat 2: da0d7b35 ($832.94 in chips)
Seat 6: 834347da ($1,102.38 in chips)
Seat 1: b287851 ($832.83 in chips)
Seat 3: d0a06638 ($798 in chips)
Seat 5: Hero ($614.34 in chips)
Seat 7: 3a124ac4 ($196 in chips)
3a124ac4: posts small blind $2
b287851: posts big blind $4
*** HOLE CARDS ***
Dealt to da0d7b35 
Dealt to 834347da 
Dealt to b287851 
Dealt to d0a06638 
Dealt to Hero [7d 8d]
Dealt to 3a124ac4 
da0d7b35: folds
d0a06638: folds
Hero: raises $8 to $12
834347da: folds
3a124ac4: folds
b287851: folds
Uncalled bet ($8) returned to Hero
*** SHOWDOWN ***
Hero collected $10 from pot
*** SUMMARY ***
Total pot $10
Seat 2: da0d7b35 folded before Flop (didn't bet)
Seat 6: 834347da folded before Flop (didn't bet)
Seat 1: b287851(big blind) folded before Flop
Seat 3: d0a06638 folded before Flop (didn't bet)
Seat 5: Herowon ($10)
Seat 7: 3a124ac4(small blind) folded before Flop



Poker Hand #ring_979737746: NLH No Limit ($2/$4) - 2025/07/08 19:25:06
Table 'MR NLH 2/4' 7-max Seat #5 is the button
Seat 2: da0d7b35 ($849.53 in chips)
Seat 6: 834347da ($1,104.38 in chips)
Seat 1: b287851 ($812 in chips)
Seat 3: d0a06638 ($798 in chips)
Seat 5: Hero ($614.34 in chips)
Seat 7: 3a124ac4 ($200 in chips)
834347da: posts small blind $2
3a124ac4: posts big blind $4
*** HOLE CARDS ***
Dealt to da0d7b35 
Dealt to 834347da 
Dealt to b287851 
Dealt to d0a06638 
Dealt to Hero [Qs 2c]
Dealt to 3a124ac4 
b287851: raises $4.8 to $8.8
da0d7b35: calls $8.8
d0a06638: folds
Hero: folds
834347da: folds
3a124ac4: folds
*** FLOP *** [7d 6h Ks]
b287851: checks
da0d7b35: checks
*** TURN *** [7d 6h Ks] [3c]
b287851: bets $7.79
da0d7b35: calls $7.79
*** RIVER *** [7d 6h Ks 3c] [5s]
b287851: checks
da0d7b35: checks
b287851: shows [7h 9h]
da0d7b35: shows [6s Js]
*** SHOWDOWN ***
b287851 collected $39.18 from pot
*** SUMMARY ***
Total pot $39.18
Board [7d 6h Ks 3c 5s]
Seat 2: da0d7b35 showed [6s Js] and lost with Pair of Sixes
Seat 6: 834347da(small blind) folded before Flop
Seat 1: b287851 showed [7h 9h] and won ($39.18) with Pair of Sevens
Seat 3: d0a06638 folded before Flop (didn't bet)
Seat 5: Hero folded before Flop (didn't bet)
Seat 7: 3a124ac4(big blind) folded before Flop



Poker Hand #ring_979736970: NLH No Limit ($2/$4) - 2025/07/08 19:24:36
Table 'MR NLH 2/4' 7-max Seat #3 is the button
Seat 2: da0d7b35 ($849.53 in chips)
Seat 6: 834347da ($1,108.38 in chips)
Seat 1: b287851 ($806 in chips)
Seat 3: d0a06638 ($798 in chips)
Seat 5: Hero ($616.34 in chips)
Hero: posts small blind $2
834347da: posts big blind $4
*** HOLE CARDS ***
Dealt to da0d7b35 
Dealt to 834347da 
Dealt to b287851 
Dealt to d0a06638 
Dealt to Hero [2d 9h]
b287851: raises $4.8 to $8.8
da0d7b35: folds
d0a06638: folds
Hero: folds
834347da: folds
Uncalled bet ($4.8) returned to b287851
*** SHOWDOWN ***
b287851 collected $10 from pot
*** SUMMARY ***
Total pot $10
Seat 2: da0d7b35 folded before Flop (didn't bet)
Seat 6: 834347da(big blind) folded before Flop
Seat 1: b287851won ($10)
Seat 3: d0a06638 folded before Flop (didn't bet)
Seat 5: Hero(small blind) folded before Flop



Poker Hand #ring_979736123: NLH No Limit ($2/$4) - 2025/07/08 19:24:03
Table 'MR NLH 2/4' 7-max Seat #2 is the button
Seat 2: da0d7b35 ($849.53 in chips)
Seat 6: 834347da ($1,095.55 in chips)
Seat 1: b287851 ($806 in chips)
Seat 3: d0a06638 ($800 in chips)
Seat 5: Hero ($628.34 in chips)
d0a06638: posts small blind $2
Hero: posts big blind $4
*** HOLE CARDS ***
Dealt to da0d7b35 
Dealt to 834347da 
Dealt to b287851 
Dealt to d0a06638 
Dealt to Hero [Ks 7h]
834347da: raises $8 to $12
b287851: folds
da0d7b35: folds
d0a06638: folds
Hero: calls $8
*** FLOP *** [8s Ac Ts]
Hero: checks
834347da: bets $13
Hero: folds
Uncalled bet ($13) returned to 834347da
*** SHOWDOWN ***
834347da collected $26 from pot
*** SUMMARY ***
Total pot $26
Board [8s Ac Ts]
Seat 2: da0d7b35 folded before Flop (didn't bet)
Seat 6: 834347dawon ($26) with Ace-High
Seat 1: b287851 folded before Flop (didn't bet)
Seat 3: d0a06638(small blind) folded before Flop
Seat 5: Hero(big blind) folded on the Flop



Poker Hand #ring_979735624: NLH No Limit ($2/$4) - 2025/07/08 19:23:45
Table 'MR NLH 2/4' 7-max Seat #1 is the button
Seat 2: da0d7b35 ($851.53 in chips)
Seat 6: 834347da ($1,095.55 in chips)
Seat 1: b287851 ($800 in chips)
Seat 3: d0a06638 ($798 in chips)
Seat 5: Hero ($628.34 in chips)
da0d7b35: posts small blind $2
d0a06638: posts big blind $4
*** HOLE CARDS ***
Dealt to da0d7b35 
Dealt to 834347da 
Dealt to b287851 
Dealt to d0a06638 
Dealt to Hero [9c 3h]
Hero: folds
834347da: folds
b287851: raises $6 to $10
da0d7b35: folds
d0a06638: folds
Uncalled bet ($6) returned to b287851
*** SHOWDOWN ***
b287851 collected $10 from pot
*** SUMMARY ***
Total pot $10
Seat 2: da0d7b35(small blind) folded before Flop
Seat 6: 834347da folded before Flop (didn't bet)
Seat 1: b287851won ($10)
Seat 3: d0a06638(big blind) folded before Flop
Seat 5: Hero folded before Flop (didn't bet)



Poker Hand #ring_979734230: NLH No Limit ($2/$4) - 2025/07/08 19:22:50
Table 'MR NLH 2/4' 7-max Seat #6 is the button
Seat 2: da0d7b35 ($847.37 in chips)
Seat 6: 834347da ($1,091.39 in chips)
Seat 1: b287851 ($812 in chips)
Seat 3: d0a06638 ($798 in chips)
Seat 5: Hero ($628.34 in chips)
b287851: posts small blind $2
da0d7b35: posts big blind $4
*** HOLE CARDS ***
Dealt to da0d7b35 
Dealt to 834347da 
Dealt to b287851 
Dealt to d0a06638 
Dealt to Hero [5s 9h]
d0a06638: folds
Hero: folds
834347da: raises $8 to $12
b287851: calls $10
da0d7b35: calls $8
*** FLOP *** [Tc Jd 8s]
b287851: checks
da0d7b35: checks
834347da: checks
*** TURN *** [Tc Jd 8s] [Kh]
b287851: checks
da0d7b35: checks
834347da: checks
*** RIVER *** [Tc Jd 8s Kh] [Qh]
b287851: checks
da0d7b35: bets $11.88
834347da: calls $11.88
b287851: folds
da0d7b35: shows [Ah 9d]
834347da: shows [Ac 7s]
*** SHOWDOWN ***
da0d7b35 collected $29.88 from pot
834347da collected $29.88 from pot
*** SUMMARY ***
Total pot $59.76
Board [Tc Jd 8s Kh Qh]
Seat 2: da0d7b35(big blind) showed [Ah 9d] and won ($29.88) with Aces-High Straight
Seat 6: 834347da showed [Ac 7s] and won ($29.88) with Aces-High Straight
Seat 1: b287851(small blind) folded on the River
Seat 3: d0a06638 folded before Flop (didn't bet)
Seat 5: Hero folded before Flop (didn't bet)



Poker Hand #ring_979733439: NLH No Limit ($2/$4) - 2025/07/08 19:22:20
Table 'MR NLH 2/4' 7-max Seat #5 is the button
Seat 2: da0d7b35 ($847.37 in chips)
Seat 6: 834347da ($1,103.39 in chips)
Seat 1: b287851 ($800 in chips)
Seat 3: d0a06638 ($798 in chips)
Seat 5: Hero ($628.34 in chips)
834347da: posts small blind $2
b287851: posts big blind $4
*** HOLE CARDS ***
Dealt to da0d7b35 
Dealt to 834347da 
Dealt to b287851 
Dealt to d0a06638 
Dealt to Hero [Qs 5c]
da0d7b35: folds
d0a06638: folds
Hero: folds
834347da: raises $8 to $12
b287851: raises $40 to $52
834347da: folds
Uncalled bet ($40) returned to b287851
*** SHOWDOWN ***
b287851 collected $24 from pot
*** SUMMARY ***
Total pot $24
Seat 2: da0d7b35 folded before Flop (didn't bet)
Seat 6: 834347da(small blind) folded before Flop
Seat 1: b287851(big blind)won ($24)
Seat 3: d0a06638 folded before Flop (didn't bet)
Seat 5: Hero folded before Flop (didn't bet)



Poker Hand #ring_979731828: NLH No Limit ($2/$4) - 2025/07/08 19:21:18
Table 'MR NLH 2/4' 7-max Seat #3 is the button
Seat 2: da0d7b35 ($847.37 in chips)
Seat 6: 834347da ($1,089.83 in chips)
Seat 1: b287851 ($800 in chips)
Seat 3: d0a06638 ($798 in chips)
Seat 5: Hero ($630.34 in chips)
Hero: posts small blind $2
834347da: posts big blind $4
*** HOLE CARDS ***
Dealt to da0d7b35 
Dealt to 834347da 
Dealt to b287851 
Dealt to d0a06638 
Dealt to Hero [6c Ad]
b287851: raises $4.8 to $8.8
da0d7b35: folds
d0a06638: folds
Hero: folds
834347da: calls $4.8
*** FLOP *** [5h Kh Th]
834347da: checks
b287851: bets $4
834347da: calls $4
*** TURN *** [5h Kh Th] [4h]
834347da: bets $9.1
b287851: folds
Uncalled bet ($9.1) returned to 834347da
*** SHOWDOWN ***
834347da collected $27.6 from pot
*** SUMMARY ***
Total pot $27.6
Board [5h Kh Th 4h]
Seat 2: da0d7b35 folded before Flop (didn't bet)
Seat 6: 834347da(big blind)won ($27.6) with Pair of Kings
Seat 1: b287851 folded on the Turn
Seat 3: d0a06638 folded before Flop (didn't bet)
Seat 5: Hero(small blind) folded before Flop



Poker Hand #ring_979731185: NLH No Limit ($2/$4) - 2025/07/08 19:20:54
Table 'MR NLH 2/4' 7-max Seat #2 is the button
Seat 2: da0d7b35 ($847.37 in chips)
Seat 6: 834347da ($1,077 in chips)
Seat 1: b287851 ($800 in chips)
Seat 3: d0a06638 ($800 in chips)
Seat 5: Hero ($642.34 in chips)
d0a06638: posts small blind $2
Hero: posts big blind $4
*** HOLE CARDS ***
Dealt to da0d7b35 
Dealt to 834347da 
Dealt to b287851 
Dealt to d0a06638 
Dealt to Hero [4d Ad]
834347da: raises $8 to $12
b287851: folds
da0d7b35: folds
d0a06638: folds
Hero: calls $8
*** FLOP *** [7s Qs Kh]
Hero: checks
834347da: bets $8.58
Hero: folds
Uncalled bet ($8.58) returned to 834347da
*** SHOWDOWN ***
834347da collected $26 from pot
*** SUMMARY ***
Total pot $26
Board [7s Qs Kh]
Seat 2: da0d7b35 folded before Flop (didn't bet)
Seat 6: 834347dawon ($26) with Pair of Kings
Seat 1: b287851 folded before Flop (didn't bet)
Seat 3: d0a06638(small blind) folded before Flop
Seat 5: Hero(big blind) folded on the Flop



Poker Hand #ring_979729976: NLH No Limit ($2/$4) - 2025/07/08 19:20:08
Table 'MR NLH 2/4' 7-max Seat #1 is the button
Seat 2: da0d7b35 ($815.37 in chips)
Seat 6: 834347da ($1,077 in chips)
Seat 1: b287851 ($800 in chips)
Seat 3: d0a06638 ($800 in chips)
Seat 5: Hero ($642.34 in chips)
da0d7b35: posts small blind $2
d0a06638: posts big blind $4
*** HOLE CARDS ***
Dealt to da0d7b35 
Dealt to 834347da 
Dealt to b287851 
Dealt to d0a06638 
Dealt to Hero [3h 2c]
Hero: folds
834347da: folds
b287851: folds
da0d7b35: raises $4 to $8
d0a06638: raises $24 to $32
da0d7b35: raises $783.37 to $815.37 and is all-in
d0a06638: folds
Uncalled bet ($783.37) returned to da0d7b35
*** SHOWDOWN ***
da0d7b35 collected $64 from pot
*** SUMMARY ***
Total pot $64
Seat 2: da0d7b35(small blind)won ($64)
Seat 6: 834347da folded before Flop (didn't bet)
Seat 1: b287851 folded before Flop (didn't bet)
Seat 3: d0a06638(big blind) folded before Flop
Seat 5: Hero folded before Flop (didn't bet)



Poker Hand #ring_979727372: NLH No Limit ($2/$4) - 2025/07/08 19:18:29
Table 'MR NLH 2/4' 7-max Seat #6 is the button
Seat 2: da0d7b35 ($699.89 in chips)
Seat 6: 834347da ($1,077 in chips)
Seat 1: b287851 ($802 in chips)
Seat 5: Hero ($642.34 in chips)
b287851: posts small blind $2
da0d7b35: posts big blind $4
*** HOLE CARDS ***
Dealt to da0d7b35 
Dealt to 834347da 
Dealt to b287851 
Dealt to Hero [Kh 6s]
Hero: folds
834347da: folds
b287851: raises $6 to $10
da0d7b35: calls $6
*** FLOP *** [Qs 8c 9h]
b287851: bets $14
da0d7b35: calls $14
*** TURN *** [Qs 8c 9h] [Ah]
b287851: bets $31.2
da0d7b35: calls $31.2
*** RIVER *** [Qs 8c 9h Ah] [5s]
b287851: bets $72.8
da0d7b35: calls $72.8
b287851: shows [Jc Ac]
da0d7b35: shows [Qd 5d]
*** SHOWDOWN ***
da0d7b35 collected $256 from pot
*** SUMMARY ***
Total pot $256
Board [Qs 8c 9h Ah 5s]
Seat 2: da0d7b35(big blind) showed [Qd 5d] and won ($256) with Pair of Queens and Pair of Fives
Seat 6: 834347da folded before Flop (didn't bet)
Seat 1: b287851(small blind) showed [Jc Ac] and lost with Pair of Aces
Seat 5: Hero folded before Flop (didn't bet)



Poker Hand #ring_979726680: NLH No Limit ($2/$4) - 2025/07/08 19:18:05
Table 'MR NLH 2/4' 7-max Seat #5 is the button
Seat 2: da0d7b35 ($693.89 in chips)
Seat 6: 834347da ($1,079 in chips)
Seat 1: b287851 ($806 in chips)
Seat 5: Hero ($642.34 in chips)
834347da: posts small blind $2
b287851: posts big blind $4
*** HOLE CARDS ***
Dealt to da0d7b35 
Dealt to 834347da 
Dealt to b287851 
Dealt to Hero [Kd 4d]
da0d7b35: raises $12 to $16
Hero: folds
834347da: folds
b287851: folds
Uncalled bet ($12) returned to da0d7b35
*** SHOWDOWN ***
da0d7b35 collected $10 from pot
*** SUMMARY ***
Total pot $10
Seat 2: da0d7b35won ($10)
Seat 6: 834347da(small blind) folded before Flop
Seat 1: b287851(big blind) folded before Flop
Seat 5: Hero folded before Flop (didn't bet)



Poker Hand #ring_979726278: NLH No Limit ($2/$4) - 2025/07/08 19:17:49
Table 'MR NLH 2/4' 7-max Seat #2 is the button
Seat 2: da0d7b35 ($693.89 in chips)
Seat 6: 834347da ($1,083 in chips)
Seat 1: b287851 ($800 in chips)
Seat 5: Hero ($644.34 in chips)
Hero: posts small blind $2
834347da: posts big blind $4
*** HOLE CARDS ***
Dealt to da0d7b35 
Dealt to 834347da 
Dealt to b287851 
Dealt to Hero [4c 8c]
b287851: raises $4.8 to $8.8
da0d7b35: folds
Hero: folds
834347da: folds
Uncalled bet ($4.8) returned to b287851
*** SHOWDOWN ***
b287851 collected $10 from pot
*** SUMMARY ***
Total pot $10
Seat 2: da0d7b35 folded before Flop (didn't bet)
Seat 6: 834347da(big blind) folded before Flop
Seat 1: b287851won ($10)
Seat 5: Hero(small blind) folded before Flop



Poker Hand #ring_979725508: NLH No Limit ($2/$4) - 2025/07/08 19:17:19
Table 'MR NLH 2/4' 7-max Seat #1 is the button
Seat 2: da0d7b35 ($695.89 in chips)
Seat 6: 834347da ($1,029 in chips)
Seat 1: b287851 ($800 in chips)
Seat 5: Hero ($648.34 in chips)
da0d7b35: posts small blind $2
Hero: posts big blind $4
*** HOLE CARDS ***
Dealt to da0d7b35 
Dealt to 834347da 
Dealt to b287851 
Dealt to Hero [7d Ah]
834347da: raises $8 to $12
b287851: raises $36 to $48
da0d7b35: folds
Hero: folds
834347da: raises $102 to $150
b287851: folds
Uncalled bet ($102) returned to 834347da
*** SHOWDOWN ***
834347da collected $102 from pot
*** SUMMARY ***
Total pot $102
Seat 2: da0d7b35(small blind) folded before Flop
Seat 6: 834347dawon ($102)
Seat 1: b287851 folded before Flop
Seat 5: Hero(big blind) folded before Flop



Poker Hand #ring_979724116: NLH No Limit ($2/$4) - 2025/07/08 19:16:26
Table 'MR NLH 2/4' 7-max Seat #6 is the button
Seat 2: da0d7b35 ($669.59 in chips)
Seat 6: 834347da ($1,029 in chips)
Seat 1: b287851 ($800 in chips)
Seat 5: Hero ($648.34 in chips)
b287851: posts small blind $2
da0d7b35: posts big blind $4
*** HOLE CARDS ***
Dealt to da0d7b35 
Dealt to 834347da 
Dealt to b287851 
Dealt to Hero [6h 3s]
Hero: folds
834347da: folds
b287851: raises $6 to $10
da0d7b35: raises $20 to $30
b287851: calls $20
*** FLOP *** [Jc 5c 2h]
b287851: checks
da0d7b35: bets $45
b287851: folds
Uncalled bet ($45) returned to da0d7b35
*** SHOWDOWN ***
da0d7b35 collected $60 from pot
*** SUMMARY ***
Total pot $60
Board [Jc 5c 2h]
Seat 2: da0d7b35(big blind)won ($60) with Pair of Fives
Seat 6: 834347da folded before Flop (didn't bet)
Seat 1: b287851(small blind) folded on the Flop
Seat 5: Hero folded before Flop (didn't bet)



Poker Hand #ring_979722295: NLH No Limit ($2/$4) - 2025/07/08 19:15:15
Table 'MR NLH 2/4' 7-max Seat #5 is the button
Seat 2: da0d7b35 ($825.19 in chips)
Seat 6: 834347da ($1,031 in chips)
Seat 1: b287851 ($798 in chips)
Seat 5: Hero ($502.01 in chips)
834347da: posts small blind $2
b287851: posts big blind $4
*** HOLE CARDS ***
Dealt to da0d7b35 
Dealt to 834347da 
Dealt to b287851 
Dealt to Hero [Ks Kc]
da0d7b35: raises $12 to $16
Hero: raises $42 to $58
834347da: folds
b287851: folds
da0d7b35: calls $42
*** FLOP *** [9s 8d Th]
da0d7b35: checks
Hero: bets $97.6
da0d7b35: calls $97.6
*** TURN *** [9s 8d Th] [Ts]
da0d7b35: checks
Hero: bets $346.41 and is all-in
da0d7b35: folds
Uncalled bet ($346.41) returned to Hero
*** SHOWDOWN ***
Hero collected $317.2 from pot
*** SUMMARY ***
Total pot $317.2
Board [9s 8d Th Ts]
Seat 2: da0d7b35 folded on the Turn
Seat 6: 834347da(small blind) folded before Flop
Seat 1: b287851(big blind) folded before Flop
Seat 5: Herowon ($317.2) with Pair of Kings and Pair of Tens



Poker Hand #ring_979721710: NLH No Limit ($2/$4) - 2025/07/08 19:14:53
Table 'MR NLH 2/4' 7-max Seat #2 is the button
Seat 2: da0d7b35 ($825.19 in chips)
Seat 6: 834347da ($1,021 in chips)
Seat 1: b287851 ($798 in chips)
Seat 5: Hero ($512.01 in chips)
Hero: posts small blind $2
834347da: posts big blind $4
*** HOLE CARDS ***
Dealt to da0d7b35 
Dealt to 834347da 
Dealt to b287851 
Dealt to Hero [Qd Th]
b287851: folds
da0d7b35: folds
Hero: raises $6 to $10
834347da: raises $30 to $40
Hero: folds
Uncalled bet ($30) returned to 834347da
*** SHOWDOWN ***
834347da collected $20 from pot
*** SUMMARY ***
Total pot $20
Seat 2: da0d7b35 folded before Flop (didn't bet)
Seat 6: 834347da(big blind)won ($20)
Seat 1: b287851 folded before Flop (didn't bet)
Seat 5: Hero(small blind) folded before Flop



Poker Hand #ring_979721282: NLH No Limit ($2/$4) - 2025/07/08 19:14:37
Table 'MR NLH 2/4' 7-max Seat #1 is the button
Seat 2: da0d7b35 ($821.19 in chips)
Seat 6: 834347da ($1,021 in chips)
Seat 1: b287851 ($798 in chips)
Seat 5: Hero ($516.01 in chips)
da0d7b35: posts small blind $2
Hero: posts big blind $4
*** HOLE CARDS ***
Dealt to da0d7b35 
Dealt to 834347da 
Dealt to b287851 
Dealt to Hero [Ks 6h]
834347da: folds
b287851: folds
da0d7b35: raises $12 to $16
Hero: folds
Uncalled bet ($12) returned to da0d7b35
*** SHOWDOWN ***
da0d7b35 collected $8 from pot
*** SUMMARY ***
Total pot $8
Seat 2: da0d7b35(small blind)won ($8)
Seat 6: 834347da folded before Flop (didn't bet)
Seat 1: b287851 folded before Flop (didn't bet)
Seat 5: Hero(big blind) folded before Flop



Poker Hand #ring_979719922: NLH No Limit ($2/$4) - 2025/07/08 19:13:45
Table 'MR NLH 2/4' 7-max Seat #6 is the button
Seat 2: da0d7b35 ($896.55 in chips)
Seat 6: 834347da ($951.51 in chips)
Seat 1: b287851 ($800 in chips)
Seat 5: Hero ($516.01 in chips)
b287851: posts small blind $2
da0d7b35: posts big blind $4
*** HOLE CARDS ***
Dealt to da0d7b35 
Dealt to 834347da 
Dealt to b287851 
Dealt to Hero [4d Ah]
Hero: folds
834347da: raises $8 to $12
b287851: folds
da0d7b35: calls $8
*** FLOP *** [3c Ts Qc]
da0d7b35: checks
834347da: bets $13
da0d7b35: calls $13
*** TURN *** [3c Ts Qc] [2c]
da0d7b35: bets $20
834347da: calls $20
*** RIVER *** [3c Ts Qc 2c] [Qh]
da0d7b35: bets $30.36
834347da: calls $30.36
da0d7b35: shows [8d Td]
834347da: shows [As Qs]
*** SHOWDOWN ***
834347da collected $152.72 from pot
*** SUMMARY ***
Total pot $152.72
Board [3c Ts Qc 2c Qh]
Seat 2: da0d7b35(big blind) showed [8d Td] and lost with Pair of Queens and Pair of Tens
Seat 6: 834347da showed [As Qs] and won ($152.72) with Three Queens
Seat 1: b287851(small blind) folded before Flop
Seat 5: Hero folded before Flop (didn't bet)



Poker Hand #ring_979718842: NLH No Limit ($2/$4) - 2025/07/08 19:13:05
Table 'MR NLH 2/4' 7-max Seat #5 is the button
Seat 2: da0d7b35 ($896.55 in chips)
Seat 6: 834347da ($953.51 in chips)
Seat 1: b287851 ($819.01 in chips)
Seat 5: Hero ($454.01 in chips)
834347da: posts small blind $2
b287851: posts big blind $4
*** HOLE CARDS ***
Dealt to da0d7b35 
Dealt to 834347da 
Dealt to b287851 
Dealt to Hero [Kh Kd]
da0d7b35: folds
Hero: raises $8 to $12
834347da: folds
b287851: raises $48 to $60
Hero: raises $97.6 to $157.6
b287851: folds
Uncalled bet ($97.6) returned to Hero
b287851: shows [5d]
*** SHOWDOWN ***
Hero collected $122 from pot
*** SUMMARY ***
Total pot $122
Seat 2: da0d7b35 folded before Flop (didn't bet)
Seat 6: 834347da(small blind) folded before Flop
Seat 1: b287851(big blind) folded before Flop
Seat 5: Herowon ($122)



Poker Hand #ring_979717105: NLH No Limit ($2/$4) - 2025/07/08 19:11:58
Table 'MR NLH 2/4' 7-max Seat #2 is the button
Seat 2: da0d7b35 ($896.55 in chips)
Seat 6: 834347da ($919.84 in chips)
Seat 1: b287851 ($855.01 in chips)
Seat 5: Hero ($456.01 in chips)
Hero: posts small blind $2
834347da: posts big blind $4
*** HOLE CARDS ***
Dealt to da0d7b35 
Dealt to 834347da 
Dealt to b287851 
Dealt to Hero [Td 9h]
b287851: raises $4.8 to $8.8
da0d7b35: folds
Hero: folds
834347da: raises $27.2 to $36
b287851: calls $27.2
*** FLOP *** [Js Kd 9c]
834347da: bets $37
b287851: folds
Uncalled bet ($37) returned to 834347da
*** SHOWDOWN ***
834347da collected $74 from pot
*** SUMMARY ***
Total pot $74
Board [Js Kd 9c]
Seat 2: da0d7b35 folded before Flop (didn't bet)
Seat 6: 834347da(big blind)won ($74) with Kings-High Straight
Seat 1: b287851 folded on the Flop
Seat 5: Hero(small blind) folded before Flop



Poker Hand #ring_979716612: NLH No Limit ($2/$4) - 2025/07/08 19:11:40
Table 'MR NLH 2/4' 7-max Seat #1 is the button
Seat 2: da0d7b35 ($892.55 in chips)
Seat 6: 834347da ($919.84 in chips)
Seat 1: b287851 ($855.01 in chips)
Seat 5: Hero ($460.01 in chips)
da0d7b35: posts small blind $2
Hero: posts big blind $4
*** HOLE CARDS ***
Dealt to da0d7b35 
Dealt to 834347da 
Dealt to b287851 
Dealt to Hero [2c 7d]
834347da: folds
b287851: folds
da0d7b35: raises $4 to $8
Hero: folds
Uncalled bet ($4) returned to da0d7b35
*** SHOWDOWN ***
da0d7b35 collected $8 from pot
*** SUMMARY ***
Total pot $8
Seat 2: da0d7b35(small blind)won ($8)
Seat 6: 834347da folded before Flop (didn't bet)
Seat 1: b287851 folded before Flop (didn't bet)
Seat 5: Hero(big blind) folded before Flop



Poker Hand #ring_979716191: NLH No Limit ($2/$4) - 2025/07/08 19:11:23
Table 'MR NLH 2/4' 7-max Seat #6 is the button
Seat 2: da0d7b35 ($896.55 in chips)
Seat 6: 834347da ($913.84 in chips)
Seat 1: b287851 ($857.01 in chips)
Seat 5: Hero ($460.01 in chips)
b287851: posts small blind $2
da0d7b35: posts big blind $4
*** HOLE CARDS ***
Dealt to da0d7b35 
Dealt to 834347da 
Dealt to b287851 
Dealt to Hero [2d 7d]
Hero: folds
834347da: raises $8 to $12
b287851: folds
da0d7b35: folds
Uncalled bet ($8) returned to 834347da
*** SHOWDOWN ***
834347da collected $10 from pot
*** SUMMARY ***
Total pot $10
Seat 2: da0d7b35(big blind) folded before Flop
Seat 6: 834347dawon ($10)
Seat 1: b287851(small blind) folded before Flop
Seat 5: Hero folded before Flop (didn't bet)



Poker Hand #ring_979715393: NLH No Limit ($2/$4) - 2025/07/08 19:10:53
Table 'MR NLH 2/4' 7-max Seat #5 is the button
Seat 2: da0d7b35 ($908.55 in chips)
Seat 6: 834347da ($897.84 in chips)
Seat 1: b287851 ($861.01 in chips)
Seat 5: Hero ($460.01 in chips)
834347da: posts small blind $2
b287851: posts big blind $4
*** HOLE CARDS ***
Dealt to da0d7b35 
Dealt to 834347da 
Dealt to b287851 
Dealt to Hero [9c 5c]
da0d7b35: raises $8 to $12
Hero: folds
834347da: raises $36 to $48
b287851: folds
da0d7b35: folds
Uncalled bet ($36) returned to 834347da
*** SHOWDOWN ***
834347da collected $28 from pot
*** SUMMARY ***
Total pot $28
Seat 2: da0d7b35 folded before Flop
Seat 6: 834347da(small blind)won ($28)
Seat 1: b287851(big blind) folded before Flop
Seat 5: Hero folded before Flop (didn't bet)



Poker Hand #ring_979714971: NLH No Limit ($2/$4) - 2025/07/08 19:10:37
Table 'MR NLH 2/4' 7-max Seat #2 is the button
Seat 2: da0d7b35 ($908.55 in chips)
Seat 6: 834347da ($901.84 in chips)
Seat 1: b287851 ($861.01 in chips)
Seat 5: Hero ($456.01 in chips)
Hero: posts small blind $2
834347da: posts big blind $4
*** HOLE CARDS ***
Dealt to da0d7b35 
Dealt to 834347da 
Dealt to b287851 
Dealt to Hero [Ks 3s]
b287851: folds
da0d7b35: folds
Hero: raises $6 to $10
834347da: folds
Uncalled bet ($6) returned to Hero
*** SHOWDOWN ***
Hero collected $8 from pot
*** SUMMARY ***
Total pot $8
Seat 2: da0d7b35 folded before Flop (didn't bet)
Seat 6: 834347da(big blind) folded before Flop
Seat 1: b287851 folded before Flop (didn't bet)
Seat 5: Hero(small blind)won ($8)



Poker Hand #ring_979714538: NLH No Limit ($2/$4) - 2025/07/08 19:10:19
Table 'MR NLH 2/4' 7-max Seat #1 is the button
Seat 2: da0d7b35 ($910.55 in chips)
Seat 6: 834347da ($901.84 in chips)
Seat 1: b287851 ($855.01 in chips)
Seat 5: Hero ($460.01 in chips)
da0d7b35: posts small blind $2
Hero: posts big blind $4
*** HOLE CARDS ***
Dealt to da0d7b35 
Dealt to 834347da 
Dealt to b287851 
Dealt to Hero [Qs 3h]
834347da: folds
b287851: raises $6 to $10
da0d7b35: folds
Hero: folds
Uncalled bet ($6) returned to b287851
*** SHOWDOWN ***
b287851 collected $10 from pot
*** SUMMARY ***
Total pot $10
Seat 2: da0d7b35(small blind) folded before Flop
Seat 6: 834347da folded before Flop (didn't bet)
Seat 1: b287851won ($10)
Seat 5: Hero(big blind) folded before Flop



Poker Hand #ring_979714123: NLH No Limit ($2/$4) - 2025/07/08 19:10:03
Table 'MR NLH 2/4' 7-max Seat #6 is the button
Seat 2: da0d7b35 ($914.55 in chips)
Seat 6: 834347da ($901.84 in chips)
Seat 1: b287851 ($857.01 in chips)
Seat 4: 10005e66 ($560.63 in chips)
Seat 5: Hero ($454.01 in chips)
b287851: posts small blind $2
da0d7b35: posts big blind $4
*** HOLE CARDS ***
Dealt to da0d7b35 
Dealt to 834347da 
Dealt to b287851 
Dealt to 10005e66 
Dealt to Hero [8h 9h]
10005e66: folds
Hero: raises $8 to $12
834347da: folds
b287851: folds
da0d7b35: folds
Uncalled bet ($8) returned to Hero
*** SHOWDOWN ***
Hero collected $10 from pot
*** SUMMARY ***
Total pot $10
Seat 2: da0d7b35(big blind) folded before Flop
Seat 6: 834347da folded before Flop (didn't bet)
Seat 1: b287851(small blind) folded before Flop
Seat 4: 10005e66 folded before Flop (didn't bet)
Seat 5: Herowon ($10)



Poker Hand #ring_979713084: NLH No Limit ($2/$4) - 2025/07/08 19:09:23
Table 'MR NLH 2/4' 7-max Seat #5 is the button
Seat 2: da0d7b35 ($914.55 in chips)
Seat 6: 834347da ($903.84 in chips)
Seat 1: b287851 ($869.01 in chips)
Seat 4: 10005e66 ($560.63 in chips)
Seat 5: Hero ($441.18 in chips)
834347da: posts small blind $2
b287851: posts big blind $4
*** HOLE CARDS ***
Dealt to da0d7b35 
Dealt to 834347da 
Dealt to b287851 
Dealt to 10005e66 
Dealt to Hero [3d 3c]
da0d7b35: folds
10005e66: folds
Hero: raises $8 to $12
834347da: folds
b287851: calls $8
*** FLOP *** [2h 2d Ac]
b287851: checks
Hero: bets $6
b287851: folds
Uncalled bet ($6) returned to Hero
*** SHOWDOWN ***
Hero collected $26 from pot
*** SUMMARY ***
Total pot $26
Board [2h 2d Ac]
Seat 2: da0d7b35 folded before Flop (didn't bet)
Seat 6: 834347da(small blind) folded before Flop
Seat 1: b287851(big blind) folded on the Flop
Seat 4: 10005e66 folded before Flop (didn't bet)
Seat 5: Herowon ($26) with Pair of Treys and Pair of Twos



Poker Hand #ring_979711608: NLH No Limit ($2/$4) - 2025/07/08 19:08:26
Table 'MR NLH 2/4' 7-max Seat #4 is the button
Seat 2: da0d7b35 ($888.7 in chips)
Seat 6: 834347da ($922.01 in chips)
Seat 1: b287851 ($877.81 in chips)
Seat 4: 10005e66 ($560.63 in chips)
Seat 5: Hero ($443.18 in chips)
Hero: posts small blind $2
834347da: posts big blind $4
*** HOLE CARDS ***
Dealt to da0d7b35 
Dealt to 834347da 
Dealt to b287851 
Dealt to 10005e66 
Dealt to Hero [Kh 4d]
b287851: raises $4.8 to $8.8
da0d7b35: calls $8.8
10005e66: folds
Hero: folds
834347da: calls $4.8
*** FLOP *** [5s Js 5d]
834347da: checks
b287851: checks
da0d7b35: bets $9.37
834347da: calls $9.37
b287851: folds
*** TURN *** [5s Js 5d] [Qc]
834347da: checks
da0d7b35: checks
*** RIVER *** [5s Js 5d Qc] [Kc]
834347da: checks
da0d7b35: checks
da0d7b35: shows [7c 7s]
834347da: shows [4s 4h]
*** SHOWDOWN ***
da0d7b35 collected $47.14 from pot
*** SUMMARY ***
Total pot $47.14
Board [5s Js 5d Qc Kc]
Seat 2: da0d7b35 showed [7c 7s] and won ($47.14) with Pair of Sevens and Pair of Fives
Seat 6: 834347da(big blind) showed [4s 4h] and lost with Pair of Fives and Pair of Fours
Seat 1: b287851 folded on the Flop
Seat 4: 10005e66 folded before Flop (didn't bet)
Seat 5: Hero(small blind) folded before Flop



Poker Hand #ring_979710889: NLH No Limit ($2/$4) - 2025/07/08 19:07:58
Table 'MR NLH 2/4' 7-max Seat #2 is the button
Seat 2: da0d7b35 ($888.7 in chips)
Seat 6: 834347da ($922.01 in chips)
Seat 1: b287851 ($877.81 in chips)
Seat 4: 10005e66 ($549.71 in chips)
Seat 5: Hero ($455.18 in chips)
10005e66: posts small blind $2
Hero: posts big blind $4
*** HOLE CARDS ***
Dealt to da0d7b35 
Dealt to 834347da 
Dealt to b287851 
Dealt to 10005e66 
Dealt to Hero [Ks 6s]
834347da: folds
b287851: folds
da0d7b35: folds
10005e66: raises $8 to $12
Hero: calls $8
*** FLOP *** [Ah 7h 8d]
10005e66: bets $7.92
Hero: folds
Uncalled bet ($7.92) returned to 10005e66
*** SHOWDOWN ***
10005e66 collected $24 from pot
*** SUMMARY ***
Total pot $24
Board [Ah 7h 8d]
Seat 2: da0d7b35 folded before Flop (didn't bet)
Seat 6: 834347da folded before Flop (didn't bet)
Seat 1: b287851 folded before Flop (didn't bet)
Seat 4: 10005e66(small blind)won ($24) with Ace-High
Seat 5: Hero(big blind) folded on the Flop



Poker Hand #ring_979710342: NLH No Limit ($2/$4) - 2025/07/08 19:07:37
Table 'MR NLH 2/4' 7-max Seat #1 is the button
Seat 2: da0d7b35 ($890.7 in chips)
Seat 6: 834347da ($922.01 in chips)
Seat 1: b287851 ($871.81 in chips)
Seat 4: 10005e66 ($553.71 in chips)
Seat 5: Hero ($455.18 in chips)
da0d7b35: posts small blind $2
10005e66: posts big blind $4
*** HOLE CARDS ***
Dealt to da0d7b35 
Dealt to 834347da 
Dealt to b287851 
Dealt to 10005e66 
Dealt to Hero [Ts Qh]
Hero: folds
834347da: folds
b287851: raises $6 to $10
da0d7b35: folds
10005e66: folds
Uncalled bet ($6) returned to b287851
*** SHOWDOWN ***
b287851 collected $10 from pot
*** SUMMARY ***
Total pot $10
Seat 2: da0d7b35(small blind) folded before Flop
Seat 6: 834347da folded before Flop (didn't bet)
Seat 1: b287851won ($10)
Seat 4: 10005e66(big blind) folded before Flop
Seat 5: Hero folded before Flop (didn't bet)



Poker Hand #ring_979709499: NLH No Limit ($2/$4) - 2025/07/08 19:07:05
Table 'MR NLH 2/4' 7-max Seat #6 is the button
Seat 2: da0d7b35 ($894.7 in chips)
Seat 6: 834347da ($922.01 in chips)
Seat 1: b287851 ($881.81 in chips)
Seat 4: 10005e66 ($540.79 in chips)
Seat 5: Hero ($455.18 in chips)
b287851: posts small blind $2
da0d7b35: posts big blind $4
*** HOLE CARDS ***
Dealt to da0d7b35 
Dealt to 834347da 
Dealt to b287851 
Dealt to 10005e66 
Dealt to Hero [Jc 8d]
10005e66: raises $6 to $10
Hero: folds
834347da: folds
b287851: calls $8
da0d7b35: folds
*** FLOP *** [6d 7d 5c]
b287851: checks
10005e66: bets $18
b287851: folds
Uncalled bet ($18) returned to 10005e66
*** SHOWDOWN ***
10005e66 collected $24 from pot
*** SUMMARY ***
Total pot $24
Board [6d 7d 5c]
Seat 2: da0d7b35(big blind) folded before Flop
Seat 6: 834347da folded before Flop (didn't bet)
Seat 1: b287851(small blind) folded on the Flop
Seat 4: 10005e66won ($24) with Pair of Jacks
Seat 5: Hero folded before Flop (didn't bet)



Poker Hand #ring_979708682: NLH No Limit ($2/$4) - 2025/07/08 19:06:33
Table 'MR NLH 2/4' 7-max Seat #5 is the button
Seat 2: da0d7b35 ($894.7 in chips)
Seat 6: 834347da ($924.01 in chips)
Seat 1: b287851 ($885.81 in chips)
Seat 4: 10005e66 ($540.79 in chips)
Seat 5: Hero ($449.18 in chips)
834347da: posts small blind $2
b287851: posts big blind $4
*** HOLE CARDS ***
Dealt to da0d7b35 
Dealt to 834347da 
Dealt to b287851 
Dealt to 10005e66 
Dealt to Hero [9s 9h]
da0d7b35: folds
10005e66: folds
Hero: raises $8 to $12
834347da: folds
b287851: folds
Uncalled bet ($8) returned to Hero
*** SHOWDOWN ***
Hero collected $10 from pot
*** SUMMARY ***
Total pot $10
Seat 2: da0d7b35 folded before Flop (didn't bet)
Seat 6: 834347da(small blind) folded before Flop
Seat 1: b287851(big blind) folded before Flop
Seat 4: 10005e66 folded before Flop (didn't bet)
Seat 5: Herowon ($10)



Poker Hand #ring_979707839: NLH No Limit ($2/$4) - 2025/07/08 19:06:02
Table 'MR NLH 2/4' 7-max Seat #4 is the button
Seat 2: da0d7b35 ($881.87 in chips)
Seat 6: 834347da ($936.01 in chips)
Seat 1: b287851 ($885.81 in chips)
Seat 4: 10005e66 ($540.79 in chips)
Seat 5: Hero ($451.18 in chips)
Hero: posts small blind $2
834347da: posts big blind $4
*** HOLE CARDS ***
Dealt to da0d7b35 
Dealt to 834347da 
Dealt to b287851 
Dealt to 10005e66 
Dealt to Hero [Qh 6c]
b287851: folds
da0d7b35: raises $8 to $12
10005e66: folds
Hero: folds
834347da: calls $8
*** FLOP *** [9d Kd 9s]
834347da: checks
da0d7b35: bets $13
834347da: folds
Uncalled bet ($13) returned to da0d7b35
*** SHOWDOWN ***
da0d7b35 collected $26 from pot
*** SUMMARY ***
Total pot $26
Board [9d Kd 9s]
Seat 2: da0d7b35won ($26) with Pair of Kings and Pair of Nines
Seat 6: 834347da(big blind) folded on the Flop
Seat 1: b287851 folded before Flop (didn't bet)
Seat 4: 10005e66 folded before Flop (didn't bet)
Seat 5: Hero(small blind) folded before Flop



Poker Hand #ring_979705276: NLH No Limit ($2/$4) - 2025/07/08 19:04:23
Table 'MR NLH 2/4' 7-max Seat #2 is the button
Seat 2: da0d7b35 ($881.87 in chips)
Seat 6: 834347da ($936.01 in chips)
Seat 1: b287851 ($863.51 in chips)
Seat 4: 10005e66 ($542.79 in chips)
Seat 5: Hero ($474.68 in chips)
10005e66: posts small blind $2
Hero: posts big blind $4
*** HOLE CARDS ***
Dealt to da0d7b35 
Dealt to 834347da 
Dealt to b287851 
Dealt to 10005e66 
Dealt to Hero [As 6h]
834347da: folds
b287851: raises $4.8 to $8.8
da0d7b35: folds
10005e66: folds
Hero: calls $4.8
*** FLOP *** [9s 7s 3s]
Hero: checks
b287851: checks
*** TURN *** [9s 7s 3s] [Jh]
Hero: checks
b287851: bets $14.7
Hero: calls $14.7
*** RIVER *** [9s 7s 3s Jh] [5d]
Hero: checks
b287851: bets $72
Hero: folds
Uncalled bet ($72) returned to b287851
*** SHOWDOWN ***
b287851 collected $49 from pot
*** SUMMARY ***
Total pot $49
Board [9s 7s 3s Jh 5d]
Seat 2: da0d7b35 folded before Flop (didn't bet)
Seat 6: 834347da folded before Flop (didn't bet)
Seat 1: b287851won ($49) with King-High
Seat 4: 10005e66(small blind) folded before Flop
Seat 5: Hero(big blind) folded on the River



Poker Hand #ring_979704610: NLH No Limit ($2/$4) - 2025/07/08 19:03:56
Table 'MR NLH 2/4' 7-max Seat #1 is the button
Seat 2: da0d7b35 ($883.87 in chips)
Seat 6: 834347da ($930.01 in chips)
Seat 1: b287851 ($863.51 in chips)
Seat 4: 10005e66 ($546.79 in chips)
Seat 5: Hero ($474.68 in chips)
da0d7b35: posts small blind $2
10005e66: posts big blind $4
*** HOLE CARDS ***
Dealt to da0d7b35 
Dealt to 834347da 
Dealt to b287851 
Dealt to 10005e66 
Dealt to Hero [6h Td]
Hero: folds
834347da: raises $8 to $12
b287851: folds
da0d7b35: folds
10005e66: folds
Uncalled bet ($8) returned to 834347da
*** SHOWDOWN ***
834347da collected $10 from pot
*** SUMMARY ***
Total pot $10
Seat 2: da0d7b35(small blind) folded before Flop
Seat 6: 834347dawon ($10)
Seat 1: b287851 folded before Flop (didn't bet)
Seat 4: 10005e66(big blind) folded before Flop
Seat 5: Hero folded before Flop (didn't bet)



Poker Hand #ring_979703250: NLH No Limit ($2/$4) - 2025/07/08 19:03:04
Table 'MR NLH 2/4' 7-max Seat #7 is the button
Seat 2: da0d7b35 ($862.12 in chips)
Seat 6: 834347da ($930.01 in chips)
Seat 1: b287851 ($888.51 in chips)
Seat 4: 10005e66 ($546.79 in chips)
Seat 7: 684d1589 ($1,311.65 in chips)
Seat 5: Hero ($474.68 in chips)
b287851: posts small blind $2
da0d7b35: posts big blind $4
*** HOLE CARDS ***
Dealt to da0d7b35 
Dealt to 834347da 
Dealt to b287851 
Dealt to 10005e66 
Dealt to 684d1589 
Dealt to Hero [5s 3d]
10005e66: folds
Hero: folds
834347da: folds
684d1589: folds
b287851: raises $6 to $10
da0d7b35: raises $15 to $25
b287851: calls $15
*** FLOP *** [Qc Jc 3s]
b287851: checks
da0d7b35: bets $50
b287851: folds
Uncalled bet ($50) returned to da0d7b35
*** SHOWDOWN ***
da0d7b35 collected $50 from pot
*** SUMMARY ***
Total pot $50
Board [Qc Jc 3s]
Seat 2: da0d7b35(big blind)won ($50) with Pair of Fives
Seat 6: 834347da folded before Flop (didn't bet)
Seat 1: b287851(small blind) folded on the Flop
Seat 4: 10005e66 folded before Flop (didn't bet)
Seat 7: 684d1589 folded before Flop (didn't bet)
Seat 5: Hero folded before Flop (didn't bet)



Poker Hand #ring_979700837: NLH No Limit ($2/$4) - 2025/07/08 19:01:30
Table 'MR NLH 2/4' 7-max Seat #6 is the button
Seat 2: da0d7b35 ($920.06 in chips)
Seat 6: 834347da ($930.01 in chips)
Seat 1: b287851 ($834.87 in chips)
Seat 4: 10005e66 ($546.79 in chips)
Seat 7: 684d1589 ($1,313.65 in chips)
Seat 5: Hero ($474.68 in chips)
684d1589: posts small blind $2
b287851: posts big blind $4
*** HOLE CARDS ***
Dealt to da0d7b35 
Dealt to 834347da 
Dealt to b287851 
Dealt to 10005e66 
Dealt to 684d1589 
Dealt to Hero [6c 2d]
da0d7b35: raises $4 to $8
10005e66: folds
Hero: folds
834347da: folds
684d1589: folds
b287851: calls $4
*** FLOP *** [7s 4s 5h]
b287851: bets $5.94
da0d7b35: calls $5.94
*** TURN *** [7s 4s 5h] [8h]
b287851: bets $44
da0d7b35: calls $44
*** RIVER *** [7s 4s 5h 8h] [9d]
b287851: bets $360
da0d7b35: folds
Uncalled bet ($360) returned to b287851
*** SHOWDOWN ***
b287851 collected $117.88 from pot
*** SUMMARY ***
Total pot $117.88
Board [7s 4s 5h 8h 9d]
Seat 2: da0d7b35 folded on the River
Seat 6: 834347da folded before Flop (didn't bet)
Seat 1: b287851(big blind)won ($117.88) with Queen-High
Seat 4: 10005e66 folded before Flop (didn't bet)
Seat 7: 684d1589(small blind) folded before Flop
Seat 5: Hero folded before Flop (didn't bet)



Poker Hand #ring_979700266: NLH No Limit ($2/$4) - 2025/07/08 19:01:08
Table 'MR NLH 2/4' 7-max Seat #5 is the button
Seat 2: da0d7b35 ($920.06 in chips)
Seat 6: 834347da ($932.01 in chips)
Seat 1: b287851 ($834.87 in chips)
Seat 4: 10005e66 ($546.79 in chips)
Seat 7: 684d1589 ($1,311.65 in chips)
Seat 5: Hero ($474.68 in chips)
834347da: posts small blind $2
684d1589: posts big blind $4
*** HOLE CARDS ***
Dealt to da0d7b35 
Dealt to 834347da 
Dealt to b287851 
Dealt to 10005e66 
Dealt to 684d1589 
Dealt to Hero [Ts 3c]
b287851: folds
da0d7b35: folds
10005e66: folds
Hero: folds
834347da: folds
*** SHOWDOWN ***
684d1589 collected $6 from pot
*** SUMMARY ***
Total pot $6
Seat 2: da0d7b35 folded before Flop (didn't bet)
Seat 6: 834347da(small blind) folded before Flop
Seat 1: b287851 folded before Flop (didn't bet)
Seat 4: 10005e66 folded before Flop (didn't bet)
Seat 7: 684d1589(big blind)won ($6)
Seat 5: Hero folded before Flop (didn't bet)



Poker Hand #ring_979699403: NLH No Limit ($2/$4) - 2025/07/08 19:00:34
Table 'MR NLH 2/4' 7-max Seat #4 is the button
Seat 2: da0d7b35 ($877.11 in chips)
Seat 6: 834347da ($936.01 in chips)
Seat 1: b287851 ($834.87 in chips)
Seat 4: 10005e66 ($546.79 in chips)
Seat 7: 684d1589 ($1,353.65 in chips)
Seat 5: Hero ($476.68 in chips)
Hero: posts small blind $2
834347da: posts big blind $4
*** HOLE CARDS ***
Dealt to da0d7b35 
Dealt to 834347da 
Dealt to b287851 
Dealt to 10005e66 
Dealt to 684d1589 
Dealt to Hero [Th 2d]
684d1589: raises $8 to $12
b287851: folds
da0d7b35: raises $30 to $42
10005e66: folds
Hero: folds
834347da: folds
684d1589: calls $30
*** FLOP *** [As 5h Ts]
684d1589: checks
da0d7b35: bets $45
684d1589: folds
Uncalled bet ($45) returned to da0d7b35
*** SHOWDOWN ***
da0d7b35 collected $90 from pot
*** SUMMARY ***
Total pot $90
Board [As 5h Ts]
Seat 2: da0d7b35won ($90) with Pair of Queens
Seat 6: 834347da(big blind) folded before Flop
Seat 1: b287851 folded before Flop (didn't bet)
Seat 4: 10005e66 folded before Flop (didn't bet)
Seat 7: 684d1589 folded on the Flop
Seat 5: Hero(small blind) folded before Flop



Poker Hand #ring_979698343: NLH No Limit ($2/$4) - 2025/07/08 18:59:53
Table 'MR NLH 2/4' 7-max Seat #0 is the button
Seat 2: da0d7b35 ($877.11 in chips)
Seat 6: 834347da ($865.49 in chips)
Seat 1: b287851 ($834.87 in chips)
Seat 4: 10005e66 ($612.79 in chips)
Seat 7: 684d1589 ($1,353.65 in chips)
Seat 5: Hero ($488.68 in chips)
10005e66: posts small blind $2
Hero: posts big blind $4
*** HOLE CARDS ***
Dealt to da0d7b35 
Dealt to 834347da 
Dealt to b287851 
Dealt to 10005e66 
Dealt to 684d1589 
Dealt to Hero [3d 4d]
834347da: raises $8 to $12
684d1589: folds
b287851: folds
da0d7b35: folds
10005e66: calls $10
Hero: calls $8
*** FLOP *** [8h 2h Qd]
10005e66: checks
Hero: checks
834347da: bets $18
10005e66: calls $18
Hero: folds
*** TURN *** [8h 2h Qd] [Qs]
10005e66: checks
834347da: bets $36
10005e66: calls $36
*** RIVER *** [8h 2h Qd Qs] [Kc]
10005e66: checks
834347da: checks
10005e66: shows [Jh As]
834347da: shows [8d 7d]
*** SHOWDOWN ***
834347da collected $144 from pot
*** SUMMARY ***
Total pot $144
Board [8h 2h Qd Qs Kc]
Seat 2: da0d7b35 folded before Flop (didn't bet)
Seat 6: 834347da showed [8d 7d] and won ($144) with Pair of Queens and Pair of Eights
Seat 1: b287851 folded before Flop (didn't bet)
Seat 4: 10005e66(small blind) showed [Jh As] and lost with Pair of Queens
Seat 7: 684d1589 folded before Flop (didn't bet)
Seat 5: Hero(big blind) folded on the Flop



Poker Hand #ring_979696795: NLH No Limit ($2/$4) - 2025/07/08 18:58:53
Table 'MR NLH 2/4' 7-max Seat #2 is the button
Seat 2: da0d7b35 ($877.11 in chips)
Seat 6: 834347da ($903.49 in chips)
Seat 1: b287851 ($834.87 in chips)
Seat 4: 10005e66 ($616.79 in chips)
Seat 7: 684d1589 ($1,353.65 in chips)
Seat 5: Hero ($451.28 in chips)
10005e66: posts big blind $4
*** HOLE CARDS ***
Dealt to da0d7b35 
Dealt to 834347da 
Dealt to b287851 
Dealt to 10005e66 
Dealt to 684d1589 
Dealt to Hero [7s 7h]
Hero: raises $8 to $12
834347da: raises $26 to $38
684d1589: folds
b287851: folds
da0d7b35: folds
10005e66: folds
Hero: calls $26
*** FLOP *** [3d 5s 4s]
Hero: checks
834347da: checks
*** TURN *** [3d 5s 4s] [6h]
Hero: checks
834347da: checks
*** RIVER *** [3d 5s 4s 6h] [8h]
Hero: bets $64
834347da: folds
Uncalled bet ($64) returned to Hero
*** SHOWDOWN ***
Hero collected $80 from pot
*** SUMMARY ***
Total pot $80
Board [3d 5s 4s 6h 8h]
Seat 2: da0d7b35 folded before Flop (didn't bet)
Seat 6: 834347da folded on the River
Seat 1: b287851 folded before Flop (didn't bet)
Seat 4: 10005e66(big blind) folded before Flop
Seat 7: 684d1589 folded before Flop (didn't bet)
Seat 5: Herowon ($80) with Eights-High Straight



Poker Hand #ring_979695623: NLH No Limit ($2/$4) - 2025/07/08 18:58:07
Table 'MR NLH 2/4' 7-max Seat #1 is the button
Seat 3: 1383e184 ($219.55 in chips)
Seat 2: da0d7b35 ($889.11 in chips)
Seat 6: 834347da ($881.11 in chips)
Seat 1: b287851 ($834.87 in chips)
Seat 4: 10005e66 ($616.79 in chips)
Seat 7: 684d1589 ($1,353.65 in chips)
Seat 5: Hero ($451.28 in chips)
da0d7b35: posts small blind $2
1383e184: posts big blind $4
*** HOLE CARDS ***
Dealt to 1383e184 
Dealt to da0d7b35 
Dealt to 834347da 
Dealt to b287851 
Dealt to 10005e66 
Dealt to 684d1589 
Dealt to Hero [7d Td]
10005e66: folds
Hero: folds
834347da: raises $8 to $12
684d1589: folds
b287851: folds
da0d7b35: calls $10
1383e184: calls $8
*** FLOP *** [Qh 4d Qs]
da0d7b35: checks
1383e184: checks
834347da: bets $11.88
da0d7b35: folds
1383e184: folds
Uncalled bet ($11.88) returned to 834347da
*** SHOWDOWN ***
834347da collected $36 from pot
*** SUMMARY ***
Total pot $36
Board [Qh 4d Qs]
Seat 3: 1383e184(big blind) folded on the Flop
Seat 2: da0d7b35(small blind) folded on the Flop
Seat 6: 834347dawon ($36) with Pair of Queens and Pair of Eights
Seat 1: b287851 folded before Flop (didn't bet)
Seat 4: 10005e66 folded before Flop (didn't bet)
Seat 7: 684d1589 folded before Flop (didn't bet)
Seat 5: Hero folded before Flop (didn't bet)



Poker Hand #ring_979693934: NLH No Limit ($2/$4) - 2025/07/08 18:57:03
Table 'MR NLH 2/4' 7-max Seat #7 is the button
Seat 3: 1383e184 ($312 in chips)
Seat 2: da0d7b35 ($893.11 in chips)
Seat 6: 834347da ($881.11 in chips)
Seat 1: b287851 ($836.87 in chips)
Seat 4: 10005e66 ($616.79 in chips)
Seat 7: 684d1589 ($1,264.79 in chips)
Seat 5: Hero ($451.28 in chips)
b287851: posts small blind $2
da0d7b35: posts big blind $4
1383e184: posts big blind $4
*** HOLE CARDS ***
Dealt to 1383e184 
Dealt to da0d7b35 
Dealt to 834347da 
Dealt to b287851 
Dealt to 10005e66 
Dealt to 684d1589 
Dealt to Hero [5d 2d]
1383e184: checks
10005e66: folds
Hero: folds
834347da: folds
684d1589: raises $16 to $20
b287851: folds
da0d7b35: folds
1383e184: calls $16
*** FLOP *** [Tc Kh 2h]
1383e184: checks
684d1589: bets $15.18
1383e184: calls $15.18
*** TURN *** [Tc Kh 2h] [6d]
1383e184: checks
684d1589: bets $57.27
1383e184: calls $57.27
*** RIVER *** [Tc Kh 2h 6d] [Jc]
1383e184: checks
684d1589: bets $143.17
1383e184: folds
Uncalled bet ($143.17) returned to 684d1589
*** SHOWDOWN ***
684d1589 collected $190.9 from pot
*** SUMMARY ***
Total pot $190.9
Board [Tc Kh 2h 6d Jc]
Seat 3: 1383e184 folded on the River
Seat 2: da0d7b35(big blind) folded before Flop
Seat 6: 834347da folded before Flop (didn't bet)
Seat 1: b287851(small blind) folded before Flop
Seat 4: 10005e66 folded before Flop (didn't bet)
Seat 7: 684d1589won ($190.9) with Aces-High Straight
Seat 5: Hero folded before Flop (didn't bet)



Poker Hand #ring_979691766: NLH No Limit ($2/$4) - 2025/07/08 18:55:40
Table 'MR NLH 2/4' 7-max Seat #6 is the button
Seat 2: da0d7b35 ($893.11 in chips)
Seat 6: 834347da ($881.11 in chips)
Seat 1: b287851 ($946.87 in chips)
Seat 4: 10005e66 ($616.79 in chips)
Seat 7: 684d1589 ($1,165.69 in chips)
Seat 5: Hero ($451.28 in chips)
684d1589: posts small blind $2
b287851: posts big blind $4
*** HOLE CARDS ***
Dealt to da0d7b35 
Dealt to 834347da 
Dealt to b287851 
Dealt to 10005e66 
Dealt to 684d1589 
Dealt to Hero [8s 5s]
da0d7b35: folds
10005e66: folds
Hero: folds
834347da: folds
684d1589: raises $8 to $12
b287851: raises $30 to $42
684d1589: raises $68 to $110
b287851: calls $68
*** FLOP *** [5c 3h 8d]
684d1589: bets $165
b287851: folds
Uncalled bet ($165) returned to 684d1589
*** SHOWDOWN ***
684d1589 collected $220 from pot
*** SUMMARY ***
Total pot $220
Board [5c 3h 8d]
Seat 2: da0d7b35 folded before Flop (didn't bet)
Seat 6: 834347da folded before Flop (didn't bet)
Seat 1: b287851(big blind) folded on the Flop
Seat 4: 10005e66 folded before Flop (didn't bet)
Seat 7: 684d1589(small blind)won ($220) with Pair of Kings
Seat 5: Hero folded before Flop (didn't bet)



Poker Hand #ring_979691111: NLH No Limit ($2/$4) - 2025/07/08 18:55:15
Table 'MR NLH 2/4' 7-max Seat #5 is the button
Seat 2: da0d7b35 ($893.11 in chips)
Seat 6: 834347da ($893.11 in chips)
Seat 1: b287851 ($946.87 in chips)
Seat 4: 10005e66 ($616.79 in chips)
Seat 7: 684d1589 ($1,153.69 in chips)
Seat 5: Hero ($451.28 in chips)
834347da: posts small blind $2
684d1589: posts big blind $4
*** HOLE CARDS ***
Dealt to da0d7b35 
Dealt to 834347da 
Dealt to b287851 
Dealt to 10005e66 
Dealt to 684d1589 
Dealt to Hero [4s 2c]
b287851: folds
da0d7b35: folds
10005e66: folds
Hero: folds
834347da: raises $8 to $12
684d1589: raises $36 to $48
834347da: folds
Uncalled bet ($36) returned to 684d1589
*** SHOWDOWN ***
684d1589 collected $24 from pot
*** SUMMARY ***
Total pot $24
Seat 2: da0d7b35 folded before Flop (didn't bet)
Seat 6: 834347da(small blind) folded before Flop
Seat 1: b287851 folded before Flop (didn't bet)
Seat 4: 10005e66 folded before Flop (didn't bet)
Seat 7: 684d1589(big blind)won ($24)
Seat 5: Hero folded before Flop (didn't bet)



Poker Hand #ring_979690343: NLH No Limit ($2/$4) - 2025/07/08 18:54:45
Table 'MR NLH 2/4' 7-max Seat #4 is the button
Seat 2: da0d7b35 ($880.28 in chips)
Seat 6: 834347da ($905.11 in chips)
Seat 1: b287851 ($946.87 in chips)
Seat 4: 10005e66 ($616.79 in chips)
Seat 7: 684d1589 ($1,153.69 in chips)
Seat 5: Hero ($453.28 in chips)
Hero: posts small blind $2
834347da: posts big blind $4
*** HOLE CARDS ***
Dealt to da0d7b35 
Dealt to 834347da 
Dealt to b287851 
Dealt to 10005e66 
Dealt to 684d1589 
Dealt to Hero [9h Jc]
684d1589: folds
b287851: folds
da0d7b35: raises $8 to $12
10005e66: folds
Hero: folds
834347da: calls $8
*** FLOP *** [Ah 8d 7h]
834347da: checks
da0d7b35: bets $13
834347da: folds
Uncalled bet ($13) returned to da0d7b35
*** SHOWDOWN ***
da0d7b35 collected $26 from pot
*** SUMMARY ***
Total pot $26
Board [Ah 8d 7h]
Seat 2: da0d7b35won ($26) with Three Eights
Seat 6: 834347da(big blind) folded on the Flop
Seat 1: b287851 folded before Flop (didn't bet)
Seat 4: 10005e66 folded before Flop (didn't bet)
Seat 7: 684d1589 folded before Flop (didn't bet)
Seat 5: Hero(small blind) folded before Flop



Poker Hand #ring_979689033: NLH No Limit ($2/$4) - 2025/07/08 18:53:53
Table 'MR NLH 2/4' 7-max Seat #0 is the button
Seat 2: da0d7b35 ($900.28 in chips)
Seat 6: 834347da ($905.11 in chips)
Seat 1: b287851 ($946.87 in chips)
Seat 4: 10005e66 ($591.95 in chips)
Seat 7: 684d1589 ($1,153.69 in chips)
Seat 5: Hero ($461.28 in chips)
10005e66: posts small blind $2
Hero: posts big blind $4
*** HOLE CARDS ***
Dealt to da0d7b35 
Dealt to 834347da 
Dealt to b287851 
Dealt to 10005e66 
Dealt to 684d1589 
Dealt to Hero [Qd 5h]
834347da: folds
684d1589: folds
b287851: folds
da0d7b35: raises $4 to $8
10005e66: calls $6
Hero: calls $4
*** FLOP *** [Kc 8c 3d]
10005e66: checks
Hero: checks
da0d7b35: bets $12
10005e66: calls $12
Hero: folds
*** TURN *** [Kc 8c 3d] [Kd]
10005e66: checks
da0d7b35: checks
*** RIVER *** [Kc 8c 3d Kd] [Jd]
10005e66: bets $36
da0d7b35: folds
Uncalled bet ($36) returned to 10005e66
*** SHOWDOWN ***
10005e66 collected $48 from pot
*** SUMMARY ***
Total pot $48
Board [Kc 8c 3d Kd Jd]
Seat 2: da0d7b35 folded on the River
Seat 6: 834347da folded before Flop (didn't bet)
Seat 1: b287851 folded before Flop (didn't bet)
Seat 4: 10005e66(small blind)won ($48) with King High Flush
Seat 7: 684d1589 folded before Flop (didn't bet)
Seat 5: Hero(big blind) folded on the Flop



