Poker Hand #ring_974879091: NLH No Limit ($2/$4) - 2025/07/06 03:36:46
Table 'MR NLH BOMBPOT 2/4' 7-max Seat #5 is the button
Seat 5: 45fde894 ($1,245.14 in chips)
Seat 1: 31bea788 ($1,945.22 in chips)
Seat 7: 9e3286f6 ($388 in chips)
Seat 3: Hero ($731.36 in chips)
Seat 4: d685245b ($1,054.92 in chips)
9e3286f6: posts small blind $2
31bea788: posts big blind $4
*** HOLE CARDS ***
Dealt to 45fde894 
Dealt to 31bea788 
Dealt to 9e3286f6 
Dealt to Hero [7s 2c]
Dealt to d685245b 
Hero: folds
d685245b: raises $6 to $10
45fde894: folds
9e3286f6: raises $38 to $48
31bea788: folds
d685245b: calls $38
*** FLOP *** [Js 7c 2h]
9e3286f6: bets $33
d685245b: folds
Uncalled bet ($33) returned to 9e3286f6
*** SHOWDOWN ***
9e3286f6 collected $100 from pot
*** SUMMARY ***
Total pot $100
Board [Js 7c 2h]
Seat 5: 45fde894 folded before Flop (didn't bet)
Seat 1: 31bea788(big blind) folded before Flop
Seat 7: 9e3286f6(small blind)won ($100) with Ace-High
Seat 3: Hero folded before Flop (didn't bet)
Seat 4: d685245b folded on the Flop



Poker Hand #ring_974878540: NLH No Limit ($2/$4) - 2025/07/06 03:36:20
Table 'MR NLH BOMBPOT 2/4' 7-max Seat #4 is the button
Seat 5: 45fde894 ($1,247.14 in chips)
Seat 1: 31bea788 ($1,945.22 in chips)
Seat 7: 9e3286f6 ($392 in chips)
Seat 3: Hero ($731.36 in chips)
Seat 4: d685245b ($1,048.92 in chips)
45fde894: posts small blind $2
9e3286f6: posts big blind $4
*** HOLE CARDS ***
Dealt to 45fde894 
Dealt to 31bea788 
Dealt to 9e3286f6 
Dealt to Hero [3s 7h]
Dealt to d685245b 
31bea788: folds
Hero: folds
d685245b: raises $8 to $12
45fde894: folds
9e3286f6: folds
Uncalled bet ($8) returned to d685245b
*** SHOWDOWN ***
d685245b collected $10 from pot
*** SUMMARY ***
Total pot $10
Seat 5: 45fde894(small blind) folded before Flop
Seat 1: 31bea788 folded before Flop (didn't bet)
Seat 7: 9e3286f6(big blind) folded before Flop
Seat 3: Hero folded before Flop (didn't bet)
Seat 4: d685245bwon ($10)



Poker Hand #ring_974878074: NLH No Limit ($2/$4) - 2025/07/06 03:35:57
Table 'MR NLH BOMBPOT 2/4' 7-max Seat #3 is the button
Seat 5: 45fde894 ($1,251.14 in chips)
Seat 1: 31bea788 ($1,945.22 in chips)
Seat 7: 9e3286f6 ($392 in chips)
Seat 3: Hero ($743.36 in chips)
Seat 4: d685245b ($1,032.92 in chips)
d685245b: posts small blind $2
45fde894: posts big blind $4
*** HOLE CARDS ***
Dealt to 45fde894 
Dealt to 31bea788 
Dealt to 9e3286f6 
Dealt to Hero [Ad 8c]
Dealt to d685245b 
9e3286f6: folds
31bea788: folds
Hero: raises $8 to $12
d685245b: raises $36 to $48
45fde894: folds
Hero: folds
Uncalled bet ($36) returned to d685245b
*** SHOWDOWN ***
d685245b collected $28 from pot
*** SUMMARY ***
Total pot $28
Seat 5: 45fde894(big blind) folded before Flop
Seat 1: 31bea788 folded before Flop (didn't bet)
Seat 7: 9e3286f6 folded before Flop (didn't bet)
Seat 3: Hero folded before Flop
Seat 4: d685245b(small blind)won ($28)



Poker Hand #ring_974875809: NLH No Limit ($2/$4) - 2025/07/06 03:34:05
Table 'MR NLH BOMBPOT 2/4' 7-max Seat #2 is the button
Seat 5: 45fde894 ($1,148.22 in chips)
Seat 1: 31bea788 ($1,945.22 in chips)
Seat 2: 1dde0e63 ($421.17 in chips)
Seat 7: 9e3286f6 ($392 in chips)
Seat 3: Hero ($853.36 in chips)
Seat 4: d685245b ($1,036.92 in chips)
Seat 6: d51bb420 ($800 in chips)
Hero: posts small blind $2
d685245b: posts big blind $4
*** HOLE CARDS ***
Dealt to 45fde894 
Dealt to 31bea788 
Dealt to 1dde0e63 
Dealt to 9e3286f6 
Dealt to Hero [8d 8c]
Dealt to d685245b 
Dealt to d51bb420 
45fde894: raises $8 to $12
d51bb420: folds
9e3286f6: folds
31bea788: folds
1dde0e63: folds
Hero: calls $10
d685245b: folds
*** FLOP *** [5s 7d 3d]
Hero: bets $14
45fde894: raises $28 to $42
Hero: calls $28
*** TURN *** [5s 7d 3d] [7c]
Hero: checks
45fde894: checks
*** RIVER *** [5s 7d 3d 7c] [Kc]
Hero: bets $56
45fde894: calls $56
Hero: shows [8d 8c]
45fde894: shows [Ac Ah]
*** SHOWDOWN ***
45fde894 collected $224 from pot
*** SUMMARY ***
Total pot $224
Board [5s 7d 3d 7c Kc]
Seat 5: 45fde894 showed [Ac Ah] and won ($224) with Pair of Aces and Pair of Sevens
Seat 1: 31bea788 folded before Flop (didn't bet)
Seat 2: 1dde0e63 folded before Flop (didn't bet)
Seat 7: 9e3286f6 folded before Flop (didn't bet)
Seat 3: Hero(small blind) showed [8d 8c] and lost with Pair of Eights and Pair of Sevens
Seat 4: d685245b(big blind) folded before Flop
Seat 6: d51bb420 folded before Flop (didn't bet)



Poker Hand #ring_974875232: NLH No Limit ($2/$4) - 2025/07/06 03:33:38
Table 'MR NLH BOMBPOT 2/4' 7-max Seat #1 is the button
Seat 5: 45fde894 ($1,148.22 in chips)
Seat 1: 31bea788 ($1,945.22 in chips)
Seat 2: 1dde0e63 ($423.17 in chips)
Seat 7: 9e3286f6 ($392 in chips)
Seat 3: Hero ($851.36 in chips)
Seat 4: d685245b ($1,036.92 in chips)
Seat 6: d51bb420 ($800 in chips)
1dde0e63: posts small blind $2
Hero: posts big blind $4
*** HOLE CARDS ***
Dealt to 45fde894 
Dealt to 31bea788 
Dealt to 1dde0e63 
Dealt to 9e3286f6 
Dealt to Hero [2h 3d]
Dealt to d685245b 
Dealt to d51bb420 
d685245b: folds
45fde894: folds
d51bb420: folds
9e3286f6: folds
31bea788: folds
1dde0e63: folds
*** SHOWDOWN ***
Hero collected $6 from pot
*** SUMMARY ***
Total pot $6
Seat 5: 45fde894 folded before Flop (didn't bet)
Seat 1: 31bea788 folded before Flop (didn't bet)
Seat 2: 1dde0e63(small blind) folded before Flop
Seat 7: 9e3286f6 folded before Flop (didn't bet)
Seat 3: Hero(big blind)won ($6)
Seat 4: d685245b folded before Flop (didn't bet)
Seat 6: d51bb420 folded before Flop (didn't bet)



Poker Hand #ring_974873508: NLH No Limit ($2/$4) - 2025/07/06 03:32:16
Table 'MR NLH BOMBPOT 2/4' 7-max Seat #7 is the button
Seat 5: 45fde894 ($1,168.22 in chips)
Seat 1: 31bea788 ($2,043.62 in chips)
Seat 2: 1dde0e63 ($443.17 in chips)
Seat 7: 9e3286f6 ($412 in chips)
Seat 3: Hero ($667.31 in chips)
Seat 4: d685245b ($1,056.92 in chips)
Seat 6: d51bb420 ($591.12 in chips)
31bea788: posts the ante $20
1dde0e63: posts the ante $20
Hero: posts the ante $20
d685245b: posts the ante $20
45fde894: posts the ante $20
d51bb420: posts the ante $20
9e3286f6: posts the ante $20
*** HOLE CARDS ***
Dealt to 45fde894 
Dealt to 31bea788 
Dealt to 1dde0e63 
Dealt to 9e3286f6 
Dealt to Hero [Kd 8c]
Dealt to d685245b 
Dealt to d51bb420 
*** FLOP *** [4h 2c Kh]
31bea788: bets $78.4
1dde0e63: folds
Hero: calls $78.4
d685245b: folds
45fde894: folds
d51bb420: folds
9e3286f6: folds
*** TURN *** [4h 2c Kh] [9h]
31bea788: checks
Hero: bets $170.2
31bea788: folds
Uncalled bet ($170.2) returned to Hero
*** SHOWDOWN ***
Hero collected $296.8 from pot
*** SUMMARY ***
Total pot $296.8
Board [4h 2c Kh 9h]
Seat 5: 45fde894 folded on the Flop
Seat 1: 31bea788(small blind) folded on the Turn
Seat 2: 1dde0e63(big blind) folded on the Flop
Seat 7: 9e3286f6 folded on the Flop
Seat 3: Herowon ($296.8) with Pair of Kings
Seat 4: d685245b folded on the Flop
Seat 6: d51bb420 folded on the Flop



Poker Hand #ring_974872929: NLH No Limit ($2/$4) - 2025/07/06 03:31:49
Table 'MR NLH BOMBPOT 2/4' 7-max Seat #6 is the button
Seat 5: 45fde894 ($1,168.22 in chips)
Seat 1: 31bea788 ($2,047.62 in chips)
Seat 2: 1dde0e63 ($443.17 in chips)
Seat 7: 9e3286f6 ($414 in chips)
Seat 3: Hero ($667.31 in chips)
Seat 4: d685245b ($1,056.92 in chips)
Seat 6: d51bb420 ($585.12 in chips)
9e3286f6: posts small blind $2
31bea788: posts big blind $4
*** HOLE CARDS ***
Dealt to 45fde894 
Dealt to 31bea788 
Dealt to 1dde0e63 
Dealt to 9e3286f6 
Dealt to Hero [Qs 9d]
Dealt to d685245b 
Dealt to d51bb420 
1dde0e63: folds
Hero: folds
d685245b: folds
45fde894: folds
d51bb420: raises $8 to $12
9e3286f6: folds
31bea788: folds
Uncalled bet ($8) returned to d51bb420
*** SHOWDOWN ***
d51bb420 collected $10 from pot
*** SUMMARY ***
Total pot $10
Seat 5: 45fde894 folded before Flop (didn't bet)
Seat 1: 31bea788(big blind) folded before Flop
Seat 2: 1dde0e63 folded before Flop (didn't bet)
Seat 7: 9e3286f6(small blind) folded before Flop
Seat 3: Hero folded before Flop (didn't bet)
Seat 4: d685245b folded before Flop (didn't bet)
Seat 6: d51bb420won ($10)



Poker Hand #ring_974872376: NLH No Limit ($2/$4) - 2025/07/06 03:31:21
Table 'MR NLH BOMBPOT 2/4' 7-max Seat #5 is the button
Seat 5: 45fde894 ($1,168.22 in chips)
Seat 1: 31bea788 ($2,047.62 in chips)
Seat 2: 1dde0e63 ($443.17 in chips)
Seat 7: 9e3286f6 ($412 in chips)
Seat 3: Hero ($667.31 in chips)
Seat 4: d685245b ($1,056.92 in chips)
Seat 6: d51bb420 ($587.12 in chips)
d51bb420: posts small blind $2
9e3286f6: posts big blind $4
*** HOLE CARDS ***
Dealt to 45fde894 
Dealt to 31bea788 
Dealt to 1dde0e63 
Dealt to 9e3286f6 
Dealt to Hero [5s Kh]
Dealt to d685245b 
Dealt to d51bb420 
31bea788: folds
1dde0e63: folds
Hero: folds
d685245b: folds
45fde894: folds
d51bb420: folds
*** SHOWDOWN ***
9e3286f6 collected $6 from pot
*** SUMMARY ***
Total pot $6
Seat 5: 45fde894 folded before Flop (didn't bet)
Seat 1: 31bea788 folded before Flop (didn't bet)
Seat 2: 1dde0e63 folded before Flop (didn't bet)
Seat 7: 9e3286f6(big blind)won ($6)
Seat 3: Hero folded before Flop (didn't bet)
Seat 4: d685245b folded before Flop (didn't bet)
Seat 6: d51bb420(small blind) folded before Flop



Poker Hand #ring_974871739: NLH No Limit ($2/$4) - 2025/07/06 03:30:52
Table 'MR NLH BOMBPOT 2/4' 7-max Seat #4 is the button
Seat 5: 45fde894 ($1,170.22 in chips)
Seat 1: 31bea788 ($2,047.62 in chips)
Seat 2: 1dde0e63 ($443.17 in chips)
Seat 3: Hero ($667.31 in chips)
Seat 4: d685245b ($1,056.92 in chips)
Seat 6: d51bb420 ($585.12 in chips)
45fde894: posts small blind $2
d51bb420: posts big blind $4
*** HOLE CARDS ***
Dealt to 45fde894 
Dealt to 31bea788 
Dealt to 1dde0e63 
Dealt to Hero [2c 9d]
Dealt to d685245b 
Dealt to d51bb420 
31bea788: folds
1dde0e63: folds
Hero: folds
d685245b: folds
45fde894: folds
*** SHOWDOWN ***
d51bb420 collected $6 from pot
*** SUMMARY ***
Total pot $6
Seat 5: 45fde894(small blind) folded before Flop
Seat 1: 31bea788 folded before Flop (didn't bet)
Seat 2: 1dde0e63 folded before Flop (didn't bet)
Seat 3: Hero folded before Flop (didn't bet)
Seat 4: d685245b folded before Flop (didn't bet)
Seat 6: d51bb420(big blind)won ($6)



Poker Hand #ring_974870580: NLH No Limit ($2/$4) - 2025/07/06 03:29:56
Table 'MR NLH BOMBPOT 2/4' 7-max Seat #3 is the button
Seat 5: 45fde894 ($994.41 in chips)
Seat 1: 31bea788 ($2,047.62 in chips)
Seat 2: 1dde0e63 ($443.17 in chips)
Seat 3: Hero ($667.31 in chips)
Seat 4: d685245b ($1,058.92 in chips)
Seat 7: 6f4dd853 ($192.19 in chips)
Seat 6: d51bb420 ($585.12 in chips)
d685245b: posts small blind $2
45fde894: posts big blind $4
*** HOLE CARDS ***
Dealt to 45fde894 
Dealt to 31bea788 
Dealt to 1dde0e63 
Dealt to Hero [5h Th]
Dealt to d685245b 
Dealt to 6f4dd853 
Dealt to d51bb420 
d51bb420: folds
6f4dd853: raises $8 to $12
31bea788: folds
1dde0e63: folds
Hero: folds
d685245b: folds
45fde894: raises $19.5 to $31.5
6f4dd853: raises $160.69 to $192.19 and is all-in
45fde894: calls $160.69
45fde894: shows [Qh Qs]
6f4dd853: shows [Kh Ad]
*** FLOP *** [4s 9h 7c]
*** TURN *** [4s 9h 7c] [9d]
*** RIVER *** [4s 9h 7c 9d] [5d]
*** SHOWDOWN ***
45fde894 collected $386.38 from pot
*** SUMMARY ***
Total pot $386.38
Board [4s 9h 7c 9d 5d]
Seat 5: 45fde894(big blind) showed [Qh Qs] and won ($386.38) with Pair of Queens and Pair of Nines
Seat 1: 31bea788 folded before Flop (didn't bet)
Seat 2: 1dde0e63 folded before Flop (didn't bet)
Seat 3: Hero folded before Flop (didn't bet)
Seat 4: d685245b(small blind) folded before Flop
Seat 7: 6f4dd853 showed [Kh Ad] and lost with Pair of Nines
Seat 6: d51bb420 folded before Flop (didn't bet)



Poker Hand #ring_974869910: NLH No Limit ($2/$4) - 2025/07/06 03:29:25
Table 'MR NLH BOMBPOT 2/4' 7-max Seat #2 is the button
Seat 5: 45fde894 ($994.41 in chips)
Seat 1: 31bea788 ($2,047.62 in chips)
Seat 2: 1dde0e63 ($443.17 in chips)
Seat 3: Hero ($669.31 in chips)
Seat 4: d685245b ($1,056.92 in chips)
Seat 7: 6f4dd853 ($192.19 in chips)
Seat 6: d51bb420 ($585.12 in chips)
Hero: posts small blind $2
d685245b: posts big blind $4
*** HOLE CARDS ***
Dealt to 45fde894 
Dealt to 31bea788 
Dealt to 1dde0e63 
Dealt to Hero [8d 3h]
Dealt to d685245b 
Dealt to 6f4dd853 
Dealt to d51bb420 
45fde894: folds
d51bb420: folds
6f4dd853: folds
31bea788: folds
1dde0e63: folds
Hero: folds
*** SHOWDOWN ***
d685245b collected $6 from pot
*** SUMMARY ***
Total pot $6
Seat 5: 45fde894 folded before Flop (didn't bet)
Seat 1: 31bea788 folded before Flop (didn't bet)
Seat 2: 1dde0e63 folded before Flop (didn't bet)
Seat 3: Hero(small blind) folded before Flop
Seat 4: d685245b(big blind)won ($6)
Seat 7: 6f4dd853 folded before Flop (didn't bet)
Seat 6: d51bb420 folded before Flop (didn't bet)



Poker Hand #ring_974868838: NLH No Limit ($2/$4) - 2025/07/06 03:28:34
Table 'MR NLH BOMBPOT 2/4' 7-max Seat #1 is the button
Seat 5: 45fde894 ($1,006.41 in chips)
Seat 1: 31bea788 ($2,047.62 in chips)
Seat 2: 1dde0e63 ($445.17 in chips)
Seat 3: Hero ($681.31 in chips)
Seat 4: d685245b ($1,056.92 in chips)
Seat 7: 6f4dd853 ($167.9 in chips)
Seat 6: d51bb420 ($585.12 in chips)
1dde0e63: posts small blind $2
Hero: posts big blind $4
*** HOLE CARDS ***
Dealt to 45fde894 
Dealt to 31bea788 
Dealt to 1dde0e63 
Dealt to Hero [8s 8d]
Dealt to d685245b 
Dealt to 6f4dd853 
Dealt to d51bb420 
d685245b: folds
45fde894: raises $8 to $12
d51bb420: folds
6f4dd853: calls $12
31bea788: folds
1dde0e63: folds
Hero: calls $8
*** FLOP *** [Ac 4h Td]
Hero: checks
45fde894: checks
6f4dd853: bets $19
Hero: folds
45fde894: folds
Uncalled bet ($19) returned to 6f4dd853
*** SHOWDOWN ***
6f4dd853 collected $38 from pot
*** SUMMARY ***
Total pot $38
Board [Ac 4h Td]
Seat 5: 45fde894 folded on the Flop
Seat 1: 31bea788 folded before Flop (didn't bet)
Seat 2: 1dde0e63(small blind) folded before Flop
Seat 3: Hero(big blind) folded on the Flop
Seat 4: d685245b folded before Flop (didn't bet)
Seat 7: 6f4dd853won ($38) with Pair of Tens
Seat 6: d51bb420 folded before Flop (didn't bet)



Poker Hand #ring_974868259: NLH No Limit ($2/$4) - 2025/07/06 03:28:07
Table 'MR NLH BOMBPOT 2/4' 7-max Seat #7 is the button
Seat 5: 45fde894 ($1,006.41 in chips)
Seat 1: 31bea788 ($2,049.62 in chips)
Seat 2: 1dde0e63 ($449.17 in chips)
Seat 3: Hero ($681.31 in chips)
Seat 4: d685245b ($1,056.92 in chips)
Seat 7: 6f4dd853 ($161.9 in chips)
Seat 6: d51bb420 ($585.12 in chips)
31bea788: posts small blind $2
1dde0e63: posts big blind $4
*** HOLE CARDS ***
Dealt to 45fde894 
Dealt to 31bea788 
Dealt to 1dde0e63 
Dealt to Hero [3c Ts]
Dealt to d685245b 
Dealt to 6f4dd853 
Dealt to d51bb420 
Hero: folds
d685245b: folds
45fde894: folds
d51bb420: folds
6f4dd853: raises $8 to $12
31bea788: folds
1dde0e63: folds
Uncalled bet ($8) returned to 6f4dd853
*** SHOWDOWN ***
6f4dd853 collected $10 from pot
*** SUMMARY ***
Total pot $10
Seat 5: 45fde894 folded before Flop (didn't bet)
Seat 1: 31bea788(small blind) folded before Flop
Seat 2: 1dde0e63(big blind) folded before Flop
Seat 3: Hero folded before Flop (didn't bet)
Seat 4: d685245b folded before Flop (didn't bet)
Seat 7: 6f4dd853won ($10)
Seat 6: d51bb420 folded before Flop (didn't bet)



Poker Hand #ring_974867501: NLH No Limit ($2/$4) - 2025/07/06 03:27:31
Table 'MR NLH BOMBPOT 2/4' 7-max Seat #6 is the button
Seat 5: 45fde894 ($1,000.41 in chips)
Seat 1: 31bea788 ($2,053.62 in chips)
Seat 2: 1dde0e63 ($449.17 in chips)
Seat 3: Hero ($681.31 in chips)
Seat 4: d685245b ($1,056.92 in chips)
Seat 7: 6f4dd853 ($163.9 in chips)
Seat 6: d51bb420 ($585.12 in chips)
6f4dd853: posts small blind $2
31bea788: posts big blind $4
*** HOLE CARDS ***
Dealt to 45fde894 
Dealt to 31bea788 
Dealt to 1dde0e63 
Dealt to Hero [3c Ah]
Dealt to d685245b 
Dealt to 6f4dd853 
Dealt to d51bb420 
1dde0e63: folds
Hero: folds
d685245b: folds
45fde894: raises $8 to $12
d51bb420: folds
6f4dd853: folds
31bea788: folds
Uncalled bet ($8) returned to 45fde894
*** SHOWDOWN ***
45fde894 collected $10 from pot
*** SUMMARY ***
Total pot $10
Seat 5: 45fde894won ($10)
Seat 1: 31bea788(big blind) folded before Flop
Seat 2: 1dde0e63 folded before Flop (didn't bet)
Seat 3: Hero folded before Flop (didn't bet)
Seat 4: d685245b folded before Flop (didn't bet)
Seat 7: 6f4dd853(small blind) folded before Flop
Seat 6: d51bb420 folded before Flop (didn't bet)



Poker Hand #ring_974865814: NLH No Limit ($2/$4) - 2025/07/06 03:26:13
Table 'MR NLH BOMBPOT 2/4' 7-max Seat #5 is the button
Seat 5: 45fde894 ($1,010.41 in chips)
Seat 1: 31bea788 ($1,990.38 in chips)
Seat 2: 1dde0e63 ($449.17 in chips)
Seat 3: Hero ($681.31 in chips)
Seat 4: d685245b ($1,056.92 in chips)
Seat 7: 6f4dd853 ($221.9 in chips)
Seat 6: d51bb420 ($587.12 in chips)
d51bb420: posts small blind $2
6f4dd853: posts big blind $4
*** HOLE CARDS ***
Dealt to 45fde894 
Dealt to 31bea788 
Dealt to 1dde0e63 
Dealt to Hero [8c Kh]
Dealt to d685245b 
Dealt to 6f4dd853 
Dealt to d51bb420 
31bea788: raises $6 to $10
1dde0e63: folds
Hero: folds
d685245b: folds
45fde894: calls $10
d51bb420: folds
6f4dd853: calls $6
*** FLOP *** [2c Jd 7h]
6f4dd853: checks
31bea788: checks
45fde894: checks
*** TURN *** [2c Jd 7h] [Jc]
6f4dd853: bets $16
31bea788: calls $16
45fde894: folds
*** RIVER *** [2c Jd 7h Jc] [7d]
6f4dd853: bets $32
31bea788: calls $32
31bea788: shows [Qc Ad]
6f4dd853: shows [Th Kd]
*** SHOWDOWN ***
31bea788 collected $128 from pot
*** SUMMARY ***
Total pot $128
Board [2c Jd 7h Jc 7d]
Seat 5: 45fde894 folded on the Turn
Seat 1: 31bea788 showed [Qc Ad] and won ($128) with Pair of Jacks and Pair of Sevens
Seat 2: 1dde0e63 folded before Flop (didn't bet)
Seat 3: Hero folded before Flop (didn't bet)
Seat 4: d685245b folded before Flop (didn't bet)
Seat 7: 6f4dd853(big blind) showed [Th Kd] and lost with Pair of Jacks and Pair of Sevens
Seat 6: d51bb420(small blind) folded before Flop



Poker Hand #ring_974861829: NLH No Limit ($2/$4) - 2025/07/06 03:23:10
Table 'MR NLH BOMBPOT 2/4' 7-max Seat #4 is the button
Seat 5: 45fde894 ($1,030.41 in chips)
Seat 1: 31bea788 ($2,088.78 in chips)
Seat 2: 1dde0e63 ($547.57 in chips)
Seat 3: Hero ($701.31 in chips)
Seat 4: d685245b ($798 in chips)
Seat 7: 6f4dd853 ($241.9 in chips)
Seat 6: d51bb420 ($607.12 in chips)
45fde894: posts the ante $20
d51bb420: posts the ante $20
6f4dd853: posts the ante $20
31bea788: posts the ante $20
1dde0e63: posts the ante $20
Hero: posts the ante $20
d685245b: posts the ante $20
*** HOLE CARDS ***
Dealt to 45fde894 
Dealt to 31bea788 
Dealt to 1dde0e63 
Dealt to Hero [5h 7s]
Dealt to d685245b 
Dealt to 6f4dd853 
Dealt to d51bb420 
*** FLOP *** [8d Td 3h]
45fde894: checks
d51bb420: checks
6f4dd853: checks
31bea788: bets $78.4
1dde0e63: calls $78.4
Hero: folds
d685245b: calls $78.4
45fde894: folds
d51bb420: folds
6f4dd853: folds
*** TURN *** [8d Td 3h] [4d]
31bea788: checks
1dde0e63: checks
d685245b: checks
*** RIVER *** [8d Td 3h 4d] [8s]
31bea788: checks
1dde0e63: checks
d685245b: bets $300.16
31bea788: folds
1dde0e63: folds
Uncalled bet ($300.16) returned to d685245b
*** SHOWDOWN ***
d685245b collected $375.2 from pot
*** SUMMARY ***
Total pot $375.2
Board [8d Td 3h 4d 8s]
Seat 5: 45fde894(small blind) folded on the Flop
Seat 1: 31bea788 folded on the River
Seat 2: 1dde0e63 folded on the River
Seat 3: Hero folded on the Flop
Seat 4: d685245bwon ($375.2) with Pair of Eights
Seat 7: 6f4dd853 folded on the Flop
Seat 6: d51bb420(big blind) folded on the Flop



Poker Hand #ring_974860444: NLH No Limit ($2/$4) - 2025/07/06 03:22:05
Table 'MR NLH BOMBPOT 2/4' 7-max Seat #3 is the button
Seat 5: 45fde894 ($1,034.41 in chips)
Seat 1: 31bea788 ($1,913.98 in chips)
Seat 2: 1dde0e63 ($547.57 in chips)
Seat 3: Hero ($701.31 in chips)
Seat 4: d685245b ($800 in chips)
Seat 7: 6f4dd853 ($241.9 in chips)
Seat 6: d51bb420 ($794 in chips)
d685245b: posts small blind $2
45fde894: posts big blind $4
*** HOLE CARDS ***
Dealt to 45fde894 
Dealt to 31bea788 
Dealt to 1dde0e63 
Dealt to Hero [2d Jc]
Dealt to d685245b 
Dealt to 6f4dd853 
Dealt to d51bb420 
d51bb420: raises $8 to $12
6f4dd853: folds
31bea788: raises $28 to $40
1dde0e63: folds
Hero: folds
d685245b: folds
45fde894: folds
d51bb420: raises $71.38 to $111.38
31bea788: calls $71.38
*** FLOP *** [Th Jd 2s]
d51bb420: bets $75.5
31bea788: raises $125.33 to $200.83
d51bb420: folds
Uncalled bet ($125.33) returned to 31bea788
*** SHOWDOWN ***
31bea788 collected $379.76 from pot
*** SUMMARY ***
Total pot $379.76
Board [Th Jd 2s]
Seat 5: 45fde894(big blind) folded before Flop
Seat 1: 31bea788won ($379.76) with Pair of Kings
Seat 2: 1dde0e63 folded before Flop (didn't bet)
Seat 3: Hero folded before Flop (didn't bet)
Seat 4: d685245b(small blind) folded before Flop
Seat 7: 6f4dd853 folded before Flop (didn't bet)
Seat 6: d51bb420 folded on the Flop



Poker Hand #ring_974859251: NLH No Limit ($2/$4) - 2025/07/06 03:21:10
Table 'MR NLH BOMBPOT 2/4' 7-max Seat #2 is the button
Seat 5: 45fde894 ($1,034.41 in chips)
Seat 1: 31bea788 ($1,913.98 in chips)
Seat 2: 1dde0e63 ($609.57 in chips)
Seat 3: Hero ($703.31 in chips)
Seat 4: d685245b ($798 in chips)
Seat 7: 6f4dd853 ($180.75 in chips)
Seat 6: d51bb420 ($794 in chips)
Hero: posts small blind $2
d685245b: posts big blind $4
*** HOLE CARDS ***
Dealt to 45fde894 
Dealt to 31bea788 
Dealt to 1dde0e63 
Dealt to Hero [3d 6s]
Dealt to d685245b 
Dealt to 6f4dd853 
Dealt to d51bb420 
45fde894: folds
d51bb420: folds
6f4dd853: raises $6 to $10
31bea788: folds
1dde0e63: raises $19.5 to $29.5
Hero: folds
d685245b: folds
6f4dd853: calls $19.5
*** FLOP *** [4c 9d 6c]
6f4dd853: checks
1dde0e63: bets $32.5
6f4dd853: raises $118.75 to $151.25 and is all-in
1dde0e63: folds
Uncalled bet ($118.75) returned to 6f4dd853
*** SHOWDOWN ***
6f4dd853 collected $130 from pot
*** SUMMARY ***
Total pot $130
Board [4c 9d 6c]
Seat 5: 45fde894 folded before Flop (didn't bet)
Seat 1: 31bea788 folded before Flop (didn't bet)
Seat 2: 1dde0e63 folded on the Flop
Seat 3: Hero(small blind) folded before Flop
Seat 4: d685245b(big blind) folded before Flop
Seat 7: 6f4dd853won ($130) with Pair of Nines
Seat 6: d51bb420 folded before Flop (didn't bet)



Poker Hand #ring_974858505: NLH No Limit ($2/$4) - 2025/07/06 03:20:36
Table 'MR NLH BOMBPOT 2/4' 7-max Seat #1 is the button
Seat 5: 45fde894 ($1,034.41 in chips)
Seat 1: 31bea788 ($1,907.98 in chips)
Seat 2: 1dde0e63 ($611.57 in chips)
Seat 3: Hero ($707.31 in chips)
Seat 4: d685245b ($798 in chips)
Seat 7: 6f4dd853 ($180.75 in chips)
Seat 6: d51bb420 ($794 in chips)
1dde0e63: posts small blind $2
Hero: posts big blind $4
*** HOLE CARDS ***
Dealt to 45fde894 
Dealt to 31bea788 
Dealt to 1dde0e63 
Dealt to Hero [5c 2h]
Dealt to d685245b 
Dealt to 6f4dd853 
Dealt to d51bb420 
d685245b: folds
45fde894: folds
d51bb420: folds
6f4dd853: folds
31bea788: raises $6 to $10
1dde0e63: folds
Hero: folds
Uncalled bet ($6) returned to 31bea788
*** SHOWDOWN ***
31bea788 collected $10 from pot
*** SUMMARY ***
Total pot $10
Seat 5: 45fde894 folded before Flop (didn't bet)
Seat 1: 31bea788won ($10)
Seat 2: 1dde0e63(small blind) folded before Flop
Seat 3: Hero(big blind) folded before Flop
Seat 4: d685245b folded before Flop (didn't bet)
Seat 7: 6f4dd853 folded before Flop (didn't bet)
Seat 6: d51bb420 folded before Flop (didn't bet)



Poker Hand #ring_974857737: NLH No Limit ($2/$4) - 2025/07/06 03:20:02
Table 'MR NLH BOMBPOT 2/4' 7-max Seat #7 is the button
Seat 1: 31bea788 ($1,903.98 in chips)
Seat 2: 1dde0e63 ($615.57 in chips)
Seat 3: Hero ($707.31 in chips)
Seat 4: d685245b ($798 in chips)
Seat 7: 6f4dd853 ($180.75 in chips)
Seat 6: d51bb420 ($794 in chips)
31bea788: posts small blind $2
1dde0e63: posts big blind $4
*** HOLE CARDS ***
Dealt to 31bea788 
Dealt to 1dde0e63 
Dealt to Hero [Ts Jh]
Dealt to d685245b 
Dealt to 6f4dd853 
Dealt to d51bb420 
Hero: folds
d685245b: folds
d51bb420: folds
6f4dd853: folds
31bea788: raises $10 to $14
1dde0e63: folds
Uncalled bet ($10) returned to 31bea788
*** SHOWDOWN ***
31bea788 collected $8 from pot
*** SUMMARY ***
Total pot $8
Seat 1: 31bea788(small blind)won ($8)
Seat 2: 1dde0e63(big blind) folded before Flop
Seat 3: Hero folded before Flop (didn't bet)
Seat 4: d685245b folded before Flop (didn't bet)
Seat 7: 6f4dd853 folded before Flop (didn't bet)
Seat 6: d51bb420 folded before Flop (didn't bet)



Poker Hand #ring_974856712: NLH No Limit ($2/$4) - 2025/07/06 03:19:16
Table 'MR NLH BOMBPOT 2/4' 7-max Seat #6 is the button
Seat 5: 45fde894 ($1,034.41 in chips)
Seat 1: 31bea788 ($1,893.98 in chips)
Seat 2: 1dde0e63 ($615.57 in chips)
Seat 3: Hero ($707.31 in chips)
Seat 4: d685245b ($798 in chips)
Seat 7: 6f4dd853 ($190.75 in chips)
Seat 6: d51bb420 ($794 in chips)
6f4dd853: posts small blind $2
31bea788: posts big blind $4
*** HOLE CARDS ***
Dealt to 45fde894 
Dealt to 31bea788 
Dealt to 1dde0e63 
Dealt to Hero [Jh Qc]
Dealt to d685245b 
Dealt to 6f4dd853 
Dealt to d51bb420 
1dde0e63: folds
Hero: folds
d685245b: folds
45fde894: folds
d51bb420: folds
6f4dd853: raises $6 to $10
31bea788: raises $25 to $35
6f4dd853: folds
Uncalled bet ($25) returned to 31bea788
*** SHOWDOWN ***
31bea788 collected $20 from pot
*** SUMMARY ***
Total pot $20
Seat 5: 45fde894 folded before Flop (didn't bet)
Seat 1: 31bea788(big blind)won ($20)
Seat 2: 1dde0e63 folded before Flop (didn't bet)
Seat 3: Hero folded before Flop (didn't bet)
Seat 4: d685245b folded before Flop (didn't bet)
Seat 7: 6f4dd853(small blind) folded before Flop
Seat 6: d51bb420 folded before Flop (didn't bet)



Poker Hand #ring_974855848: NLH No Limit ($2/$4) - 2025/07/06 03:18:35
Table 'MR NLH BOMBPOT 2/4' 7-max Seat #5 is the button
Seat 5: 45fde894 ($1,034.41 in chips)
Seat 1: 31bea788 ($1,893.98 in chips)
Seat 2: 1dde0e63 ($627.57 in chips)
Seat 3: Hero ($707.31 in chips)
Seat 4: d685245b ($798 in chips)
Seat 7: 6f4dd853 ($176.75 in chips)
Seat 6: d51bb420 ($796 in chips)
d51bb420: posts small blind $2
6f4dd853: posts big blind $4
*** HOLE CARDS ***
Dealt to 45fde894 
Dealt to 31bea788 
Dealt to 1dde0e63 
Dealt to Hero [2s 9c]
Dealt to d685245b 
Dealt to 6f4dd853 
Dealt to d51bb420 
31bea788: folds
1dde0e63: raises $8 to $12
Hero: folds
d685245b: folds
45fde894: folds
d51bb420: folds
6f4dd853: raises $26 to $38
1dde0e63: folds
Uncalled bet ($26) returned to 6f4dd853
*** SHOWDOWN ***
6f4dd853 collected $26 from pot
*** SUMMARY ***
Total pot $26
Seat 5: 45fde894 folded before Flop (didn't bet)
Seat 1: 31bea788 folded before Flop (didn't bet)
Seat 2: 1dde0e63 folded before Flop
Seat 3: Hero folded before Flop (didn't bet)
Seat 4: d685245b folded before Flop (didn't bet)
Seat 7: 6f4dd853(big blind)won ($26)
Seat 6: d51bb420(small blind) folded before Flop



Poker Hand #ring_974853937: NLH No Limit ($2/$4) - 2025/07/06 03:17:09
Table 'MR NLH BOMBPOT 2/4' 7-max Seat #4 is the button
Seat 5: 45fde894 ($1,036.41 in chips)
Seat 1: 31bea788 ($1,893.98 in chips)
Seat 2: 1dde0e63 ($654.57 in chips)
Seat 3: Hero ($678.01 in chips)
Seat 4: d685245b ($798 in chips)
Seat 7: 6f4dd853 ($176.75 in chips)
Seat 6: d51bb420 ($800 in chips)
45fde894: posts small blind $2
d51bb420: posts big blind $4
*** HOLE CARDS ***
Dealt to 45fde894 
Dealt to 31bea788 
Dealt to 1dde0e63 
Dealt to Hero [9c 7c]
Dealt to d685245b 
Dealt to 6f4dd853 
Dealt to d51bb420 
6f4dd853: folds
31bea788: folds
1dde0e63: raises $8 to $12
Hero: calls $12
d685245b: folds
45fde894: folds
d51bb420: folds
*** FLOP *** [Jc 9d 7h]
1dde0e63: checks
Hero: bets $15
1dde0e63: calls $15
*** TURN *** [Jc 9d 7h] [Ad]
1dde0e63: checks
Hero: bets $30
1dde0e63: folds
Uncalled bet ($30) returned to Hero
*** SHOWDOWN ***
Hero collected $60 from pot
*** SUMMARY ***
Total pot $60
Board [Jc 9d 7h Ad]
Seat 5: 45fde894(small blind) folded before Flop
Seat 1: 31bea788 folded before Flop (didn't bet)
Seat 2: 1dde0e63 folded on the Turn
Seat 3: Herowon ($60) with Pair of Nines and Pair of Sevens
Seat 4: d685245b folded before Flop (didn't bet)
Seat 7: 6f4dd853 folded before Flop (didn't bet)
Seat 6: d51bb420(big blind) folded before Flop



Poker Hand #ring_974851480: NLH No Limit ($2/$4) - 2025/07/06 03:15:18
Table 'MR NLH BOMBPOT 2/4' 7-max Seat #3 is the button
Seat 5: 45fde894 ($1,040.41 in chips)
Seat 1: 31bea788 ($1,975.98 in chips)
Seat 2: 1dde0e63 ($565.67 in chips)
Seat 3: Hero ($688.01 in chips)
Seat 4: d685245b ($800 in chips)
Seat 7: 6f4dd853 ($176.75 in chips)
d685245b: posts small blind $2
45fde894: posts big blind $4
*** HOLE CARDS ***
Dealt to 45fde894 
Dealt to 31bea788 
Dealt to 1dde0e63 
Dealt to Hero [Jc As]
Dealt to d685245b 
Dealt to 6f4dd853 
6f4dd853: folds
31bea788: raises $6 to $10
1dde0e63: calls $10
Hero: calls $10
d685245b: folds
45fde894: folds
*** FLOP *** [4d 3s 9c]
31bea788: checks
1dde0e63: bets $18
Hero: folds
31bea788: calls $18
*** TURN *** [4d 3s 9c] [2c]
31bea788: checks
1dde0e63: bets $54
31bea788: calls $54
*** RIVER *** [4d 3s 9c 2c] [7h]
31bea788: checks
1dde0e63: bets $125
31bea788: folds
Uncalled bet ($125) returned to 1dde0e63
*** SHOWDOWN ***
1dde0e63 collected $180 from pot
*** SUMMARY ***
Total pot $180
Board [4d 3s 9c 2c 7h]
Seat 5: 45fde894(big blind) folded before Flop
Seat 1: 31bea788 folded on the River
Seat 2: 1dde0e63won ($180) with Queen-High
Seat 3: Hero folded on the Flop
Seat 4: d685245b(small blind) folded before Flop
Seat 7: 6f4dd853 folded before Flop (didn't bet)



Poker Hand #ring_974850655: NLH No Limit ($2/$4) - 2025/07/06 03:14:40
Table 'MR NLH BOMBPOT 2/4' 7-max Seat #2 is the button
Seat 5: 45fde894 ($1,040.41 in chips)
Seat 1: 31bea788 ($1,975.98 in chips)
Seat 2: 1dde0e63 ($554.66 in chips)
Seat 3: Hero ($690.01 in chips)
Seat 4: d685245b ($796.45 in chips)
Seat 7: 6f4dd853 ($176.75 in chips)
Hero: posts small blind $2
d685245b: posts big blind $4
*** HOLE CARDS ***
Dealt to 45fde894 
Dealt to 31bea788 
Dealt to 1dde0e63 
Dealt to Hero [6h 5s]
Dealt to d685245b 
Dealt to 6f4dd853 
45fde894: folds
6f4dd853: folds
31bea788: folds
1dde0e63: raises $6 to $10
Hero: folds
d685245b: calls $6
*** FLOP *** [Js 3h 5h]
d685245b: checks
1dde0e63: bets $7.26
d685245b: folds
Uncalled bet ($7.26) returned to 1dde0e63
*** SHOWDOWN ***
1dde0e63 collected $22 from pot
*** SUMMARY ***
Total pot $22
Board [Js 3h 5h]
Seat 5: 45fde894 folded before Flop (didn't bet)
Seat 1: 31bea788 folded before Flop (didn't bet)
Seat 2: 1dde0e63won ($22) with Ace-High
Seat 3: Hero(small blind) folded before Flop
Seat 4: d685245b(big blind) folded on the Flop
Seat 7: 6f4dd853 folded before Flop (didn't bet)



Poker Hand #ring_974848723: NLH No Limit ($2/$4) - 2025/07/06 03:13:11
Table 'MR NLH BOMBPOT 2/4' 7-max Seat #1 is the button
Seat 5: 45fde894 ($1,060.41 in chips)
Seat 1: 31bea788 ($1,995.98 in chips)
Seat 6: 85081a77 ($756.2 in chips)
Seat 2: 1dde0e63 ($574.66 in chips)
Seat 3: Hero ($535.26 in chips)
Seat 4: d685245b ($816.45 in chips)
Seat 7: 6f4dd853 ($242.95 in chips)
1dde0e63: posts the ante $20
Hero: posts the ante $20
d685245b: posts the ante $20
45fde894: posts the ante $20
85081a77: posts the ante $20
6f4dd853: posts the ante $20
31bea788: posts the ante $20
*** HOLE CARDS ***
Dealt to 45fde894 
Dealt to 31bea788 
Dealt to 85081a77 
Dealt to 1dde0e63 
Dealt to Hero [6c 7h]
Dealt to d685245b 
Dealt to 6f4dd853 
*** FLOP *** [6s 4s 4h]
1dde0e63: checks
Hero: checks
d685245b: checks
45fde894: checks
85081a77: checks
6f4dd853: bets $46.2
31bea788: folds
1dde0e63: folds
Hero: calls $46.2
d685245b: folds
45fde894: folds
85081a77: folds
*** TURN *** [6s 4s 4h] [Qh]
Hero: bets $185.92
6f4dd853: folds
Uncalled bet ($185.92) returned to Hero
*** SHOWDOWN ***
Hero collected $232.4 from pot
*** SUMMARY ***
Total pot $232.4
Board [6s 4s 4h Qh]
Seat 5: 45fde894 folded on the Flop
Seat 1: 31bea788 folded on the Flop
Seat 6: 85081a77 folded on the Flop
Seat 2: 1dde0e63(small blind) folded on the Flop
Seat 3: Hero(big blind)won ($232.4) with Pair of Sixes and Pair of Fours
Seat 4: d685245b folded on the Flop
Seat 7: 6f4dd853 folded on the Turn



Poker Hand #ring_974847667: NLH No Limit ($2/$4) - 2025/07/06 03:12:25
Table 'MR NLH BOMBPOT 2/4' 7-max Seat #7 is the button
Seat 5: 45fde894 ($1,068.41 in chips)
Seat 1: 31bea788 ($1,997.98 in chips)
Seat 6: 85081a77 ($742.2 in chips)
Seat 2: 1dde0e63 ($578.66 in chips)
Seat 3: Hero ($535.26 in chips)
Seat 4: d685245b ($816.45 in chips)
Seat 7: 6f4dd853 ($242.95 in chips)
31bea788: posts small blind $2
1dde0e63: posts big blind $4
*** HOLE CARDS ***
Dealt to 45fde894 
Dealt to 31bea788 
Dealt to 85081a77 
Dealt to 1dde0e63 
Dealt to Hero [Qh 2h]
Dealt to d685245b 
Dealt to 6f4dd853 
Hero: folds
d685245b: folds
45fde894: raises $4 to $8
85081a77: raises $22 to $30
6f4dd853: folds
31bea788: folds
1dde0e63: folds
45fde894: folds
Uncalled bet ($22) returned to 85081a77
*** SHOWDOWN ***
85081a77 collected $22 from pot
*** SUMMARY ***
Total pot $22
Seat 5: 45fde894 folded before Flop
Seat 1: 31bea788(small blind) folded before Flop
Seat 6: 85081a77won ($22)
Seat 2: 1dde0e63(big blind) folded before Flop
Seat 3: Hero folded before Flop (didn't bet)
Seat 4: d685245b folded before Flop (didn't bet)
Seat 7: 6f4dd853 folded before Flop (didn't bet)



Poker Hand #ring_974846969: NLH No Limit ($2/$4) - 2025/07/06 03:11:53
Table 'MR NLH BOMBPOT 2/4' 7-max Seat #6 is the button
Seat 5: 45fde894 ($1,068.41 in chips)
Seat 1: 31bea788 ($2,001.98 in chips)
Seat 6: 85081a77 ($742.2 in chips)
Seat 2: 1dde0e63 ($590.66 in chips)
Seat 3: Hero ($535.26 in chips)
Seat 4: d685245b ($798.45 in chips)
Seat 7: 6f4dd853 ($244.95 in chips)
6f4dd853: posts small blind $2
31bea788: posts big blind $4
*** HOLE CARDS ***
Dealt to 45fde894 
Dealt to 31bea788 
Dealt to 85081a77 
Dealt to 1dde0e63 
Dealt to Hero [5d 3h]
Dealt to d685245b 
Dealt to 6f4dd853 
1dde0e63: raises $8 to $12
Hero: folds
d685245b: raises $24 to $36
45fde894: folds
85081a77: folds
6f4dd853: folds
31bea788: folds
1dde0e63: folds
Uncalled bet ($24) returned to d685245b
*** SHOWDOWN ***
d685245b collected $30 from pot
*** SUMMARY ***
Total pot $30
Seat 5: 45fde894 folded before Flop (didn't bet)
Seat 1: 31bea788(big blind) folded before Flop
Seat 6: 85081a77 folded before Flop (didn't bet)
Seat 2: 1dde0e63 folded before Flop
Seat 3: Hero folded before Flop (didn't bet)
Seat 4: d685245bwon ($30)
Seat 7: 6f4dd853(small blind) folded before Flop



Poker Hand #ring_974845597: NLH No Limit ($2/$4) - 2025/07/06 03:10:52
Table 'MR NLH BOMBPOT 2/4' 7-max Seat #5 is the button
Seat 5: 45fde894 ($1,068.41 in chips)
Seat 1: 31bea788 ($2,041.98 in chips)
Seat 6: 85081a77 ($752.2 in chips)
Seat 2: 1dde0e63 ($590.66 in chips)
Seat 3: Hero ($535.26 in chips)
Seat 4: d685245b ($798.45 in chips)
Seat 7: 6f4dd853 ($200 in chips)
85081a77: posts small blind $2
6f4dd853: posts big blind $4
*** HOLE CARDS ***
Dealt to 45fde894 
Dealt to 31bea788 
Dealt to 85081a77 
Dealt to 1dde0e63 
Dealt to Hero [Ad 5h]
Dealt to d685245b 
Dealt to 6f4dd853 
31bea788: raises $6 to $10
1dde0e63: folds
Hero: folds
d685245b: folds
45fde894: folds
85081a77: calls $8
6f4dd853: raises $30 to $40
31bea788: calls $30
85081a77: folds
*** FLOP *** [4d 9d 6s]
6f4dd853: bets $67.5
31bea788: folds
Uncalled bet ($67.5) returned to 6f4dd853
*** SHOWDOWN ***
6f4dd853 collected $90 from pot
*** SUMMARY ***
Total pot $90
Board [4d 9d 6s]
Seat 5: 45fde894 folded before Flop (didn't bet)
Seat 1: 31bea788 folded on the Flop
Seat 6: 85081a77(small blind) folded before Flop
Seat 2: 1dde0e63 folded before Flop (didn't bet)
Seat 3: Hero folded before Flop (didn't bet)
Seat 4: d685245b folded before Flop (didn't bet)
Seat 7: 6f4dd853(big blind)won ($90) with King-High



Poker Hand #ring_974844464: NLH No Limit ($2/$4) - 2025/07/06 03:10:02
Table 'MR NLH BOMBPOT 2/4' 7-max Seat #4 is the button
Seat 5: 45fde894 ($1,046.03 in chips)
Seat 1: 31bea788 ($2,041.98 in chips)
Seat 6: 85081a77 ($764.2 in chips)
Seat 2: 1dde0e63 ($602.66 in chips)
Seat 3: Hero ($535.26 in chips)
Seat 4: d685245b ($798.45 in chips)
45fde894: posts small blind $2
85081a77: posts big blind $4
*** HOLE CARDS ***
Dealt to 45fde894 
Dealt to 31bea788 
Dealt to 85081a77 
Dealt to 1dde0e63 
Dealt to Hero [Jd 3d]
Dealt to d685245b 
31bea788: folds
1dde0e63: raises $8 to $12
Hero: folds
d685245b: folds
45fde894: calls $10
85081a77: calls $8
*** FLOP *** [Kc 4s 5h]
45fde894: bets $18
85081a77: folds
1dde0e63: folds
Uncalled bet ($18) returned to 45fde894
*** SHOWDOWN ***
45fde894 collected $36 from pot
*** SUMMARY ***
Total pot $36
Board [Kc 4s 5h]
Seat 5: 45fde894(small blind)won ($36) with Pair of Kings
Seat 1: 31bea788 folded before Flop (didn't bet)
Seat 6: 85081a77(big blind) folded on the Flop
Seat 2: 1dde0e63 folded on the Flop
Seat 3: Hero folded before Flop (didn't bet)
Seat 4: d685245b folded before Flop (didn't bet)



Poker Hand #ring_974843502: NLH No Limit ($2/$4) - 2025/07/06 03:09:20
Table 'MR NLH BOMBPOT 2/4' 7-max Seat #3 is the button
Seat 5: 45fde894 ($1,050.03 in chips)
Seat 1: 31bea788 ($2,041.98 in chips)
Seat 6: 85081a77 ($739 in chips)
Seat 2: 1dde0e63 ($614.66 in chips)
Seat 3: Hero ($535.26 in chips)
Seat 4: d685245b ($810.45 in chips)
d685245b: posts small blind $2
45fde894: posts big blind $4
*** HOLE CARDS ***
Dealt to 45fde894 
Dealt to 31bea788 
Dealt to 85081a77 
Dealt to 1dde0e63 
Dealt to Hero [3d 9c]
Dealt to d685245b 
85081a77: raises $8 to $12
31bea788: folds
1dde0e63: calls $12
Hero: folds
d685245b: calls $10
45fde894: folds
*** FLOP *** [5s Qd 3c]
d685245b: checks
85081a77: bets $13.2
1dde0e63: folds
d685245b: folds
Uncalled bet ($13.2) returned to 85081a77
*** SHOWDOWN ***
85081a77 collected $40 from pot
*** SUMMARY ***
Total pot $40
Board [5s Qd 3c]
Seat 5: 45fde894(big blind) folded before Flop
Seat 1: 31bea788 folded before Flop (didn't bet)
Seat 6: 85081a77won ($40) with Pair of Queens
Seat 2: 1dde0e63 folded on the Flop
Seat 3: Hero folded before Flop (didn't bet)
Seat 4: d685245b(small blind) folded on the Flop



Poker Hand #ring_974842601: NLH No Limit ($2/$4) - 2025/07/06 03:08:41
Table 'MR NLH BOMBPOT 2/4' 7-max Seat #2 is the button
Seat 5: 45fde894 ($1,050.03 in chips)
Seat 1: 31bea788 ($2,035.98 in chips)
Seat 6: 85081a77 ($739 in chips)
Seat 2: 1dde0e63 ($614.66 in chips)
Seat 3: Hero ($537.26 in chips)
Seat 4: d685245b ($814.45 in chips)
Hero: posts small blind $2
d685245b: posts big blind $4
*** HOLE CARDS ***
Dealt to 45fde894 
Dealt to 31bea788 
Dealt to 85081a77 
Dealt to 1dde0e63 
Dealt to Hero [6c Kd]
Dealt to d685245b 
45fde894: folds
85081a77: folds
31bea788: raises $6 to $10
1dde0e63: folds
Hero: folds
d685245b: folds
Uncalled bet ($6) returned to 31bea788
*** SHOWDOWN ***
31bea788 collected $10 from pot
*** SUMMARY ***
Total pot $10
Seat 5: 45fde894 folded before Flop (didn't bet)
Seat 1: 31bea788won ($10)
Seat 6: 85081a77 folded before Flop (didn't bet)
Seat 2: 1dde0e63 folded before Flop (didn't bet)
Seat 3: Hero(small blind) folded before Flop
Seat 4: d685245b(big blind) folded before Flop



Poker Hand #ring_974840578: NLH No Limit ($2/$4) - 2025/07/06 03:07:10
Table 'MR NLH BOMBPOT 2/4' 7-max Seat #1 is the button
Seat 5: 45fde894 ($931.11 in chips)
Seat 1: 31bea788 ($2,114.23 in chips)
Seat 6: 85081a77 ($776 in chips)
Seat 2: 1dde0e63 ($616.66 in chips)
Seat 3: Hero ($549.26 in chips)
Seat 4: d685245b ($814.45 in chips)
1dde0e63: posts small blind $2
Hero: posts big blind $4
*** HOLE CARDS ***
Dealt to 45fde894 
Dealt to 31bea788 
Dealt to 85081a77 
Dealt to 1dde0e63 
Dealt to Hero [3s Ac]
Dealt to d685245b 
d685245b: folds
45fde894: raises $8 to $12
85081a77: calls $12
31bea788: calls $12
1dde0e63: folds
Hero: calls $8
*** FLOP *** [Qc 6c 8h]
Hero: checks
45fde894: checks
85081a77: bets $25
31bea788: calls $25
Hero: folds
45fde894: calls $25
*** TURN *** [Qc 6c 8h] [8s]
45fde894: checks
85081a77: checks
31bea788: bets $41.25
45fde894: calls $41.25
85081a77: folds
*** RIVER *** [Qc 6c 8h 8s] [8c]
45fde894: checks
31bea788: checks
31bea788: shows [Td 7d]
45fde894: shows [7c Kc]
*** SHOWDOWN ***
45fde894 collected $207.5 from pot
*** SUMMARY ***
Total pot $207.5
Board [Qc 6c 8h 8s 8c]
Seat 5: 45fde894 showed [7c Kc] and won ($207.5) with King High Flush
Seat 1: 31bea788 showed [Td 7d] and lost with Three Eights
Seat 6: 85081a77 folded on the Turn
Seat 2: 1dde0e63(small blind) folded before Flop
Seat 3: Hero(big blind) folded on the Flop
Seat 4: d685245b folded before Flop (didn't bet)



Poker Hand #ring_974839457: NLH No Limit ($2/$4) - 2025/07/06 03:06:21
Table 'MR NLH BOMBPOT 2/4' 7-max Seat #0 is the button
Seat 5: 45fde894 ($925.11 in chips)
Seat 1: 31bea788 ($2,116.23 in chips)
Seat 6: 85081a77 ($776 in chips)
Seat 2: 1dde0e63 ($620.66 in chips)
Seat 3: Hero ($549.26 in chips)
Seat 4: d685245b ($814.45 in chips)
31bea788: posts small blind $2
1dde0e63: posts big blind $4
*** HOLE CARDS ***
Dealt to 45fde894 
Dealt to 31bea788 
Dealt to 85081a77 
Dealt to 1dde0e63 
Dealt to Hero [7d 9c]
Dealt to d685245b 
Hero: folds
d685245b: folds
45fde894: raises $8 to $12
85081a77: folds
31bea788: folds
1dde0e63: folds
Uncalled bet ($8) returned to 45fde894
*** SHOWDOWN ***
45fde894 collected $10 from pot
*** SUMMARY ***
Total pot $10
Seat 5: 45fde894won ($10)
Seat 1: 31bea788(small blind) folded before Flop
Seat 6: 85081a77 folded before Flop (didn't bet)
Seat 2: 1dde0e63(big blind) folded before Flop
Seat 3: Hero folded before Flop (didn't bet)
Seat 4: d685245b folded before Flop (didn't bet)



Poker Hand #ring_974838921: NLH No Limit ($2/$4) - 2025/07/06 03:05:57
Table 'MR NLH BOMBPOT 2/4' 7-max Seat #6 is the button
Seat 5: 45fde894 ($925.11 in chips)
Seat 1: 31bea788 ($2,120.23 in chips)
Seat 6: 85081a77 ($772 in chips)
Seat 2: 1dde0e63 ($620.66 in chips)
Seat 3: Hero ($549.26 in chips)
Seat 4: d685245b ($814.45 in chips)
31bea788: posts big blind $4
*** HOLE CARDS ***
Dealt to 45fde894 
Dealt to 31bea788 
Dealt to 85081a77 
Dealt to 1dde0e63 
Dealt to Hero [5c 3h]
Dealt to d685245b 
1dde0e63: folds
Hero: folds
d685245b: folds
45fde894: folds
85081a77: raises $8 to $12
31bea788: folds
Uncalled bet ($8) returned to 85081a77
*** SHOWDOWN ***
85081a77 collected $8 from pot
*** SUMMARY ***
Total pot $8
Seat 5: 45fde894 folded before Flop (didn't bet)
Seat 1: 31bea788(big blind) folded before Flop
Seat 6: 85081a77won ($8)
Seat 2: 1dde0e63 folded before Flop (didn't bet)
Seat 3: Hero folded before Flop (didn't bet)
Seat 4: d685245b folded before Flop (didn't bet)



Poker Hand #ring_974837685: NLH No Limit ($2/$4) - 2025/07/06 03:05:03
Table 'MR NLH BOMBPOT 2/4' 7-max Seat #5 is the button
Seat 5: 45fde894 ($945.11 in chips)
Seat 1: 31bea788 ($1,164.66 in chips)
Seat 6: 85081a77 ($792 in chips)
Seat 2: 1dde0e63 ($640.66 in chips)
Seat 7: f0604bf8 ($946.23 in chips)
Seat 3: Hero ($569.26 in chips)
Seat 4: d685245b ($834.45 in chips)
85081a77: posts the ante $20
f0604bf8: posts the ante $20
31bea788: posts the ante $20
1dde0e63: posts the ante $20
Hero: posts the ante $20
d685245b: posts the ante $20
45fde894: posts the ante $20
*** HOLE CARDS ***
Dealt to 45fde894 
Dealt to 31bea788 
Dealt to 85081a77 
Dealt to 1dde0e63 
Dealt to f0604bf8 
Dealt to Hero [6h 8s]
Dealt to d685245b 
*** FIRST FLOP *** [Js Th 6c]
85081a77: checks
f0604bf8: bets $112
31bea788: calls $112
1dde0e63: folds
Hero: folds
d685245b: folds
45fde894: folds
85081a77: folds
*** FIRST TURN *** [Js Th 6c] [5d]
f0604bf8: bets $291.2
31bea788: raises $741.46 to $1,032.66 and is all-in
f0604bf8: calls $523.03 and is all-in
Uncalled bet ($218.43) returned to 31bea788
31bea788: shows [Ks Jc]
f0604bf8: shows [9h Qc]
*** FIRST RIVER *** [Js Th 6c 5d] [4h]
*** SECOND RIVER *** [Js Th 6c 5d] [4d]
*** FIRST SHOWDOWN ***
31bea788 collected $996.73 from pot
*** SECOND SHOWDOWN ***
31bea788 collected $995.73 from pot
*** SUMMARY ***
Total pot $1,992.46
Hand was run two timesFIRST Board [Js Th 6c 5d 4h]
SECOND Board [4d]
Seat 5: 45fde894 folded on the Flop
Seat 1: 31bea788 showed [Ks Jc] and won ($1,992.46) with Pair of Jacks / Pair of Jacks
Seat 6: 85081a77(small blind) folded on the Flop
Seat 2: 1dde0e63 folded on the Flop
Seat 7: f0604bf8(big blind) showed [9h Qc] and lost with Queen-High / Queen-High
Seat 3: Hero folded on the Flop
Seat 4: d685245b folded on the Flop



Poker Hand #ring_974836457: NLH No Limit ($2/$4) - 2025/07/06 03:04:10
Table 'MR NLH BOMBPOT 2/4' 7-max Seat #4 is the button
Seat 5: 45fde894 ($947.11 in chips)
Seat 1: 31bea788 ($1,164.66 in chips)
Seat 6: 85081a77 ($590.1 in chips)
Seat 2: 1dde0e63 ($640.66 in chips)
Seat 7: f0604bf8 ($946.23 in chips)
Seat 3: Hero ($556.43 in chips)
Seat 4: d685245b ($834.45 in chips)
45fde894: posts small blind $2
85081a77: posts big blind $4
*** HOLE CARDS ***
Dealt to 45fde894 
Dealt to 31bea788 
Dealt to 85081a77 
Dealt to 1dde0e63 
Dealt to f0604bf8 
Dealt to Hero [9c As]
Dealt to d685245b 
f0604bf8: folds
31bea788: folds
1dde0e63: folds
Hero: raises $8 to $12
d685245b: folds
45fde894: folds
85081a77: calls $8
*** FLOP *** [Jh Js 2h]
85081a77: checks
Hero: checks
*** TURN *** [Jh Js 2h] [Ah]
85081a77: checks
Hero: checks
*** RIVER *** [Jh Js 2h Ah] [Jd]
85081a77: checks
Hero: bets $13
85081a77: folds
Uncalled bet ($13) returned to Hero
*** SHOWDOWN ***
Hero collected $26 from pot
*** SUMMARY ***
Total pot $26
Board [Jh Js 2h Ah Jd]
Seat 5: 45fde894(small blind) folded before Flop
Seat 1: 31bea788 folded before Flop (didn't bet)
Seat 6: 85081a77(big blind) folded on the River
Seat 2: 1dde0e63 folded before Flop (didn't bet)
Seat 7: f0604bf8 folded before Flop (didn't bet)
Seat 3: Herowon ($26) with Jacks Full over Aces
Seat 4: d685245b folded before Flop (didn't bet)



Poker Hand #ring_974835202: NLH No Limit ($2/$4) - 2025/07/06 03:03:14
Table 'MR NLH BOMBPOT 2/4' 7-max Seat #3 is the button
Seat 5: 45fde894 ($888.19 in chips)
Seat 1: 31bea788 ($1,164.66 in chips)
Seat 6: 85081a77 ($653.84 in chips)
Seat 2: 1dde0e63 ($640.66 in chips)
Seat 7: f0604bf8 ($946.23 in chips)
Seat 3: Hero ($556.43 in chips)
Seat 4: d685245b ($836.45 in chips)
d685245b: posts small blind $2
45fde894: posts big blind $4
*** HOLE CARDS ***
Dealt to 45fde894 
Dealt to 31bea788 
Dealt to 85081a77 
Dealt to 1dde0e63 
Dealt to f0604bf8 
Dealt to Hero [6h 4c]
Dealt to d685245b 
85081a77: raises $8 to $12
f0604bf8: folds
31bea788: folds
1dde0e63: folds
Hero: folds
d685245b: folds
45fde894: calls $8
*** FLOP *** [Ks 6d Qh]
45fde894: checks
85081a77: bets $8.58
45fde894: calls $8.58
*** TURN *** [Ks 6d Qh] [Js]
45fde894: checks
85081a77: checks
*** RIVER *** [Ks 6d Qh Js] [7h]
45fde894: bets $43.16
85081a77: calls $43.16
45fde894: shows [Th 9h]
85081a77: shows [Kh Td]
*** SHOWDOWN ***
45fde894 collected $129.48 from pot
*** SUMMARY ***
Total pot $129.48
Board [Ks 6d Qh Js 7h]
Seat 5: 45fde894(big blind) showed [Th 9h] and won ($129.48) with Kings-High Straight
Seat 1: 31bea788 folded before Flop (didn't bet)
Seat 6: 85081a77 showed [Kh Td] and lost with Pair of Kings
Seat 2: 1dde0e63 folded before Flop (didn't bet)
Seat 7: f0604bf8 folded before Flop (didn't bet)
Seat 3: Hero folded before Flop (didn't bet)
Seat 4: d685245b(small blind) folded before Flop



Poker Hand #ring_974833736: NLH No Limit ($2/$4) - 2025/07/06 03:02:10
Table 'MR NLH BOMBPOT 2/4' 7-max Seat #2 is the button
Seat 5: 45fde894 ($900.19 in chips)
Seat 1: 31bea788 ($1,067.53 in chips)
Seat 6: 85081a77 ($742.78 in chips)
Seat 2: 1dde0e63 ($640.66 in chips)
Seat 7: f0604bf8 ($946.23 in chips)
Seat 3: Hero ($558.43 in chips)
Seat 4: d685245b ($840.45 in chips)
Hero: posts small blind $2
d685245b: posts big blind $4
*** HOLE CARDS ***
Dealt to 45fde894 
Dealt to 31bea788 
Dealt to 85081a77 
Dealt to 1dde0e63 
Dealt to f0604bf8 
Dealt to Hero [2s 8h]
Dealt to d685245b 
45fde894: raises $8 to $12
85081a77: calls $12
f0604bf8: folds
31bea788: raises $38 to $50
1dde0e63: folds
Hero: folds
d685245b: folds
45fde894: folds
85081a77: calls $38
*** FLOP *** [Th 7h Js]
85081a77: checks
31bea788: bets $38.94
85081a77: calls $38.94
*** TURN *** [Th 7h Js] [2c]
85081a77: checks
31bea788: checks
*** RIVER *** [Th 7h Js 2c] [5s]
85081a77: checks
31bea788: checks
31bea788: shows [9h 9c]
85081a77: shows [6d 6s]
*** SHOWDOWN ***
31bea788 collected $195.88 from pot
*** SUMMARY ***
Total pot $195.88
Board [Th 7h Js 2c 5s]
Seat 5: 45fde894 folded before Flop
Seat 1: 31bea788 showed [9h 9c] and won ($195.88) with Pair of Nines
Seat 6: 85081a77 showed [6d 6s] and lost with Pair of Sixes
Seat 2: 1dde0e63 folded before Flop (didn't bet)
Seat 7: f0604bf8 folded before Flop (didn't bet)
Seat 3: Hero(small blind) folded before Flop
Seat 4: d685245b(big blind) folded before Flop



Poker Hand #ring_974832687: NLH No Limit ($2/$4) - 2025/07/06 03:01:25
Table 'MR NLH BOMBPOT 2/4' 7-max Seat #1 is the button
Seat 5: 45fde894 ($900.19 in chips)
Seat 1: 31bea788 ($1,081.53 in chips)
Seat 6: 85081a77 ($724.31 in chips)
Seat 2: 1dde0e63 ($642.66 in chips)
Seat 7: f0604bf8 ($946.23 in chips)
Seat 3: Hero ($562.43 in chips)
Seat 4: d685245b ($840.45 in chips)
1dde0e63: posts small blind $2
Hero: posts big blind $4
*** HOLE CARDS ***
Dealt to 45fde894 
Dealt to 31bea788 
Dealt to 85081a77 
Dealt to 1dde0e63 
Dealt to f0604bf8 
Dealt to Hero [7s 4c]
Dealt to d685245b 
d685245b: folds
45fde894: folds
85081a77: raises $10 to $14
f0604bf8: folds
31bea788: calls $14
1dde0e63: folds
Hero: folds
*** FLOP *** [As Ts Qd]
85081a77: bets $11.22
31bea788: folds
Uncalled bet ($11.22) returned to 85081a77
*** SHOWDOWN ***
85081a77 collected $34 from pot
*** SUMMARY ***
Total pot $34
Board [As Ts Qd]
Seat 5: 45fde894 folded before Flop (didn't bet)
Seat 1: 31bea788 folded on the Flop
Seat 6: 85081a77won ($34) with Pair of Queens
Seat 2: 1dde0e63(small blind) folded before Flop
Seat 7: f0604bf8 folded before Flop (didn't bet)
Seat 3: Hero(big blind) folded before Flop
Seat 4: d685245b folded before Flop (didn't bet)



Poker Hand #ring_974830913: NLH No Limit ($2/$4) - 2025/07/06 03:00:09
Table 'MR NLH BOMBPOT 2/4' 7-max Seat #7 is the button
Seat 5: 45fde894 ($900.19 in chips)
Seat 1: 31bea788 ($1,083.53 in chips)
Seat 6: 85081a77 ($813.31 in chips)
Seat 2: 1dde0e63 ($560.76 in chips)
Seat 7: f0604bf8 ($946.23 in chips)
Seat 3: Hero ($562.43 in chips)
Seat 4: d685245b ($840.45 in chips)
31bea788: posts small blind $2
1dde0e63: posts big blind $4
*** HOLE CARDS ***
Dealt to 45fde894 
Dealt to 31bea788 
Dealt to 85081a77 
Dealt to 1dde0e63 
Dealt to f0604bf8 
Dealt to Hero [5h 6d]
Dealt to d685245b 
Hero: folds
d685245b: folds
45fde894: folds
85081a77: raises $6 to $10
f0604bf8: folds
31bea788: folds
1dde0e63: raises $34 to $44
85081a77: calls $34
*** FLOP *** [6s 6c Jc]
1dde0e63: checks
85081a77: checks
*** TURN *** [6s 6c Jc] [2c]
1dde0e63: bets $45
85081a77: calls $45
*** RIVER *** [6s 6c Jc 2c] [9d]
1dde0e63: bets $256
85081a77: folds
Uncalled bet ($256) returned to 1dde0e63
*** SHOWDOWN ***
1dde0e63 collected $180 from pot
*** SUMMARY ***
Total pot $180
Board [6s 6c Jc 2c 9d]
Seat 5: 45fde894 folded before Flop (didn't bet)
Seat 1: 31bea788(small blind) folded before Flop
Seat 6: 85081a77 folded on the River
Seat 2: 1dde0e63(big blind)won ($180) with Jacks Full over Sixes
Seat 7: f0604bf8 folded before Flop (didn't bet)
Seat 3: Hero folded before Flop (didn't bet)
Seat 4: d685245b folded before Flop (didn't bet)



Poker Hand #ring_974829130: NLH No Limit ($2/$4) - 2025/07/06 02:58:49
Table 'MR NLH BOMBPOT 2/4' 7-max Seat #6 is the button
Seat 5: 45fde894 ($900.19 in chips)
Seat 1: 31bea788 ($1,087.53 in chips)
Seat 6: 85081a77 ($908.31 in chips)
Seat 2: 1dde0e63 ($469.58 in chips)
Seat 7: f0604bf8 ($948.23 in chips)
Seat 3: Hero ($562.43 in chips)
Seat 4: d685245b ($840.45 in chips)
f0604bf8: posts small blind $2
31bea788: posts big blind $4
*** HOLE CARDS ***
Dealt to 45fde894 
Dealt to 31bea788 
Dealt to 85081a77 
Dealt to 1dde0e63 
Dealt to f0604bf8 
Dealt to Hero [Th Jc]
Dealt to d685245b 
1dde0e63: raises $8 to $12
Hero: folds
d685245b: folds
45fde894: folds
85081a77: raises $22.5 to $34.5
f0604bf8: folds
31bea788: folds
1dde0e63: raises $60.5 to $95
85081a77: calls $60.5
*** FLOP *** [5h Kh 8s]
1dde0e63: checks
85081a77: checks
*** TURN *** [5h Kh 8s] [8c]
1dde0e63: checks
85081a77: checks
*** RIVER *** [5h Kh 8s 8c] [5d]
1dde0e63: bets $78
85081a77: folds
Uncalled bet ($78) returned to 1dde0e63
*** SHOWDOWN ***
1dde0e63 collected $196 from pot
*** SUMMARY ***
Total pot $196
Board [5h Kh 8s 8c 5d]
Seat 5: 45fde894 folded before Flop (didn't bet)
Seat 1: 31bea788(big blind) folded before Flop
Seat 6: 85081a77 folded on the River
Seat 2: 1dde0e63won ($196) with Pair of Queens and Pair of Eights
Seat 7: f0604bf8(small blind) folded before Flop
Seat 3: Hero folded before Flop (didn't bet)
Seat 4: d685245b folded before Flop (didn't bet)



Poker Hand #ring_974828563: NLH No Limit ($2/$4) - 2025/07/06 02:58:23
Table 'MR NLH BOMBPOT 2/4' 7-max Seat #5 is the button
Seat 5: 45fde894 ($890.19 in chips)
Seat 1: 31bea788 ($1,087.53 in chips)
Seat 6: 85081a77 ($910.31 in chips)
Seat 2: 1dde0e63 ($473.58 in chips)
Seat 7: f0604bf8 ($952.23 in chips)
Seat 3: Hero ($562.43 in chips)
Seat 4: d685245b ($840.45 in chips)
85081a77: posts small blind $2
f0604bf8: posts big blind $4
1dde0e63: posts big blind $4
*** HOLE CARDS ***
Dealt to 45fde894 
Dealt to 31bea788 
Dealt to 85081a77 
Dealt to 1dde0e63 
Dealt to f0604bf8 
Dealt to Hero [Qd 8h]
Dealt to d685245b 
31bea788: folds
1dde0e63: checks
Hero: folds
d685245b: folds
45fde894: raises $8 to $12
85081a77: folds
f0604bf8: folds
1dde0e63: folds
Uncalled bet ($8) returned to 45fde894
*** SHOWDOWN ***
45fde894 collected $14 from pot
*** SUMMARY ***
Total pot $14
Seat 5: 45fde894won ($14)
Seat 1: 31bea788 folded before Flop (didn't bet)
Seat 6: 85081a77(small blind) folded before Flop
Seat 2: 1dde0e63 folded before Flop
Seat 7: f0604bf8(big blind) folded before Flop
Seat 3: Hero folded before Flop (didn't bet)
Seat 4: d685245b folded before Flop (didn't bet)



Poker Hand #ring_974825857: NLH No Limit ($2/$4) - 2025/07/06 02:56:27
Table 'MR NLH BOMBPOT 2/4' 7-max Seat #4 is the button
Seat 5: 45fde894 ($813.32 in chips)
Seat 1: 31bea788 ($1,107.43 in chips)
Seat 6: 85081a77 ($974.99 in chips)
Seat 7: f0604bf8 ($952.23 in chips)
Seat 3: Hero ($562.43 in chips)
Seat 4: d685245b ($840.45 in chips)
45fde894: posts small blind $2
85081a77: posts big blind $4
*** HOLE CARDS ***
Dealt to 45fde894 
Dealt to 31bea788 
Dealt to 85081a77 
Dealt to f0604bf8 
Dealt to Hero [4d Qh]
Dealt to d685245b 
f0604bf8: folds
31bea788: raises $6 to $10
Hero: folds
d685245b: folds
45fde894: calls $8
85081a77: calls $6
*** FLOP *** [2c 2h Jh]
45fde894: checks
85081a77: bets $9.9
31bea788: calls $9.9
45fde894: calls $9.9
*** TURN *** [2c 2h Jh] [Ks]
45fde894: checks
85081a77: checks
31bea788: checks
*** RIVER *** [2c 2h Jh Ks] [Ah]
45fde894: checks
85081a77: bets $44.78
31bea788: folds
45fde894: raises $149.27 to $194.05
85081a77: folds
Uncalled bet ($149.27) returned to 45fde894
*** SHOWDOWN ***
45fde894 collected $149.26 from pot
*** SUMMARY ***
Total pot $149.26
Board [2c 2h Jh Ks Ah]
Seat 5: 45fde894(small blind)won ($149.26) with Four Twos
Seat 1: 31bea788 folded on the River
Seat 6: 85081a77(big blind) folded on the River
Seat 7: f0604bf8 folded before Flop (didn't bet)
Seat 3: Hero folded before Flop (didn't bet)
Seat 4: d685245b folded before Flop (didn't bet)



Poker Hand #ring_974824198: NLH No Limit ($2/$4) - 2025/07/06 02:55:16
Table 'MR NLH BOMBPOT 2/4' 7-max Seat #3 is the button
Seat 5: 45fde894 ($823.32 in chips)
Seat 1: 31bea788 ($1,189.63 in chips)
Seat 6: 85081a77 ($974.99 in chips)
Seat 7: f0604bf8 ($952.23 in chips)
Seat 3: Hero ($477.16 in chips)
Seat 4: d685245b ($842.45 in chips)
d685245b: posts small blind $2
45fde894: posts big blind $4
*** HOLE CARDS ***
Dealt to 45fde894 
Dealt to 31bea788 
Dealt to 85081a77 
Dealt to f0604bf8 
Dealt to Hero [3h Ah]
Dealt to d685245b 
85081a77: folds
f0604bf8: folds
31bea788: raises $6 to $10
Hero: calls $10
d685245b: folds
45fde894: calls $6
*** FLOP *** [9h 3d 3c]
45fde894: checks
31bea788: bets $17.92
Hero: calls $17.92
45fde894: folds
*** TURN *** [9h 3d 3c] [Js]
31bea788: checks
Hero: checks
*** RIVER *** [9h 3d 3c Js] [7d]
31bea788: checks
Hero: bets $54.28
31bea788: calls $54.28
31bea788: shows [8h 8c]
Hero: shows [3h Ah]
*** SHOWDOWN ***
Hero collected $176.4 from pot
*** SUMMARY ***
Total pot $176.4
Board [9h 3d 3c Js 7d]
Seat 5: 45fde894(big blind) folded on the Flop
Seat 1: 31bea788 showed [8h 8c] and lost with Pair of Eights and Pair of Treys
Seat 6: 85081a77 folded before Flop (didn't bet)
Seat 7: f0604bf8 folded before Flop (didn't bet)
Seat 3: Hero showed [3h Ah] and won ($176.4) with Three Treys
Seat 4: d685245b(small blind) folded before Flop



Poker Hand #ring_974823319: NLH No Limit ($2/$4) - 2025/07/06 02:54:38
Table 'MR NLH BOMBPOT 2/4' 7-max Seat #1 is the button
Seat 5: 45fde894 ($843.32 in chips)
Seat 1: 31bea788 ($1,096.03 in chips)
Seat 6: 85081a77 ($994.99 in chips)
Seat 7: f0604bf8 ($972.23 in chips)
Seat 3: Hero ($497.16 in chips)
Seat 4: d685245b ($862.45 in chips)
Hero: posts the ante $20
d685245b: posts the ante $20
45fde894: posts the ante $20
85081a77: posts the ante $20
f0604bf8: posts the ante $20
31bea788: posts the ante $20
*** HOLE CARDS ***
Dealt to 45fde894 
Dealt to 31bea788 
Dealt to 85081a77 
Dealt to f0604bf8 
Dealt to Hero [8c 5d]
Dealt to d685245b 
*** FLOP *** [6c Jc Qc]
Hero: checks
d685245b: checks
45fde894: checks
85081a77: checks
f0604bf8: checks
31bea788: bets $90
Hero: folds
d685245b: folds
45fde894: folds
85081a77: folds
f0604bf8: folds
Uncalled bet ($90) returned to 31bea788
31bea788: shows [Qh]
*** SHOWDOWN ***
31bea788 collected $120 from pot
*** SUMMARY ***
Total pot $120
Board [6c Jc Qc]
Seat 5: 45fde894 folded on the Flop
Seat 1: 31bea788 showed [Qh] and won ($120) with Pair of Queens
Seat 6: 85081a77 folded on the Flop
Seat 7: f0604bf8 folded on the Flop
Seat 3: Hero(small blind) folded on the Flop
Seat 4: d685245b(big blind) folded on the Flop



Poker Hand #ring_974821543: NLH No Limit ($2/$4) - 2025/07/06 02:53:21
Table 'MR NLH BOMBPOT 2/4' 7-max Seat #7 is the button
Seat 5: 45fde894 ($843.32 in chips)
Seat 1: 31bea788 ($1,163.75 in chips)
Seat 6: 85081a77 ($994.99 in chips)
Seat 7: f0604bf8 ($972.23 in chips)
Seat 3: Hero ($501.16 in chips)
Seat 4: d685245b ($798 in chips)
31bea788: posts small blind $2
Hero: posts big blind $4
*** HOLE CARDS ***
Dealt to 45fde894 
Dealt to 31bea788 
Dealt to 85081a77 
Dealt to f0604bf8 
Dealt to Hero [Ac 2d]
Dealt to d685245b 
d685245b: raises $6 to $10
45fde894: folds
85081a77: folds
f0604bf8: folds
31bea788: raises $30 to $40
Hero: folds
d685245b: calls $30
*** FLOP *** [7c Kd Td]
31bea788: bets $27.72
d685245b: calls $27.72
*** TURN *** [7c Kd Td] [Qc]
31bea788: checks
d685245b: bets $100
31bea788: folds
Uncalled bet ($100) returned to d685245b
*** SHOWDOWN ***
d685245b collected $139.44 from pot
*** SUMMARY ***
Total pot $139.44
Board [7c Kd Td Qc]
Seat 5: 45fde894 folded before Flop (didn't bet)
Seat 1: 31bea788(small blind) folded on the Turn
Seat 6: 85081a77 folded before Flop (didn't bet)
Seat 7: f0604bf8 folded before Flop (didn't bet)
Seat 3: Hero(big blind) folded before Flop
Seat 4: d685245bwon ($139.44) with Three Tens



Poker Hand #ring_974820287: NLH No Limit ($2/$4) - 2025/07/06 02:52:28
Table 'MR NLH BOMBPOT 2/4' 7-max Seat #6 is the button
Seat 5: 45fde894 ($867.32 in chips)
Seat 1: 31bea788 ($1,141 in chips)
Seat 6: 85081a77 ($994.99 in chips)
Seat 7: f0604bf8 ($974.23 in chips)
Seat 3: Hero ($501.16 in chips)
Seat 4: d685245b ($798 in chips)
f0604bf8: posts small blind $2
31bea788: posts big blind $4
*** HOLE CARDS ***
Dealt to 45fde894 
Dealt to 31bea788 
Dealt to 85081a77 
Dealt to f0604bf8 
Dealt to Hero [3s Jc]
Dealt to d685245b 
Hero: folds
d685245b: folds
45fde894: calls $4
85081a77: folds
f0604bf8: folds
31bea788: checks
*** FLOP *** [Tc 7s 3h]
31bea788: checks
45fde894: bets $5
31bea788: calls $5
*** TURN *** [Tc 7s 3h] [4h]
31bea788: checks
45fde894: bets $15
31bea788: calls $15
*** RIVER *** [Tc 7s 3h 4h] [6h]
31bea788: checks
45fde894: checks
31bea788: shows [9h 8s]
45fde894: shows [Ah Ac]
*** SHOWDOWN ***
31bea788 collected $50 from pot
*** SUMMARY ***
Total pot $50
Board [Tc 7s 3h 4h 6h]
Seat 5: 45fde894 showed [Ah Ac] and lost with Pair of Aces
Seat 1: 31bea788(big blind) showed [9h 8s] and won ($50) with Tens-High Straight
Seat 6: 85081a77 folded before Flop (didn't bet)
Seat 7: f0604bf8(small blind) folded before Flop
Seat 3: Hero folded before Flop (didn't bet)
Seat 4: d685245b folded before Flop (didn't bet)



Poker Hand #ring_974819755: NLH No Limit ($2/$4) - 2025/07/06 02:52:06
Table 'MR NLH BOMBPOT 2/4' 7-max Seat #5 is the button
Seat 5: 45fde894 ($867.32 in chips)
Seat 1: 31bea788 ($1,141 in chips)
Seat 6: 85081a77 ($996.99 in chips)
Seat 7: f0604bf8 ($972.23 in chips)
Seat 3: Hero ($501.16 in chips)
Seat 4: d685245b ($798 in chips)
85081a77: posts small blind $2
f0604bf8: posts big blind $4
*** HOLE CARDS ***
Dealt to 45fde894 
Dealt to 31bea788 
Dealt to 85081a77 
Dealt to f0604bf8 
Dealt to Hero [4c Kd]
Dealt to d685245b 
31bea788: folds
Hero: folds
d685245b: folds
45fde894: folds
85081a77: folds
*** SHOWDOWN ***
f0604bf8 collected $6 from pot
*** SUMMARY ***
Total pot $6
Seat 5: 45fde894 folded before Flop (didn't bet)
Seat 1: 31bea788 folded before Flop (didn't bet)
Seat 6: 85081a77(small blind) folded before Flop
Seat 7: f0604bf8(big blind)won ($6)
Seat 3: Hero folded before Flop (didn't bet)
Seat 4: d685245b folded before Flop (didn't bet)



Poker Hand #ring_974818697: NLH No Limit ($2/$4) - 2025/07/06 02:51:21
Table 'MR NLH BOMBPOT 2/4' 7-max Seat #4 is the button
Seat 5: 45fde894 ($869.32 in chips)
Seat 1: 31bea788 ($1,141 in chips)
Seat 6: 85081a77 ($967.41 in chips)
Seat 7: f0604bf8 ($972.23 in chips)
Seat 3: Hero ($532.66 in chips)
Seat 4: d685245b ($798 in chips)
45fde894: posts small blind $2
85081a77: posts big blind $4
*** HOLE CARDS ***
Dealt to 45fde894 
Dealt to 31bea788 
Dealt to 85081a77 
Dealt to f0604bf8 
Dealt to Hero [As Td]
Dealt to d685245b 
f0604bf8: folds
31bea788: folds
Hero: raises $8 to $12
d685245b: folds
45fde894: folds
85081a77: calls $8
*** FLOP *** [Ts 4h Kh]
85081a77: checks
Hero: checks
*** TURN *** [Ts 4h Kh] [Qs]
85081a77: bets $19.5
Hero: calls $19.5
*** RIVER *** [Ts 4h Kh Qs] [6d]
85081a77: bets $32.5
Hero: folds
Uncalled bet ($32.5) returned to 85081a77
*** SHOWDOWN ***
85081a77 collected $65 from pot
*** SUMMARY ***
Total pot $65
Board [Ts 4h Kh Qs 6d]
Seat 5: 45fde894(small blind) folded before Flop
Seat 1: 31bea788 folded before Flop (didn't bet)
Seat 6: 85081a77(big blind)won ($65) with Pair of Queens
Seat 7: f0604bf8 folded before Flop (didn't bet)
Seat 3: Hero folded on the River
Seat 4: d685245b folded before Flop (didn't bet)



Poker Hand #ring_974817950: NLH No Limit ($2/$4) - 2025/07/06 02:50:49
Table 'MR NLH BOMBPOT 2/4' 7-max Seat #3 is the button
Seat 5: 45fde894 ($873.32 in chips)
Seat 1: 31bea788 ($1,126.17 in chips)
Seat 6: 85081a77 ($967.41 in chips)
Seat 7: f0604bf8 ($972.23 in chips)
Seat 3: Hero ($542.66 in chips)
Seat 4: d685245b ($800 in chips)
d685245b: posts small blind $2
45fde894: posts big blind $4
*** HOLE CARDS ***
Dealt to 45fde894 
Dealt to 31bea788 
Dealt to 85081a77 
Dealt to f0604bf8 
Dealt to Hero [Js Kd]
Dealt to d685245b 
85081a77: folds
f0604bf8: folds
31bea788: raises $6 to $10
Hero: calls $10
d685245b: folds
45fde894: folds
*** FLOP *** [5d 5s 4d]
31bea788: bets $14.56
Hero: folds
Uncalled bet ($14.56) returned to 31bea788
*** SHOWDOWN ***
31bea788 collected $26 from pot
*** SUMMARY ***
Total pot $26
Board [5d 5s 4d]
Seat 5: 45fde894(big blind) folded before Flop
Seat 1: 31bea788won ($26) with Pair of Fives
Seat 6: 85081a77 folded before Flop (didn't bet)
Seat 7: f0604bf8 folded before Flop (didn't bet)
Seat 3: Hero folded on the Flop
Seat 4: d685245b(small blind) folded before Flop



Poker Hand #ring_974816638: NLH No Limit ($2/$4) - 2025/07/06 02:49:54
Table 'MR NLH BOMBPOT 2/4' 7-max Seat #1 is the button
Seat 5: 45fde894 ($848.66 in chips)
Seat 1: 31bea788 ($1,126.17 in chips)
Seat 6: 85081a77 ($989.31 in chips)
Seat 7: f0604bf8 ($972.23 in chips)
Seat 3: Hero ($544.66 in chips)
Seat 4: d685245b ($800 in chips)
Hero: posts small blind $2
d685245b: posts big blind $4
*** HOLE CARDS ***
Dealt to 45fde894 
Dealt to 31bea788 
Dealt to 85081a77 
Dealt to f0604bf8 
Dealt to Hero [3h 9d]
Dealt to d685245b 
45fde894: calls $4
85081a77: raises $8 to $12
f0604bf8: folds
31bea788: folds
Hero: folds
d685245b: folds
45fde894: calls $8
*** FLOP *** [Kd Jc Ah]
45fde894: checks
85081a77: bets $9.9
45fde894: calls $9.9
*** TURN *** [Kd Jc Ah] [Js]
45fde894: checks
85081a77: checks
*** RIVER *** [Kd Jc Ah Js] [Qh]
45fde894: bets $24.9
85081a77: folds
Uncalled bet ($24.9) returned to 45fde894
*** SHOWDOWN ***
45fde894 collected $49.8 from pot
*** SUMMARY ***
Total pot $49.8
Board [Kd Jc Ah Js Qh]
Seat 5: 45fde894won ($49.8) with Aces-High Straight
Seat 1: 31bea788 folded before Flop (didn't bet)
Seat 6: 85081a77 folded on the River
Seat 7: f0604bf8 folded before Flop (didn't bet)
Seat 3: Hero(small blind) folded before Flop
Seat 4: d685245b(big blind) folded before Flop



Poker Hand #ring_974815847: NLH No Limit ($2/$4) - 2025/07/06 02:49:23
Table 'MR NLH BOMBPOT 2/4' 7-max Seat #7 is the button
Seat 5: 45fde894 ($848.66 in chips)
Seat 1: 31bea788 ($1,138.17 in chips)
Seat 6: 85081a77 ($966.93 in chips)
Seat 7: f0604bf8 ($972.23 in chips)
Seat 3: Hero ($556.66 in chips)
Seat 4: d685245b ($800 in chips)
31bea788: posts small blind $2
Hero: posts big blind $4
*** HOLE CARDS ***
Dealt to 45fde894 
Dealt to 31bea788 
Dealt to 85081a77 
Dealt to f0604bf8 
Dealt to Hero [Th 9s]
Dealt to d685245b 
d685245b: folds
45fde894: folds
85081a77: raises $8 to $12
f0604bf8: folds
31bea788: calls $10
Hero: calls $8
*** FLOP *** [4s 7s Qd]
31bea788: checks
Hero: checks
85081a77: bets $11.88
31bea788: folds
Hero: folds
Uncalled bet ($11.88) returned to 85081a77
*** SHOWDOWN ***
85081a77 collected $36 from pot
*** SUMMARY ***
Total pot $36
Board [4s 7s Qd]
Seat 5: 45fde894 folded before Flop (didn't bet)
Seat 1: 31bea788(small blind) folded on the Flop
Seat 6: 85081a77won ($36) with Queen-High
Seat 7: f0604bf8 folded before Flop (didn't bet)
Seat 3: Hero(big blind) folded on the Flop
Seat 4: d685245b folded before Flop (didn't bet)



Poker Hand #ring_974814664: NLH No Limit ($2/$4) - 2025/07/06 02:48:31
Table 'MR NLH BOMBPOT 2/4' 7-max Seat #6 is the button
Seat 5: 45fde894 ($848.66 in chips)
Seat 1: 31bea788 ($1,120.55 in chips)
Seat 6: 85081a77 ($984.19 in chips)
Seat 2: 5e9764c4 ($561.48 in chips)
Seat 7: f0604bf8 ($974.23 in chips)
Seat 3: Hero ($556.66 in chips)
Seat 4: d685245b ($800 in chips)
f0604bf8: posts small blind $2
31bea788: posts big blind $4
*** HOLE CARDS ***
Dealt to 45fde894 
Dealt to 31bea788 
Dealt to 85081a77 
Dealt to 5e9764c4 
Dealt to f0604bf8 
Dealt to Hero [7h Qd]
Dealt to d685245b 
5e9764c4: folds
Hero: folds
d685245b: folds
45fde894: folds
85081a77: raises $6 to $10
f0604bf8: folds
31bea788: calls $6
*** FLOP *** [3d Ad 3s]
31bea788: checks
85081a77: bets $7.26
31bea788: calls $7.26
*** TURN *** [3d Ad 3s] [Qs]
31bea788: checks
85081a77: checks
*** RIVER *** [3d Ad 3s Qs] [Kh]
31bea788: bets $27.39
85081a77: folds
Uncalled bet ($27.39) returned to 31bea788
*** SHOWDOWN ***
31bea788 collected $36.52 from pot
*** SUMMARY ***
Total pot $36.52
Board [3d Ad 3s Qs Kh]
Seat 5: 45fde894 folded before Flop (didn't bet)
Seat 1: 31bea788(big blind)won ($36.52) with Three Treys
Seat 6: 85081a77 folded on the River
Seat 2: 5e9764c4 folded before Flop (didn't bet)
Seat 7: f0604bf8(small blind) folded before Flop
Seat 3: Hero folded before Flop (didn't bet)
Seat 4: d685245b folded before Flop (didn't bet)



Poker Hand #ring_974812663: NLH No Limit ($2/$4) - 2025/07/06 02:47:05
Table 'MR NLH BOMBPOT 2/4' 7-max Seat #5 is the button
Seat 5: 45fde894 ($748.73 in chips)
Seat 1: 31bea788 ($1,196.3 in chips)
Seat 6: 85081a77 ($1,013.69 in chips)
Seat 2: 5e9764c4 ($561.48 in chips)
Seat 7: f0604bf8 ($978.23 in chips)
Seat 3: Hero ($556.66 in chips)
Seat 4: d685245b ($800 in chips)
85081a77: posts small blind $2
f0604bf8: posts big blind $4
*** HOLE CARDS ***
Dealt to 45fde894 
Dealt to 31bea788 
Dealt to 85081a77 
Dealt to 5e9764c4 
Dealt to f0604bf8 
Dealt to Hero [7h Tc]
Dealt to d685245b 
31bea788: raises $6 to $10
5e9764c4: folds
Hero: folds
d685245b: folds
45fde894: raises $19.5 to $29.5
85081a77: calls $27.5
f0604bf8: folds
31bea788: calls $19.5
*** FLOP *** [Qs 2h 5d]
85081a77: checks
31bea788: checks
45fde894: bets $46.25
85081a77: folds
31bea788: calls $46.25
*** TURN *** [Qs 2h 5d] [4d]
31bea788: checks
45fde894: bets $92.5
31bea788: folds
Uncalled bet ($92.5) returned to 45fde894
*** SHOWDOWN ***
45fde894 collected $185 from pot
*** SUMMARY ***
Total pot $185
Board [Qs 2h 5d 4d]
Seat 5: 45fde894won ($185) with Ace-High
Seat 1: 31bea788 folded on the Turn
Seat 6: 85081a77(small blind) folded on the Flop
Seat 2: 5e9764c4 folded before Flop (didn't bet)
Seat 7: f0604bf8(big blind) folded before Flop
Seat 3: Hero folded before Flop (didn't bet)
Seat 4: d685245b folded before Flop (didn't bet)



Poker Hand #ring_974810394: NLH No Limit ($2/$4) - 2025/07/06 02:45:28
Table 'MR NLH BOMBPOT 2/4' 7-max Seat #4 is the button
Seat 5: 45fde894 ($707.42 in chips)
Seat 1: 31bea788 ($1,216.3 in chips)
Seat 6: 85081a77 ($1,033.69 in chips)
Seat 2: 5e9764c4 ($581.48 in chips)
Seat 7: f0604bf8 ($998.23 in chips)
Seat 3: Hero ($515.35 in chips)
Seat 4: d685245b ($798 in chips)
45fde894: posts the ante $20
85081a77: posts the ante $20
f0604bf8: posts the ante $20
31bea788: posts the ante $20
5e9764c4: posts the ante $20
Hero: posts the ante $20
d685245b: posts the ante $20
*** HOLE CARDS ***
Dealt to 45fde894 
Dealt to 31bea788 
Dealt to 85081a77 
Dealt to 5e9764c4 
Dealt to f0604bf8 
Dealt to Hero [7h Kd]
Dealt to d685245b 
*** FLOP *** [Kc 7c Jc]
45fde894: checks
85081a77: checks
f0604bf8: checks
31bea788: checks
5e9764c4: checks
Hero: bets $112
d685245b: folds
45fde894: calls $112
85081a77: folds
f0604bf8: folds
31bea788: folds
5e9764c4: folds
*** TURN *** [Kc 7c Jc] [5c]
45fde894: checks
Hero: checks
*** RIVER *** [Kc 7c Jc 5c] [Qc]
45fde894: checks
Hero: checks
Hero: shows [7h Kd]
45fde894: shows [Js Jh]
*** SHOWDOWN ***
Hero collected $182 from pot
45fde894 collected $182 from pot
*** SUMMARY ***
Total pot $364
Board [Kc 7c Jc 5c Qc]
Seat 5: 45fde894(small blind) showed [Js Jh] and won ($182) with King High Flush
Seat 1: 31bea788 folded on the Flop
Seat 6: 85081a77(big blind) folded on the Flop
Seat 2: 5e9764c4 folded on the Flop
Seat 7: f0604bf8 folded on the Flop
Seat 3: Hero showed [7h Kd] and won ($182) with King High Flush
Seat 4: d685245b folded on the Flop



Poker Hand #ring_974808045: NLH No Limit ($2/$4) - 2025/07/06 02:43:49
Table 'MR NLH BOMBPOT 2/4' 7-max Seat #3 is the button
Seat 5: 45fde894 ($717.42 in chips)
Seat 1: 31bea788 ($1,226.3 in chips)
Seat 6: 85081a77 ($1,043.69 in chips)
Seat 2: 5e9764c4 ($552.37 in chips)
Seat 7: f0604bf8 ($998.23 in chips)
Seat 3: Hero ($515.35 in chips)
Seat 4: d685245b ($800 in chips)
d685245b: posts small blind $2
45fde894: posts big blind $4
*** HOLE CARDS ***
Dealt to 45fde894 
Dealt to 31bea788 
Dealt to 85081a77 
Dealt to 5e9764c4 
Dealt to f0604bf8 
Dealt to Hero [3d 6h]
Dealt to d685245b 
85081a77: raises $6 to $10
f0604bf8: folds
31bea788: calls $10
5e9764c4: calls $10
Hero: folds
d685245b: folds
45fde894: calls $6
*** FLOP *** [Jc 5h Kh]
45fde894: checks
85081a77: checks
31bea788: checks
5e9764c4: checks
*** TURN *** [Jc 5h Kh] [3h]
45fde894: checks
85081a77: checks
31bea788: checks
5e9764c4: checks
*** RIVER *** [Jc 5h Kh 3h] [7h]
45fde894: checks
85081a77: checks
31bea788: checks
5e9764c4: checks
31bea788: shows [Qc 3c]
5e9764c4: shows [Ad 7d]
45fde894: shows [Qs Ts]
85081a77: shows [6d 7c]
*** SHOWDOWN ***
5e9764c4 collected $42 from pot
*** SUMMARY ***
Total pot $42
Board [Jc 5h Kh 3h 7h]
Seat 5: 45fde894(big blind) showed [Qs Ts] and lost with King-High
Seat 1: 31bea788 showed [Qc 3c] and lost with Pair of Treys
Seat 6: 85081a77 showed [6d 7c] and lost with Pair of Sevens
Seat 2: 5e9764c4 showed [Ad 7d] and won ($42) with Pair of Sevens
Seat 7: f0604bf8 folded before Flop (didn't bet)
Seat 3: Hero folded before Flop (didn't bet)
Seat 4: d685245b(small blind) folded before Flop



Poker Hand #ring_974806199: NLH No Limit ($2/$4) - 2025/07/06 02:42:31
Table 'MR NLH BOMBPOT 2/4' 7-max Seat #2 is the button
Seat 5: 45fde894 ($717.42 in chips)
Seat 1: 31bea788 ($1,043.08 in chips)
Seat 6: 85081a77 ($1,043.69 in chips)
Seat 2: 5e9764c4 ($552.37 in chips)
Seat 7: f0604bf8 ($998.23 in chips)
Seat 3: Hero ($517.35 in chips)
Seat 4: d685245b ($800 in chips)
Hero: posts small blind $2
d685245b: posts big blind $4
*** HOLE CARDS ***
Dealt to 45fde894 
Dealt to 31bea788 
Dealt to 85081a77 
Dealt to 5e9764c4 
Dealt to f0604bf8 
Dealt to Hero [Jd 2s]
Dealt to d685245b 
45fde894: folds
85081a77: folds
f0604bf8: folds
31bea788: raises $6 to $10
5e9764c4: folds
Hero: folds
d685245b: raises $38 to $48
31bea788: calls $38
*** FLOP *** [8c 8h Ks]
d685245b: bets $32.34
31bea788: calls $32.34
*** TURN *** [8c 8h Ks] [4c]
d685245b: bets $120
31bea788: calls $120
*** RIVER *** [8c 8h Ks 4c] [Qc]
d685245b: checks
31bea788: bets $302.01
d685245b: folds
Uncalled bet ($302.01) returned to 31bea788
*** SHOWDOWN ***
31bea788 collected $402.68 from pot
*** SUMMARY ***
Total pot $402.68
Board [8c 8h Ks 4c Qc]
Seat 5: 45fde894 folded before Flop (didn't bet)
Seat 1: 31bea788won ($402.68) with Pair of Kings and Pair of Queens
Seat 6: 85081a77 folded before Flop (didn't bet)
Seat 2: 5e9764c4 folded before Flop (didn't bet)
Seat 7: f0604bf8 folded before Flop (didn't bet)
Seat 3: Hero(small blind) folded before Flop
Seat 4: d685245b(big blind) folded on the River



Poker Hand #ring_974803244: NLH No Limit ($2/$4) - 2025/07/06 02:40:27
Table 'MR NLH BOMBPOT 2/4' 7-max Seat #1 is the button
Seat 5: 45fde894 ($717.42 in chips)
Seat 1: 31bea788 ($1,043.08 in chips)
Seat 6: 85081a77 ($778.06 in chips)
Seat 2: 5e9764c4 ($554.37 in chips)
Seat 7: f0604bf8 ($998.23 in chips)
Seat 3: Hero ($527.35 in chips)
Seat 4: d685245b ($955.42 in chips)
5e9764c4: posts small blind $2
Hero: posts big blind $4
*** HOLE CARDS ***
Dealt to 45fde894 
Dealt to 31bea788 
Dealt to 85081a77 
Dealt to 5e9764c4 
Dealt to f0604bf8 
Dealt to Hero [Ts Kd]
Dealt to d685245b 
d685245b: raises $6 to $10
45fde894: folds
85081a77: calls $10
f0604bf8: folds
31bea788: folds
5e9764c4: folds
Hero: calls $6
*** FLOP *** [As 5h 8c]
Hero: checks
d685245b: bets $10.56
85081a77: calls $10.56
Hero: folds
*** TURN *** [As 5h 8c] [2c]
d685245b: checks
85081a77: bets $39.84
d685245b: calls $39.84
*** RIVER *** [As 5h 8c 2c] [Td]
d685245b: checks
85081a77: bets $220
d685245b: calls $220
d685245b: shows [Jc Ac]
85081a77: shows [3h 4h]
*** SHOWDOWN ***
85081a77 collected $572.8 from pot
*** SUMMARY ***
Total pot $572.8
Board [As 5h 8c 2c Td]
Seat 5: 45fde894 folded before Flop (didn't bet)
Seat 1: 31bea788 folded before Flop (didn't bet)
Seat 6: 85081a77 showed [3h 4h] and won ($572.8) with Fives-High Straight
Seat 2: 5e9764c4(small blind) folded before Flop
Seat 7: f0604bf8 folded before Flop (didn't bet)
Seat 3: Hero(big blind) folded on the Flop
Seat 4: d685245b showed [Jc Ac] and lost with Pair of Aces



Poker Hand #ring_974802225: NLH No Limit ($2/$4) - 2025/07/06 02:39:44
Table 'MR NLH BOMBPOT 2/4' 7-max Seat #7 is the button
Seat 5: 45fde894 ($717.42 in chips)
Seat 1: 31bea788 ($1,045.08 in chips)
Seat 6: 85081a77 ($790.06 in chips)
Seat 2: 5e9764c4 ($558.37 in chips)
Seat 7: f0604bf8 ($998.23 in chips)
Seat 3: Hero ($510.7 in chips)
Seat 4: d685245b ($955.42 in chips)
31bea788: posts small blind $2
5e9764c4: posts big blind $4
*** HOLE CARDS ***
Dealt to 45fde894 
Dealt to 31bea788 
Dealt to 85081a77 
Dealt to 5e9764c4 
Dealt to f0604bf8 
Dealt to Hero [Jd Jh]
Dealt to d685245b 
Hero: raises $8 to $12
d685245b: folds
45fde894: folds
85081a77: calls $12
f0604bf8: folds
31bea788: folds
5e9764c4: folds
*** FLOP *** [Js As Kh]
Hero: bets $15
85081a77: folds
Uncalled bet ($15) returned to Hero
*** SHOWDOWN ***
Hero collected $30 from pot
*** SUMMARY ***
Total pot $30
Board [Js As Kh]
Seat 5: 45fde894 folded before Flop (didn't bet)
Seat 1: 31bea788(small blind) folded before Flop
Seat 6: 85081a77 folded on the Flop
Seat 2: 5e9764c4(big blind) folded before Flop
Seat 7: f0604bf8 folded before Flop (didn't bet)
Seat 3: Herowon ($30) with Three Jacks
Seat 4: d685245b folded before Flop (didn't bet)



Poker Hand #ring_974801248: NLH No Limit ($2/$4) - 2025/07/06 02:39:04
Table 'MR NLH BOMBPOT 2/4' 7-max Seat #6 is the button
Seat 5: 45fde894 ($717.42 in chips)
Seat 1: 31bea788 ($1,030.48 in chips)
Seat 6: 85081a77 ($804 in chips)
Seat 2: 5e9764c4 ($558.37 in chips)
Seat 7: f0604bf8 ($1,000.23 in chips)
Seat 3: Hero ($510.7 in chips)
Seat 4: d685245b ($955.42 in chips)
f0604bf8: posts small blind $2
31bea788: posts big blind $4
*** HOLE CARDS ***
Dealt to 45fde894 
Dealt to 31bea788 
Dealt to 85081a77 
Dealt to 5e9764c4 
Dealt to f0604bf8 
Dealt to Hero [5s 2c]
Dealt to d685245b 
5e9764c4: folds
Hero: folds
d685245b: folds
45fde894: folds
85081a77: raises $4 to $8
f0604bf8: folds
31bea788: calls $4
*** FLOP *** [Td Kh Ah]
31bea788: checks
85081a77: bets $5.94
31bea788: calls $5.94
*** TURN *** [Td Kh Ah] [4c]
31bea788: checks
85081a77: checks
*** RIVER *** [Td Kh Ah 4c] [8h]
31bea788: checks
85081a77: checks
31bea788: shows [9c Ks]
85081a77: shows [3d 8d]
*** SHOWDOWN ***
31bea788 collected $29.88 from pot
*** SUMMARY ***
Total pot $29.88
Board [Td Kh Ah 4c 8h]
Seat 5: 45fde894 folded before Flop (didn't bet)
Seat 1: 31bea788(big blind) showed [9c Ks] and won ($29.88) with Pair of Kings
Seat 6: 85081a77 showed [3d 8d] and lost with Pair of Eights
Seat 2: 5e9764c4 folded before Flop (didn't bet)
Seat 7: f0604bf8(small blind) folded before Flop
Seat 3: Hero folded before Flop (didn't bet)
Seat 4: d685245b folded before Flop (didn't bet)



Poker Hand #ring_974800613: NLH No Limit ($2/$4) - 2025/07/06 02:38:38
Table 'MR NLH BOMBPOT 2/4' 7-max Seat #5 is the button
Seat 5: 45fde894 ($717.42 in chips)
Seat 1: 31bea788 ($1,030.48 in chips)
Seat 6: 85081a77 ($800 in chips)
Seat 2: 5e9764c4 ($558.37 in chips)
Seat 7: f0604bf8 ($1,004.23 in chips)
Seat 3: Hero ($510.7 in chips)
Seat 4: d685245b ($955.42 in chips)
85081a77: posts small blind $2
f0604bf8: posts big blind $4
*** HOLE CARDS ***
Dealt to 45fde894 
Dealt to 31bea788 
Dealt to 85081a77 
Dealt to 5e9764c4 
Dealt to f0604bf8 
Dealt to Hero [Js 2d]
Dealt to d685245b 
31bea788: folds
5e9764c4: folds
Hero: folds
d685245b: folds
45fde894: folds
85081a77: raises $8 to $12
f0604bf8: folds
Uncalled bet ($8) returned to 85081a77
*** SHOWDOWN ***
85081a77 collected $8 from pot
*** SUMMARY ***
Total pot $8
Seat 5: 45fde894 folded before Flop (didn't bet)
Seat 1: 31bea788 folded before Flop (didn't bet)
Seat 6: 85081a77(small blind)won ($8)
Seat 2: 5e9764c4 folded before Flop (didn't bet)
Seat 7: f0604bf8(big blind) folded before Flop
Seat 3: Hero folded before Flop (didn't bet)
Seat 4: d685245b folded before Flop (didn't bet)



Poker Hand #ring_974796292: NLH No Limit ($2/$4) - 2025/07/06 02:35:41
Table 'MR NLH BOMBPOT 2/4' 7-max Seat #4 is the button
Seat 5: 45fde894 ($719.42 in chips)
Seat 1: 31bea788 ($1,130.46 in chips)
Seat 6: 85081a77 ($779.97 in chips)
Seat 2: 5e9764c4 ($370.99 in chips)
Seat 7: f0604bf8 ($1,004.23 in chips)
Seat 3: Hero ($510.7 in chips)
Seat 4: d685245b ($955.42 in chips)
45fde894: posts small blind $2
85081a77: posts big blind $4
*** HOLE CARDS ***
Dealt to 45fde894 
Dealt to 31bea788 
Dealt to 85081a77 
Dealt to 5e9764c4 
Dealt to f0604bf8 
Dealt to Hero [7s 7h]
Dealt to d685245b 
f0604bf8: folds
31bea788: raises $6 to $10
5e9764c4: raises $20.3 to $30.3
Hero: folds
d685245b: folds
45fde894: folds
85081a77: calls $26.3
31bea788: calls $20.3
*** FLOP *** [9h 5s 8c]
85081a77: checks
31bea788: checks
5e9764c4: checks
*** TURN *** [9h 5s 8c] [3s]
85081a77: bets $69.68
31bea788: calls $69.68
5e9764c4: calls $69.68
*** RIVER *** [9h 5s 8c 3s] [Kc]
85081a77: checks
31bea788: checks
5e9764c4: bets $271.01 and is all-in
85081a77: folds
31bea788: folds
Uncalled bet ($271.01) returned to 5e9764c4
*** SHOWDOWN ***
5e9764c4 collected $301.94 from pot
*** SUMMARY ***
Total pot $301.94
Board [9h 5s 8c 3s Kc]
Seat 5: 45fde894(small blind) folded before Flop
Seat 1: 31bea788 folded on the River
Seat 6: 85081a77(big blind) folded on the River
Seat 2: 5e9764c4won ($301.94) with Pair of Kings
Seat 7: f0604bf8 folded before Flop (didn't bet)
Seat 3: Hero folded before Flop (didn't bet)
Seat 4: d685245b folded before Flop (didn't bet)



Poker Hand #ring_974794586: NLH No Limit ($2/$4) - 2025/07/06 02:34:32
Table 'MR NLH BOMBPOT 2/4' 7-max Seat #3 is the button
Seat 5: 45fde894 ($723.42 in chips)
Seat 1: 31bea788 ($1,042.01 in chips)
Seat 6: 85081a77 ($871.97 in chips)
Seat 2: 5e9764c4 ($370.99 in chips)
Seat 7: f0604bf8 ($1,004.23 in chips)
Seat 3: Hero ($510.7 in chips)
Seat 4: d685245b ($957.42 in chips)
d685245b: posts small blind $2
45fde894: posts big blind $4
*** HOLE CARDS ***
Dealt to 45fde894 
Dealt to 31bea788 
Dealt to 85081a77 
Dealt to 5e9764c4 
Dealt to f0604bf8 
Dealt to Hero [8d Qc]
Dealt to d685245b 
85081a77: raises $6 to $10
f0604bf8: folds
31bea788: raises $25 to $35
5e9764c4: folds
Hero: folds
d685245b: folds
45fde894: folds
85081a77: calls $25
*** FLOP *** [7h Jd 8c]
85081a77: checks
31bea788: bets $57
85081a77: calls $57
*** TURN *** [7h Jd 8c] [Ad]
85081a77: checks
31bea788: checks
*** RIVER *** [7h Jd 8c Ad] [As]
85081a77: checks
31bea788: bets $62.7
85081a77: folds
Uncalled bet ($62.7) returned to 31bea788
*** SHOWDOWN ***
31bea788 collected $190 from pot
*** SUMMARY ***
Total pot $190
Board [7h Jd 8c Ad As]
Seat 5: 45fde894(big blind) folded before Flop
Seat 1: 31bea788won ($190) with Pair of Aces and Pair of Kings
Seat 6: 85081a77 folded on the River
Seat 2: 5e9764c4 folded before Flop (didn't bet)
Seat 7: f0604bf8 folded before Flop (didn't bet)
Seat 3: Hero folded before Flop (didn't bet)
Seat 4: d685245b(small blind) folded before Flop



Poker Hand #ring_974793564: NLH No Limit ($2/$4) - 2025/07/06 02:33:49
Table 'MR NLH BOMBPOT 2/4' 7-max Seat #2 is the button
Seat 5: 45fde894 ($723.42 in chips)
Seat 1: 31bea788 ($1,042.01 in chips)
Seat 6: 85081a77 ($859.14 in chips)
Seat 2: 5e9764c4 ($370.99 in chips)
Seat 7: f0604bf8 ($1,004.23 in chips)
Seat 3: Hero ($512.7 in chips)
Seat 4: d685245b ($969.42 in chips)
Hero: posts small blind $2
d685245b: posts big blind $4
*** HOLE CARDS ***
Dealt to 45fde894 
Dealt to 31bea788 
Dealt to 85081a77 
Dealt to 5e9764c4 
Dealt to f0604bf8 
Dealt to Hero [4c Td]
Dealt to d685245b 
45fde894: folds
85081a77: raises $8 to $12
f0604bf8: folds
31bea788: folds
5e9764c4: folds
Hero: folds
d685245b: calls $8
*** FLOP *** [Qs 8h 4s]
d685245b: checks
85081a77: checks
*** TURN *** [Qs 8h 4s] [3h]
d685245b: checks
85081a77: bets $19.5
d685245b: folds
Uncalled bet ($19.5) returned to 85081a77
*** SHOWDOWN ***
85081a77 collected $26 from pot
*** SUMMARY ***
Total pot $26
Board [Qs 8h 4s 3h]
Seat 5: 45fde894 folded before Flop (didn't bet)
Seat 1: 31bea788 folded before Flop (didn't bet)
Seat 6: 85081a77won ($26) with Pair of Jacks
Seat 2: 5e9764c4 folded before Flop (didn't bet)
Seat 7: f0604bf8 folded before Flop (didn't bet)
Seat 3: Hero(small blind) folded before Flop
Seat 4: d685245b(big blind) folded on the Turn



Poker Hand #ring_974792279: NLH No Limit ($2/$4) - 2025/07/06 02:32:56
Table 'MR NLH BOMBPOT 2/4' 7-max Seat #1 is the button
Seat 5: 45fde894 ($743.42 in chips)
Seat 1: 31bea788 ($1,062.01 in chips)
Seat 6: 85081a77 ($879.14 in chips)
Seat 2: 5e9764c4 ($390.99 in chips)
Seat 7: f0604bf8 ($1,024.23 in chips)
Seat 3: Hero ($400 in chips)
Seat 4: d685245b ($989.42 in chips)
5e9764c4: posts the ante $20
Hero: posts the ante $20
d685245b: posts the ante $20
45fde894: posts the ante $20
85081a77: posts the ante $20
f0604bf8: posts the ante $20
31bea788: posts the ante $20
*** HOLE CARDS ***
Dealt to 45fde894 
Dealt to 31bea788 
Dealt to 85081a77 
Dealt to 5e9764c4 
Dealt to f0604bf8 
Dealt to Hero [Qs 5s]
Dealt to d685245b 
*** FLOP *** [6c 9s Ts]
5e9764c4: checks
Hero: bets $70
d685245b: folds
45fde894: folds
85081a77: folds
f0604bf8: folds
31bea788: folds
5e9764c4: folds
Uncalled bet ($70) returned to Hero
*** SHOWDOWN ***
Hero collected $140 from pot
*** SUMMARY ***
Total pot $140
Board [6c 9s Ts]
Seat 5: 45fde894 folded on the Flop
Seat 1: 31bea788 folded on the Flop
Seat 6: 85081a77 folded on the Flop
Seat 2: 5e9764c4(small blind) folded on the Flop
Seat 7: f0604bf8 folded on the Flop
Seat 3: Hero(big blind)won ($140) with Queen-High
Seat 4: d685245b folded on the Flop



