Poker Hand #ring_951235386: NLH No Limit ($2/$4) - 2025/06/23 02:30:44
Table 'MR NLH 2/4' 7-max Seat #7 is the button
Seat 4: Hero ($574.77 in chips)
Seat 3: bfe79d20 ($131.78 in chips)
Seat 7: bbe288cd ($405.55 in chips)
Seat 1: 678fd6c4 ($159.09 in chips)
678fd6c4: posts small blind $2
bfe79d20: posts big blind $4
*** HOLE CARDS ***
Dealt to Hero [4c 9c]
Dealt to bfe79d20 
Dealt to bbe288cd 
Dealt to 678fd6c4 
Hero: folds
bbe288cd: raises $6 to $10
678fd6c4: folds
bfe79d20: folds
Uncalled bet ($6) returned to bbe288cd
*** SHOWDOWN ***
bbe288cd collected $10 from pot
*** SUMMARY ***
Total pot $10
Seat 4: Hero folded before Flop (didn't bet)
Seat 3: bfe79d20(big blind) folded before Flop
Seat 7: bbe288cdwon ($10)
Seat 1: 678fd6c4(small blind) folded before Flop



Poker Hand #ring_951234161: NLH No Limit ($2/$4) - 2025/06/23 02:29:53
Table 'MR NLH 2/4' 7-max Seat #0 is the button
Seat 4: Hero ($527.45 in chips)
Seat 3: bfe79d20 ($131.78 in chips)
Seat 7: bbe288cd ($407.55 in chips)
Seat 1: 678fd6c4 ($210.09 in chips)
bbe288cd: posts small blind $2
678fd6c4: posts big blind $4
*** HOLE CARDS ***
Dealt to Hero [2s As]
Dealt to bfe79d20 
Dealt to bbe288cd 
Dealt to 678fd6c4 
bfe79d20: folds
Hero: raises $8 to $12
bbe288cd: folds
678fd6c4: calls $8
*** FLOP *** [5s Js Ad]
678fd6c4: checks
Hero: bets $13
678fd6c4: calls $13
*** TURN *** [5s Js Ad] [Ac]
678fd6c4: checks
Hero: checks
*** RIVER *** [5s Js Ad Ac] [9c]
678fd6c4: checks
Hero: bets $26
678fd6c4: calls $26
678fd6c4: shows [Jc Kc]
Hero: shows [2s As]
*** SHOWDOWN ***
Hero collected $104 from pot
*** SUMMARY ***
Total pot $104
Board [5s Js Ad Ac 9c]
Seat 4: Hero showed [2s As] and won ($104) with Three Aces
Seat 3: bfe79d20 folded before Flop (didn't bet)
Seat 7: bbe288cd(small blind) folded before Flop
Seat 1: 678fd6c4(big blind) showed [Jc Kc] and lost with Pair of Aces and Pair of Jacks



Poker Hand #ring_951233482: NLH No Limit ($2/$4) - 2025/06/23 02:29:25
Table 'MR NLH 2/4' 7-max Seat #4 is the button
Seat 4: Hero ($527.45 in chips)
Seat 3: bfe79d20 ($131.78 in chips)
Seat 7: bbe288cd ($411.55 in chips)
Seat 1: 678fd6c4 ($204.09 in chips)
Seat 5: 684bfeb ($1,825.47 in chips)
684bfeb: posts small blind $2
bbe288cd: posts big blind $4
*** HOLE CARDS ***
Dealt to Hero [8h Jc]
Dealt to bfe79d20 
Dealt to bbe288cd 
Dealt to 678fd6c4 
Dealt to 684bfeb 
678fd6c4: raises $6 to $10
bfe79d20: folds
Hero: folds
684bfeb: folds
bbe288cd: folds
Uncalled bet ($6) returned to 678fd6c4
*** SHOWDOWN ***
678fd6c4 collected $10 from pot
*** SUMMARY ***
Total pot $10
Seat 4: Hero folded before Flop (didn't bet)
Seat 3: bfe79d20 folded before Flop (didn't bet)
Seat 7: bbe288cd(big blind) folded before Flop
Seat 1: 678fd6c4won ($10)
Seat 5: 684bfeb(small blind) folded before Flop



Poker Hand #ring_951232812: NLH No Limit ($2/$4) - 2025/06/23 02:28:57
Table 'MR NLH 2/4' 7-max Seat #3 is the button
Seat 2: 13a4afeb ($337.06 in chips)
Seat 4: Hero ($529.45 in chips)
Seat 3: bfe79d20 ($131.78 in chips)
Seat 7: bbe288cd ($411.55 in chips)
Seat 1: 678fd6c4 ($198.09 in chips)
Seat 5: 684bfeb ($1,829.47 in chips)
Hero: posts small blind $2
684bfeb: posts big blind $4
*** HOLE CARDS ***
Dealt to 13a4afeb 
Dealt to Hero [Tc Qd]
Dealt to bfe79d20 
Dealt to bbe288cd 
Dealt to 678fd6c4 
Dealt to 684bfeb 
bbe288cd: folds
678fd6c4: raises $6 to $10
13a4afeb: folds
bfe79d20: folds
Hero: folds
684bfeb: folds
Uncalled bet ($6) returned to 678fd6c4
*** SHOWDOWN ***
678fd6c4 collected $10 from pot
*** SUMMARY ***
Total pot $10
Seat 2: 13a4afeb folded before Flop (didn't bet)
Seat 4: Hero(small blind) folded before Flop
Seat 3: bfe79d20 folded before Flop (didn't bet)
Seat 7: bbe288cd folded before Flop (didn't bet)
Seat 1: 678fd6c4won ($10)
Seat 5: 684bfeb(big blind) folded before Flop



Poker Hand #ring_951230289: NLH No Limit ($2/$4) - 2025/06/23 02:27:14
Table 'MR NLH 2/4' 7-max Seat #2 is the button
Seat 2: 13a4afeb ($346.34 in chips)
Seat 4: Hero ($503.28 in chips)
Seat 3: bfe79d20 ($141.06 in chips)
Seat 7: bbe288cd ($379.55 in chips)
Seat 1: 678fd6c4 ($207.37 in chips)
Seat 5: 684bfeb ($1,829.47 in chips)
bfe79d20: posts small blind $2
Hero: posts big blind $4
*** HOLE CARDS ***
Dealt to 13a4afeb 
Dealt to Hero [3d Kd]
Dealt to bfe79d20 
Dealt to bbe288cd 
Dealt to 678fd6c4 
Dealt to 684bfeb 
684bfeb: folds
bbe288cd: folds
678fd6c4: calls $4
13a4afeb: calls $4
bfe79d20: calls $2
Hero: checks
*** FLOP *** [Qh 2d 5h]
bfe79d20: checks
Hero: checks
678fd6c4: bets $5.28
13a4afeb: calls $5.28
bfe79d20: calls $5.28
Hero: calls $5.28
*** TURN *** [Qh 2d 5h] [Ts]
bfe79d20: checks
Hero: checks
678fd6c4: checks
13a4afeb: checks
*** RIVER *** [Qh 2d 5h Ts] [Qs]
bfe79d20: checks
Hero: bets $29.7
678fd6c4: folds
13a4afeb: folds
bfe79d20: folds
Uncalled bet ($29.7) returned to Hero
*** SHOWDOWN ***
Hero collected $37.12 from pot
*** SUMMARY ***
Total pot $37.12
Board [Qh 2d 5h Ts Qs]
Seat 2: 13a4afeb folded on the River
Seat 4: Hero(big blind)won ($37.12) with Pair of Queens
Seat 3: bfe79d20(small blind) folded on the River
Seat 7: bbe288cd folded before Flop (didn't bet)
Seat 1: 678fd6c4 folded on the River
Seat 5: 684bfeb folded before Flop (didn't bet)



Poker Hand #ring_951229325: NLH No Limit ($2/$4) - 2025/06/23 02:26:31
Table 'MR NLH 2/4' 7-max Seat #1 is the button
Seat 2: 13a4afeb ($356.34 in chips)
Seat 4: Hero ($503.28 in chips)
Seat 3: bfe79d20 ($145.06 in chips)
Seat 7: bbe288cd ($379.55 in chips)
Seat 1: 678fd6c4 ($207.37 in chips)
Seat 5: 684bfeb ($1,816.55 in chips)
13a4afeb: posts small blind $2
bfe79d20: posts big blind $4
*** HOLE CARDS ***
Dealt to 13a4afeb 
Dealt to Hero [6d 5s]
Dealt to bfe79d20 
Dealt to bbe288cd 
Dealt to 678fd6c4 
Dealt to 684bfeb 
Hero: folds
684bfeb: raises $6 to $10
bbe288cd: folds
678fd6c4: folds
13a4afeb: calls $8
bfe79d20: folds
*** FLOP *** [Jh 7c 4s]
13a4afeb: checks
684bfeb: bets $12
13a4afeb: folds
Uncalled bet ($12) returned to 684bfeb
*** SHOWDOWN ***
684bfeb collected $24 from pot
*** SUMMARY ***
Total pot $24
Board [Jh 7c 4s]
Seat 2: 13a4afeb(small blind) folded on the Flop
Seat 4: Hero folded before Flop (didn't bet)
Seat 3: bfe79d20(big blind) folded before Flop
Seat 7: bbe288cd folded before Flop (didn't bet)
Seat 1: 678fd6c4 folded before Flop (didn't bet)
Seat 5: 684bfebwon ($24) with Pair of Kings



Poker Hand #ring_951227863: NLH No Limit ($2/$4) - 2025/06/23 02:25:32
Table 'MR NLH 2/4' 7-max Seat #7 is the button
Seat 2: 13a4afeb ($337.68 in chips)
Seat 4: Hero ($503.28 in chips)
Seat 3: bfe79d20 ($145.06 in chips)
Seat 7: bbe288cd ($379.55 in chips)
Seat 1: 678fd6c4 ($209.37 in chips)
Seat 5: 684bfeb ($1,834.95 in chips)
Seat 6: ce4defdb ($858.7 in chips)
678fd6c4: posts small blind $2
13a4afeb: posts big blind $4
*** HOLE CARDS ***
Dealt to 13a4afeb 
Dealt to Hero [3c 6s]
Dealt to bfe79d20 
Dealt to bbe288cd 
Dealt to 678fd6c4 
Dealt to 684bfeb 
Dealt to ce4defdb 
bfe79d20: folds
Hero: folds
684bfeb: raises $6 to $10
ce4defdb: folds
bbe288cd: folds
678fd6c4: folds
13a4afeb: calls $6
*** FLOP *** [6c Kc Ts]
13a4afeb: checks
684bfeb: bets $8.4
13a4afeb: raises $12.8 to $21.2
684bfeb: folds
Uncalled bet ($12.8) returned to 13a4afeb
*** SHOWDOWN ***
13a4afeb collected $38.8 from pot
*** SUMMARY ***
Total pot $38.8
Board [6c Kc Ts]
Seat 2: 13a4afeb(big blind)won ($38.8) with King-High
Seat 4: Hero folded before Flop (didn't bet)
Seat 3: bfe79d20 folded before Flop (didn't bet)
Seat 7: bbe288cd folded before Flop (didn't bet)
Seat 1: 678fd6c4(small blind) folded before Flop
Seat 5: 684bfeb folded on the Flop
Seat 6: ce4defdb folded before Flop (didn't bet)



Poker Hand #ring_951226374: NLH No Limit ($2/$4) - 2025/06/23 02:24:31
Table 'MR NLH 2/4' 7-max Seat #6 is the button
Seat 2: 13a4afeb ($294.82 in chips)
Seat 4: Hero ($503.28 in chips)
Seat 3: bfe79d20 ($145.06 in chips)
Seat 7: bbe288cd ($411.55 in chips)
Seat 1: 678fd6c4 ($213.37 in chips)
Seat 5: 684bfeb ($1,834.95 in chips)
Seat 6: ce4defdb ($858.7 in chips)
bbe288cd: posts small blind $2
678fd6c4: posts big blind $4
*** HOLE CARDS ***
Dealt to 13a4afeb 
Dealt to Hero [3h 4c]
Dealt to bfe79d20 
Dealt to bbe288cd 
Dealt to 678fd6c4 
Dealt to 684bfeb 
Dealt to ce4defdb 
13a4afeb: calls $4
bfe79d20: folds
Hero: folds
684bfeb: folds
ce4defdb: folds
bbe288cd: raises $16 to $20
678fd6c4: folds
13a4afeb: calls $16
*** FLOP *** [3c 8h 7d]
bbe288cd: bets $10
13a4afeb: calls $10
*** TURN *** [3c 8h 7d] [Th]
bbe288cd: bets $14
13a4afeb: raises $46 to $60
bbe288cd: folds
Uncalled bet ($46) returned to 13a4afeb
*** SHOWDOWN ***
13a4afeb collected $92 from pot
*** SUMMARY ***
Total pot $92
Board [3c 8h 7d Th]
Seat 2: 13a4afebwon ($92) with King-High
Seat 4: Hero folded before Flop (didn't bet)
Seat 3: bfe79d20 folded before Flop (didn't bet)
Seat 7: bbe288cd(small blind) folded on the Turn
Seat 1: 678fd6c4(big blind) folded before Flop
Seat 5: 684bfeb folded before Flop (didn't bet)
Seat 6: ce4defdb folded before Flop (didn't bet)



Poker Hand #ring_951225212: NLH No Limit ($2/$4) - 2025/06/23 02:23:43
Table 'MR NLH 2/4' 7-max Seat #5 is the button
Seat 2: 13a4afeb ($298.82 in chips)
Seat 4: Hero ($503.28 in chips)
Seat 3: bfe79d20 ($145.06 in chips)
Seat 7: bbe288cd ($406 in chips)
Seat 1: 678fd6c4 ($213.37 in chips)
Seat 5: 684bfeb ($1,834.95 in chips)
Seat 6: ce4defdb ($860.7 in chips)
ce4defdb: posts small blind $2
bbe288cd: posts big blind $4
*** HOLE CARDS ***
Dealt to 13a4afeb 
Dealt to Hero [8s Jc]
Dealt to bfe79d20 
Dealt to bbe288cd 
Dealt to 678fd6c4 
Dealt to 684bfeb 
Dealt to ce4defdb 
678fd6c4: folds
13a4afeb: calls $4
bfe79d20: folds
Hero: folds
684bfeb: folds
ce4defdb: folds
bbe288cd: checks
*** FLOP *** [6h Kh Qh]
bbe288cd: checks
13a4afeb: checks
*** TURN *** [6h Kh Qh] [5s]
bbe288cd: checks
13a4afeb: checks
*** RIVER *** [6h Kh Qh 5s] [2d]
bbe288cd: checks
13a4afeb: checks
13a4afeb: shows [9h 7s]
bbe288cd: shows [Ac 3s]
*** SHOWDOWN ***
bbe288cd collected $10 from pot
*** SUMMARY ***
Total pot $10
Board [6h Kh Qh 5s 2d]
Seat 2: 13a4afeb showed [9h 7s] and lost with King-High
Seat 4: Hero folded before Flop (didn't bet)
Seat 3: bfe79d20 folded before Flop (didn't bet)
Seat 7: bbe288cd(big blind) showed [Ac 3s] and won ($10) with Ace-High
Seat 1: 678fd6c4 folded before Flop (didn't bet)
Seat 5: 684bfeb folded before Flop (didn't bet)
Seat 6: ce4defdb(small blind) folded before Flop



Poker Hand #ring_951224317: NLH No Limit ($2/$4) - 2025/06/23 02:23:07
Table 'MR NLH 2/4' 7-max Seat #4 is the button
Seat 2: 13a4afeb ($298.82 in chips)
Seat 4: Hero ($515.28 in chips)
Seat 3: bfe79d20 ($145.06 in chips)
Seat 7: bbe288cd ($406 in chips)
Seat 1: 678fd6c4 ($213.37 in chips)
Seat 5: 684bfeb ($1,818.95 in chips)
Seat 6: ce4defdb ($864.7 in chips)
684bfeb: posts small blind $2
ce4defdb: posts big blind $4
*** HOLE CARDS ***
Dealt to 13a4afeb 
Dealt to Hero [Ks 7d]
Dealt to bfe79d20 
Dealt to bbe288cd 
Dealt to 678fd6c4 
Dealt to 684bfeb 
Dealt to ce4defdb 
bbe288cd: folds
678fd6c4: folds
13a4afeb: folds
bfe79d20: folds
Hero: raises $8 to $12
684bfeb: raises $36 to $48
ce4defdb: folds
Hero: folds
Uncalled bet ($36) returned to 684bfeb
*** SHOWDOWN ***
684bfeb collected $28 from pot
*** SUMMARY ***
Total pot $28
Seat 2: 13a4afeb folded before Flop (didn't bet)
Seat 4: Hero folded before Flop
Seat 3: bfe79d20 folded before Flop (didn't bet)
Seat 7: bbe288cd folded before Flop (didn't bet)
Seat 1: 678fd6c4 folded before Flop (didn't bet)
Seat 5: 684bfeb(small blind)won ($28)
Seat 6: ce4defdb(big blind) folded before Flop



Poker Hand #ring_951222508: NLH No Limit ($2/$4) - 2025/06/23 02:21:54
Table 'MR NLH 2/4' 7-max Seat #3 is the button
Seat 2: 13a4afeb ($298.82 in chips)
Seat 4: Hero ($517.28 in chips)
Seat 3: bfe79d20 ($145.06 in chips)
Seat 7: bbe288cd ($406 in chips)
Seat 1: 678fd6c4 ($207.82 in chips)
Seat 5: 684bfeb ($1,822.95 in chips)
Seat 6: ce4defdb ($864.7 in chips)
Hero: posts small blind $2
684bfeb: posts big blind $4
678fd6c4: posts big blind $4
*** HOLE CARDS ***
Dealt to 13a4afeb 
Dealt to Hero [3d Jc]
Dealt to bfe79d20 
Dealt to bbe288cd 
Dealt to 678fd6c4 
Dealt to 684bfeb 
Dealt to ce4defdb 
ce4defdb: folds
bbe288cd: folds
678fd6c4: checks
13a4afeb: folds
bfe79d20: folds
Hero: folds
684bfeb: checks
*** FLOP *** [2s 6d 9d]
684bfeb: checks
678fd6c4: checks
*** TURN *** [2s 6d 9d] [Jh]
684bfeb: checks
678fd6c4: checks
*** RIVER *** [2s 6d 9d Jh] [3c]
684bfeb: checks
678fd6c4: checks
678fd6c4: shows [Ad 2c]
684bfeb: shows [7s Qh]
*** SHOWDOWN ***
678fd6c4 collected $10 from pot
*** SUMMARY ***
Total pot $10
Board [2s 6d 9d Jh 3c]
Seat 2: 13a4afeb folded before Flop (didn't bet)
Seat 4: Hero(small blind) folded before Flop
Seat 3: bfe79d20 folded before Flop (didn't bet)
Seat 7: bbe288cd folded before Flop (didn't bet)
Seat 1: 678fd6c4 showed [Ad 2c] and won ($10) with Pair of Twos
Seat 5: 684bfeb(big blind) showed [7s Qh] and lost with Queen-High
Seat 6: ce4defdb folded before Flop (didn't bet)



Poker Hand #ring_951220842: NLH No Limit ($2/$4) - 2025/06/23 02:20:48
Table 'MR NLH 2/4' 7-max Seat #2 is the button
Seat 2: 13a4afeb ($302.82 in chips)
Seat 4: Hero ($527.28 in chips)
Seat 3: bfe79d20 ($132.14 in chips)
Seat 7: bbe288cd ($406 in chips)
Seat 5: 684bfeb ($1,822.95 in chips)
Seat 6: ce4defdb ($864.7 in chips)
bfe79d20: posts small blind $2
Hero: posts big blind $4
*** HOLE CARDS ***
Dealt to 13a4afeb 
Dealt to Hero [3h 4s]
Dealt to bfe79d20 
Dealt to bbe288cd 
Dealt to 684bfeb 
Dealt to ce4defdb 
684bfeb: folds
ce4defdb: folds
bbe288cd: folds
13a4afeb: calls $4
bfe79d20: calls $2
Hero: checks
*** FLOP *** [2c 2h 9c]
bfe79d20: checks
Hero: checks
13a4afeb: checks
*** TURN *** [2c 2h 9c] [Kh]
bfe79d20: checks
Hero: checks
13a4afeb: checks
*** RIVER *** [2c 2h 9c Kh] [Qd]
bfe79d20: checks
Hero: bets $6
13a4afeb: folds
bfe79d20: calls $6
bfe79d20: shows [9d 6s]
Hero: shows [3h 4s]
*** SHOWDOWN ***
bfe79d20 collected $24 from pot
*** SUMMARY ***
Total pot $24
Board [2c 2h 9c Kh Qd]
Seat 2: 13a4afeb folded on the River
Seat 4: Hero(big blind) showed [3h 4s] and lost with Pair of Twos
Seat 3: bfe79d20(small blind) showed [9d 6s] and won ($24) with Pair of Nines and Pair of Twos
Seat 7: bbe288cd folded before Flop (didn't bet)
Seat 5: 684bfeb folded before Flop (didn't bet)
Seat 6: ce4defdb folded before Flop (didn't bet)



Poker Hand #ring_951218477: NLH No Limit ($2/$4) - 2025/06/23 02:19:14
Table 'MR NLH 2/4' 7-max Seat #0 is the button
Seat 2: 13a4afeb ($370.82 in chips)
Seat 4: Hero ($527.28 in chips)
Seat 3: bfe79d20 ($136.14 in chips)
Seat 7: bbe288cd ($406 in chips)
Seat 5: 684bfeb ($1,822.95 in chips)
Seat 6: ce4defdb ($800 in chips)
13a4afeb: posts small blind $2
bfe79d20: posts big blind $4
*** HOLE CARDS ***
Dealt to 13a4afeb 
Dealt to Hero [7h Kc]
Dealt to bfe79d20 
Dealt to bbe288cd 
Dealt to 684bfeb 
Dealt to ce4defdb 
Hero: folds
684bfeb: folds
ce4defdb: raises $8 to $12
bbe288cd: folds
13a4afeb: calls $10
bfe79d20: folds
*** FLOP *** [9d Jh 5s]
13a4afeb: checks
ce4defdb: checks
*** TURN *** [9d Jh 5s] [4s]
13a4afeb: bets $14
ce4defdb: calls $14
*** RIVER *** [9d Jh 5s 4s] [Qh]
13a4afeb: bets $42
ce4defdb: calls $42
13a4afeb: shows [8d Ad]
ce4defdb: shows [8s Js]
*** SHOWDOWN ***
ce4defdb collected $140 from pot
*** SUMMARY ***
Total pot $140
Board [9d Jh 5s 4s Qh]
Seat 2: 13a4afeb(small blind) showed [8d Ad] and lost with Ace-High
Seat 4: Hero folded before Flop (didn't bet)
Seat 3: bfe79d20(big blind) folded before Flop
Seat 7: bbe288cd folded before Flop (didn't bet)
Seat 5: 684bfeb folded before Flop (didn't bet)
Seat 6: ce4defdb showed [8s Js] and won ($140) with Pair of Jacks



Poker Hand #ring_951217279: NLH No Limit ($2/$4) - 2025/06/23 02:18:27
Table 'MR NLH 2/4' 7-max Seat #7 is the button
Seat 2: 13a4afeb ($380.82 in chips)
Seat 4: Hero ($527.28 in chips)
Seat 3: bfe79d20 ($136.14 in chips)
Seat 7: bbe288cd ($406 in chips)
Seat 5: 684bfeb ($1,813.85 in chips)
Seat 6: ce4defdb ($800 in chips)
13a4afeb: posts big blind $4
*** HOLE CARDS ***
Dealt to 13a4afeb 
Dealt to Hero [4c 3s]
Dealt to bfe79d20 
Dealt to bbe288cd 
Dealt to 684bfeb 
Dealt to ce4defdb 
bfe79d20: folds
Hero: folds
684bfeb: raises $6 to $10
ce4defdb: folds
bbe288cd: folds
13a4afeb: calls $6
*** FLOP *** [Kd 8s Ks]
13a4afeb: checks
684bfeb: bets $8.4
13a4afeb: folds
Uncalled bet ($8.4) returned to 684bfeb
*** SHOWDOWN ***
684bfeb collected $20 from pot
*** SUMMARY ***
Total pot $20
Board [Kd 8s Ks]
Seat 2: 13a4afeb(big blind) folded on the Flop
Seat 4: Hero folded before Flop (didn't bet)
Seat 3: bfe79d20 folded before Flop (didn't bet)
Seat 7: bbe288cd folded before Flop (didn't bet)
Seat 5: 684bfebwon ($20) with Pair of Kings
Seat 6: ce4defdb folded before Flop (didn't bet)



Poker Hand #ring_951215043: NLH No Limit ($2/$4) - 2025/06/23 02:17:00
Table 'MR NLH 2/4' 7-max Seat #6 is the button
Seat 1: e95a828b ($353.52 in chips)
Seat 2: 13a4afeb ($380.82 in chips)
Seat 4: Hero ($527.28 in chips)
Seat 3: bfe79d20 ($136.14 in chips)
Seat 7: bbe288cd ($408 in chips)
Seat 5: 684bfeb ($1,463.06 in chips)
Seat 6: ce4defdb ($803.55 in chips)
bbe288cd: posts small blind $2
e95a828b: posts big blind $4
*** HOLE CARDS ***
Dealt to e95a828b 
Dealt to 13a4afeb 
Dealt to Hero [3s 6d]
Dealt to bfe79d20 
Dealt to bbe288cd 
Dealt to 684bfeb 
Dealt to ce4defdb 
13a4afeb: folds
bfe79d20: folds
Hero: folds
684bfeb: raises $6 to $10
ce4defdb: raises $19.5 to $29.5
bbe288cd: folds
e95a828b: calls $25.5
684bfeb: raises $94.5 to $124
ce4defdb: folds
e95a828b: calls $94.5
*** FLOP *** [Qs 9h Tc]
e95a828b: checks
684bfeb: bets $279.5
e95a828b: calls $229.52 and is all-in
Uncalled bet ($49.98) returned to 684bfeb
e95a828b: shows [4h Qh] (Pair of Queens)
684bfeb: shows [Ks Kc] (Pair of Kings)
*** TURN *** [Qs 9h Tc] [5d]
*** RIVER *** [Qs 9h Tc 5d] [6s]
*** SHOWDOWN ***
684bfeb collected $738.54 from pot
*** SUMMARY ***
Total pot $738.54
Board [Qs 9h Tc 5d 6s]
Seat 1: e95a828b(big blind) showed [4h Qh] and lost with Pair of Queens
Seat 2: 13a4afeb folded before Flop (didn't bet)
Seat 4: Hero folded before Flop (didn't bet)
Seat 3: bfe79d20 folded before Flop (didn't bet)
Seat 7: bbe288cd(small blind) folded before Flop
Seat 5: 684bfeb showed [Ks Kc] and won ($738.54) with Pair of Kings
Seat 6: ce4defdb folded before Flop



Poker Hand #ring_951214159: NLH No Limit ($2/$4) - 2025/06/23 02:16:27
Table 'MR NLH 2/4' 7-max Seat #5 is the button
Seat 1: e95a828b ($344.33 in chips)
Seat 2: 13a4afeb ($380.82 in chips)
Seat 4: Hero ($527.28 in chips)
Seat 3: bfe79d20 ($136.14 in chips)
Seat 7: bbe288cd ($400 in chips)
Seat 5: 684bfeb ($1,463.06 in chips)
Seat 6: ce4defdb ($805.55 in chips)
ce4defdb: posts small blind $2
bbe288cd: posts big blind $4
*** HOLE CARDS ***
Dealt to e95a828b 
Dealt to 13a4afeb 
Dealt to Hero [9d 3d]
Dealt to bfe79d20 
Dealt to bbe288cd 
Dealt to 684bfeb 
Dealt to ce4defdb 
e95a828b: raises $4 to $8
13a4afeb: folds
bfe79d20: folds
Hero: folds
684bfeb: folds
ce4defdb: folds
bbe288cd: calls $4
*** FLOP *** [Td 4c Ad]
bbe288cd: checks
e95a828b: bets $13.5
bbe288cd: folds
Uncalled bet ($13.5) returned to e95a828b
*** SHOWDOWN ***
e95a828b collected $18 from pot
*** SUMMARY ***
Total pot $18
Board [Td 4c Ad]
Seat 1: e95a828bwon ($18) with Pair of Tens
Seat 2: 13a4afeb folded before Flop (didn't bet)
Seat 4: Hero folded before Flop (didn't bet)
Seat 3: bfe79d20 folded before Flop (didn't bet)
Seat 7: bbe288cd(big blind) folded on the Flop
Seat 5: 684bfeb folded before Flop (didn't bet)
Seat 6: ce4defdb(small blind) folded before Flop



Poker Hand #ring_951212607: NLH No Limit ($2/$4) - 2025/06/23 02:15:26
Table 'MR NLH 2/4' 7-max Seat #4 is the button
Seat 1: e95a828b ($344.33 in chips)
Seat 2: 13a4afeb ($384.82 in chips)
Seat 4: Hero ($527.28 in chips)
Seat 3: bfe79d20 ($136.14 in chips)
Seat 5: 684bfeb ($1,465.06 in chips)
Seat 6: ce4defdb ($800 in chips)
684bfeb: posts small blind $2
ce4defdb: posts big blind $4
*** HOLE CARDS ***
Dealt to e95a828b 
Dealt to 13a4afeb 
Dealt to Hero [3c 9h]
Dealt to bfe79d20 
Dealt to 684bfeb 
Dealt to ce4defdb 
e95a828b: folds
13a4afeb: calls $4
bfe79d20: folds
Hero: folds
684bfeb: folds
ce4defdb: checks
*** FLOP *** [Th Jc 4h]
ce4defdb: checks
13a4afeb: checks
*** TURN *** [Th Jc 4h] [7s]
ce4defdb: checks
13a4afeb: checks
*** RIVER *** [Th Jc 4h 7s] [5d]
ce4defdb: checks
13a4afeb: checks
13a4afeb: shows [Kc 2c]
ce4defdb: shows [3h Ts]
*** SHOWDOWN ***
ce4defdb collected $10 from pot
*** SUMMARY ***
Total pot $10
Board [Th Jc 4h 7s 5d]
Seat 1: e95a828b folded before Flop (didn't bet)
Seat 2: 13a4afeb showed [Kc 2c] and lost with King-High
Seat 4: Hero folded before Flop (didn't bet)
Seat 3: bfe79d20 folded before Flop (didn't bet)
Seat 5: 684bfeb(small blind) folded before Flop
Seat 6: ce4defdb(big blind) showed [3h Ts] and won ($10) with Pair of Tens



Poker Hand #ring_951211969: NLH No Limit ($2/$4) - 2025/06/23 02:15:00
Table 'MR NLH 2/4' 7-max Seat #3 is the button
Seat 7: d223c807 ($113.58 in chips)
Seat 1: e95a828b ($344.33 in chips)
Seat 2: 13a4afeb ($384.82 in chips)
Seat 4: Hero ($529.28 in chips)
Seat 3: bfe79d20 ($136.14 in chips)
Seat 5: 684bfeb ($1,463.06 in chips)
Hero: posts small blind $2
684bfeb: posts big blind $4
*** HOLE CARDS ***
Dealt to d223c807 
Dealt to e95a828b 
Dealt to 13a4afeb 
Dealt to Hero [8s 2c]
Dealt to bfe79d20 
Dealt to 684bfeb 
d223c807: folds
e95a828b: folds
13a4afeb: folds
bfe79d20: folds
Hero: folds
*** SHOWDOWN ***
684bfeb collected $6 from pot
*** SUMMARY ***
Total pot $6
Seat 7: d223c807 folded before Flop (didn't bet)
Seat 1: e95a828b folded before Flop (didn't bet)
Seat 2: 13a4afeb folded before Flop (didn't bet)
Seat 4: Hero(small blind) folded before Flop
Seat 3: bfe79d20 folded before Flop (didn't bet)
Seat 5: 684bfeb(big blind)won ($6)



Poker Hand #ring_951210526: NLH No Limit ($2/$4) - 2025/06/23 02:14:03
Table 'MR NLH 2/4' 7-max Seat #2 is the button
Seat 7: d223c807 ($113.58 in chips)
Seat 1: e95a828b ($538.33 in chips)
Seat 2: 13a4afeb ($194 in chips)
Seat 4: Hero ($533.28 in chips)
Seat 3: bfe79d20 ($138.14 in chips)
Seat 5: 684bfeb ($1,473.06 in chips)
bfe79d20: posts small blind $2
Hero: posts big blind $4
*** HOLE CARDS ***
Dealt to d223c807 
Dealt to e95a828b 
Dealt to 13a4afeb 
Dealt to Hero [4h 4c]
Dealt to bfe79d20 
Dealt to 684bfeb 
*** FIRST FLOP *** [5s 8h 4d]
*** SECOND FLOP *** [Jd 7s 4s]
*** FIRST TURN *** [5s 8h 4d] [Jh]
*** SECOND TURN *** [Jd 7s 4s] [Js]
*** FIRST RIVER *** [5s 8h 4d Jh] [3s]
*** SECOND RIVER *** [Jd 7s 4s Js] [6s]
Hero: shows [4h 4c]
684bfeb: raises $6 to $10
d223c807: folds
e95a828b: raises $19.5 to $29.5
13a4afeb: raises $164.5 to $194 and is all-in
bfe79d20: folds
Hero: folds
684bfeb: folds
e95a828b: calls $164.5
e95a828b: shows [Kc Kh]
13a4afeb: shows [8c 8s]
*** FIRST SHOWDOWN ***
13a4afeb collected $202.5 from pot
*** SECOND SHOWDOWN ***
13a4afeb collected $201.5 from pot
*** SUMMARY ***
Total pot $404
Hand was run two timesFIRST Board [5s 8h 4d Jh 3s]
SECOND Board [Jd 7s 4s Js 6s]
Seat 7: d223c807 folded before Flop (didn't bet)
Seat 1: e95a828b showed [Kc Kh] and lost with Pair of Kings / Pair of Kings and Pair of Jacks
Seat 2: 13a4afeb showed [8c 8s] and won ($404) with Three Eights / Jack High Flush
Seat 4: Hero(big blind) folded before Flop
Seat 3: bfe79d20(small blind) folded before Flop
Seat 5: 684bfeb folded before Flop



Poker Hand #ring_951207763: NLH No Limit ($2/$4) - 2025/06/23 02:12:13
Table 'MR NLH 2/4' 7-max Seat #1 is the button
Seat 7: d223c807 ($305.58 in chips)
Seat 1: e95a828b ($538.33 in chips)
Seat 2: 13a4afeb ($196 in chips)
Seat 4: Hero ($533.28 in chips)
Seat 3: bfe79d20 ($142.14 in chips)
Seat 5: 684bfeb ($1,293.61 in chips)
13a4afeb: posts small blind $2
bfe79d20: posts big blind $4
*** HOLE CARDS ***
Dealt to d223c807 
Dealt to e95a828b 
Dealt to 13a4afeb 
Dealt to Hero [7s 4s]
Dealt to bfe79d20 
Dealt to 684bfeb 
Hero: folds
684bfeb: raises $6 to $10
d223c807: raises $19.5 to $29.5
e95a828b: folds
13a4afeb: folds
bfe79d20: folds
684bfeb: calls $19.5
*** FLOP *** [Jd 5s 3d]
684bfeb: checks
d223c807: bets $32.5
684bfeb: calls $32.5
*** TURN *** [Jd 5s 3d] [9d]
684bfeb: checks
d223c807: checks
*** RIVER *** [Jd 5s 3d 9d] [Ks]
684bfeb: checks
d223c807: bets $130
684bfeb: calls $130
684bfeb: shows [Qc Jc]
d223c807: shows [Td 6c]
*** SHOWDOWN ***
684bfeb collected $390 from pot
*** SUMMARY ***
Total pot $390
Board [Jd 5s 3d 9d Ks]
Seat 7: d223c807 showed [Td 6c] and lost with King-High
Seat 1: e95a828b folded before Flop (didn't bet)
Seat 2: 13a4afeb(small blind) folded before Flop
Seat 4: Hero folded before Flop (didn't bet)
Seat 3: bfe79d20(big blind) folded before Flop
Seat 5: 684bfeb showed [Qc Jc] and won ($390) with Pair of Jacks



Poker Hand #ring_951205546: NLH No Limit ($2/$4) - 2025/06/23 02:10:46
Table 'MR NLH 2/4' 7-max Seat #7 is the button
Seat 7: d223c807 ($317.58 in chips)
Seat 1: e95a828b ($587.93 in chips)
Seat 2: 13a4afeb ($200 in chips)
Seat 4: Hero ($462.4 in chips)
Seat 3: bfe79d20 ($154.14 in chips)
Seat 5: 684bfeb ($1,293.61 in chips)
e95a828b: posts small blind $2
13a4afeb: posts big blind $4
*** HOLE CARDS ***
Dealt to d223c807 
Dealt to e95a828b 
Dealt to 13a4afeb 
Dealt to Hero [6d 4d]
Dealt to bfe79d20 
Dealt to 684bfeb 
bfe79d20: raises $8 to $12
Hero: calls $12
684bfeb: folds
d223c807: calls $12
e95a828b: calls $10
13a4afeb: folds
*** FLOP *** [Kh 7c 3s]
e95a828b: checks
bfe79d20: checks
Hero: bets $37.6
d223c807: folds
e95a828b: calls $37.6
bfe79d20: folds
*** TURN *** [Kh 7c 3s] [2c]
e95a828b: checks
Hero: bets $101.76
e95a828b: folds
Uncalled bet ($101.76) returned to Hero
*** SHOWDOWN ***
Hero collected $127.2 from pot
*** SUMMARY ***
Total pot $127.2
Board [Kh 7c 3s 2c]
Seat 7: d223c807 folded on the Flop
Seat 1: e95a828b(small blind) folded on the Turn
Seat 2: 13a4afeb(big blind) folded before Flop
Seat 4: Herowon ($127.2) with King-High
Seat 3: bfe79d20 folded on the Flop
Seat 5: 684bfeb folded before Flop (didn't bet)



Poker Hand #ring_951203768: NLH No Limit ($2/$4) - 2025/06/23 02:09:36
Table 'MR NLH 2/4' 7-max Seat #0 is the button
Seat 7: d223c807 ($331.58 in chips)
Seat 1: e95a828b ($601.93 in chips)
Seat 2: 13a4afeb ($125.28 in chips)
Seat 4: Hero ($373.06 in chips)
Seat 3: bfe79d20 ($154.14 in chips)
Seat 5: 684bfeb ($1,293.61 in chips)
d223c807: posts small blind $2
e95a828b: posts big blind $4
*** HOLE CARDS ***
Dealt to d223c807 
Dealt to e95a828b 
Dealt to 13a4afeb 
Dealt to Hero [6c 5c]
Dealt to bfe79d20 
Dealt to 684bfeb 
13a4afeb: raises $10 to $14
bfe79d20: folds
Hero: calls $14
684bfeb: folds
d223c807: calls $12
e95a828b: calls $10
*** FLOP *** [5s 2s 6h]
d223c807: checks
e95a828b: checks
13a4afeb: bets $42
Hero: calls $42
d223c807: folds
e95a828b: folds
*** TURN *** [5s 2s 6h] [Qc]
13a4afeb: bets $69.28 and is all-in
Hero: calls $69.28
13a4afeb: shows [Jd Jc]
Hero: shows [6c 5c]
Hero: Chooses to EV Cashout
Pays Cashout Risk: $48.23
*** RIVER *** [5s 2s 6h Qc] [Ts]
Hero: EV Cashout ($214.62)
*** SHOWDOWN ***
Hero collected $278.56 from pot
*** SUMMARY ***
Total pot $278.56
Board [5s 2s 6h Qc Ts]
Seat 7: d223c807(small blind) folded on the Flop
Seat 1: e95a828b(big blind) folded on the Flop
Seat 2: 13a4afeb showed [Jd Jc] and lost with Pair of Jacks
Seat 4: Hero showed [6c 5c] and won ($278.56) with Pair of Sixes and Pair of Fives
Seat 3: bfe79d20 folded before Flop (didn't bet)
Seat 5: 684bfeb folded before Flop (didn't bet)



Poker Hand #ring_951201776: NLH No Limit ($2/$4) - 2025/06/23 02:08:20
Table 'MR NLH 2/4' 7-max Seat #5 is the button
Seat 7: d223c807 ($309.45 in chips)
Seat 1: e95a828b ($617.85 in chips)
Seat 2: 13a4afeb ($133.28 in chips)
Seat 4: Hero ($373.06 in chips)
Seat 3: bfe79d20 ($154.14 in chips)
Seat 5: 684bfeb ($1,293.61 in chips)
d223c807: posts big blind $4
*** HOLE CARDS ***
Dealt to d223c807 
Dealt to e95a828b 
Dealt to 13a4afeb 
Dealt to Hero [As 2d]
Dealt to bfe79d20 
Dealt to 684bfeb 
e95a828b: raises $4 to $8
13a4afeb: calls $8
bfe79d20: folds
Hero: folds
684bfeb: folds
d223c807: calls $4
*** FLOP *** [Kh Td 2s]
d223c807: checks
e95a828b: checks
13a4afeb: checks
*** TURN *** [Kh Td 2s] [Kd]
d223c807: bets $7.92
e95a828b: calls $7.92
13a4afeb: folds
*** RIVER *** [Kh Td 2s Kd] [9s]
d223c807: bets $39.84
e95a828b: folds
Uncalled bet ($39.84) returned to d223c807
d223c807: shows [Kc]
*** SHOWDOWN ***
d223c807 collected $39.84 from pot
*** SUMMARY ***
Total pot $39.84
Board [Kh Td 2s Kd 9s]
Seat 7: d223c807(big blind) showed [Kc] and won ($39.84) with Three Kings
Seat 1: e95a828b folded on the River
Seat 2: 13a4afeb folded on the Turn
Seat 4: Hero folded before Flop (didn't bet)
Seat 3: bfe79d20 folded before Flop (didn't bet)
Seat 5: 684bfeb folded before Flop (didn't bet)



Poker Hand #ring_951199280: NLH No Limit ($2/$4) - 2025/06/23 02:06:42
Table 'MR NLH 2/4' 7-max Seat #4 is the button
Seat 7: d223c807 ($244 in chips)
Seat 6: d506f2ed ($860.26 in chips)
Seat 1: e95a828b ($617.85 in chips)
Seat 2: 13a4afeb ($200 in chips)
Seat 4: Hero ($373.06 in chips)
Seat 3: bfe79d20 ($154.14 in chips)
Seat 5: 684bfeb ($1,295.61 in chips)
684bfeb: posts small blind $2
d506f2ed: posts big blind $4
13a4afeb: posts big blind $4
*** HOLE CARDS ***
Dealt to d223c807 
Dealt to d506f2ed 
Dealt to e95a828b 
Dealt to 13a4afeb 
Dealt to Hero [9s 7c]
Dealt to bfe79d20 
Dealt to 684bfeb 
d223c807: calls $4
e95a828b: folds
13a4afeb: raises $14 to $18
bfe79d20: folds
Hero: folds
684bfeb: folds
d506f2ed: folds
d223c807: calls $14
*** FLOP *** [5d Kh 2d]
d223c807: checks
13a4afeb: bets $21
d223c807: calls $21
*** TURN *** [5d Kh 2d] [7h]
d223c807: checks
13a4afeb: bets $27.72
d223c807: raises $177.28 to $205 and is all-in
13a4afeb: folds
Uncalled bet ($177.28) returned to d223c807
d223c807: shows [4s]
*** SHOWDOWN ***
d223c807 collected $139.44 from pot
*** SUMMARY ***
Total pot $139.44
Board [5d Kh 2d 7h]
Seat 7: d223c807 showed [4s] and won ($139.44) with Pair of Kings
Seat 6: d506f2ed(big blind) folded before Flop
Seat 1: e95a828b folded before Flop (didn't bet)
Seat 2: 13a4afeb folded on the Turn
Seat 4: Hero folded before Flop (didn't bet)
Seat 3: bfe79d20 folded before Flop (didn't bet)
Seat 5: 684bfeb(small blind) folded before Flop



Poker Hand #ring_951197345: NLH No Limit ($2/$4) - 2025/06/23 02:05:28
Table 'MR NLH 2/4' 7-max Seat #3 is the button
Seat 7: d223c807 ($252 in chips)
Seat 6: d506f2ed ($860.26 in chips)
Seat 1: e95a828b ($635.09 in chips)
Seat 4: Hero ($346.91 in chips)
Seat 3: bfe79d20 ($154.14 in chips)
Seat 5: 684bfeb ($1,299.61 in chips)
Hero: posts small blind $2
684bfeb: posts big blind $4
*** HOLE CARDS ***
Dealt to d223c807 
Dealt to d506f2ed 
Dealt to e95a828b 
Dealt to Hero [Td Qh]
Dealt to bfe79d20 
Dealt to 684bfeb 
d506f2ed: folds
d223c807: raises $4 to $8
e95a828b: calls $8
bfe79d20: folds
Hero: calls $6
684bfeb: folds
*** FLOP *** [Th 9h 3h]
Hero: checks
d223c807: checks
e95a828b: bets $9.24
Hero: calls $9.24
d223c807: folds
*** TURN *** [Th 9h 3h] [Tc]
Hero: checks
e95a828b: checks
*** RIVER *** [Th 9h 3h Tc] [7s]
Hero: bets $23.24
e95a828b: folds
Uncalled bet ($23.24) returned to Hero
*** SHOWDOWN ***
Hero collected $46.48 from pot
*** SUMMARY ***
Total pot $46.48
Board [Th 9h 3h Tc 7s]
Seat 7: d223c807 folded on the Flop
Seat 6: d506f2ed folded before Flop (didn't bet)
Seat 1: e95a828b folded on the River
Seat 4: Hero(small blind)won ($46.48) with Three Tens
Seat 3: bfe79d20 folded before Flop (didn't bet)
Seat 5: 684bfeb(big blind) folded before Flop



Poker Hand #ring_951193881: NLH No Limit ($2/$4) - 2025/06/23 02:03:16
Table 'MR NLH 2/4' 7-max Seat #2 is the button
Seat 7: d223c807 ($256 in chips)
Seat 2: 4d06df33 ($336.49 in chips)
Seat 6: d506f2ed ($860.26 in chips)
Seat 1: e95a828b ($635.09 in chips)
Seat 4: Hero ($350.91 in chips)
Seat 3: bfe79d20 ($156.14 in chips)
Seat 5: 684bfeb ($984.85 in chips)
bfe79d20: posts small blind $2
Hero: posts big blind $4
d223c807: posts big blind $4
*** HOLE CARDS ***
Dealt to d223c807 
Dealt to 4d06df33 
Dealt to d506f2ed 
Dealt to e95a828b 
Dealt to Hero [7d 5s]
Dealt to bfe79d20 
Dealt to 684bfeb 
684bfeb: raises $12 to $16
d506f2ed: folds
d223c807: folds
e95a828b: folds
4d06df33: calls $16
bfe79d20: folds
Hero: folds
*** FLOP *** [3h Qh Tc]
684bfeb: checks
4d06df33: bets $31.5
684bfeb: raises $78.76 to $110.26
4d06df33: raises $210.23 to $320.49 and is all-in
684bfeb: calls $210.23
4d06df33: shows [8h 5h] (Queen-High)
684bfeb: shows [Kh Kd] (Pair of Kings)
*** TURN *** [3h Qh Tc] [2c]
*** RIVER *** [3h Qh Tc 2c] [9c]
*** SHOWDOWN ***
684bfeb collected $682.98 from pot
*** SUMMARY ***
Total pot $682.98
Board [3h Qh Tc 2c 9c]
Seat 7: d223c807 folded before Flop
Seat 2: 4d06df33 showed [8h 5h] and lost with Queen-High
Seat 6: d506f2ed folded before Flop (didn't bet)
Seat 1: e95a828b folded before Flop (didn't bet)
Seat 4: Hero(big blind) folded before Flop
Seat 3: bfe79d20(small blind) folded before Flop
Seat 5: 684bfeb showed [Kh Kd] and won ($682.98) with Pair of Kings



Poker Hand #ring_951191955: NLH No Limit ($2/$4) - 2025/06/23 02:02:02
Table 'MR NLH 2/4' 7-max Seat #1 is the button
Seat 7: 58070b4 ($1,691.48 in chips)
Seat 2: 4d06df33 ($338.49 in chips)
Seat 6: d506f2ed ($860.26 in chips)
Seat 1: e95a828b ($653.67 in chips)
Seat 4: Hero ($350.91 in chips)
Seat 3: bfe79d20 ($160.14 in chips)
Seat 5: 684bfeb ($963.21 in chips)
4d06df33: posts small blind $2
bfe79d20: posts big blind $4
*** HOLE CARDS ***
Dealt to 58070b4 
Dealt to 4d06df33 
Dealt to d506f2ed 
Dealt to e95a828b 
Dealt to Hero [6d 5h]
Dealt to bfe79d20 
Dealt to 684bfeb 
Hero: folds
684bfeb: raises $6 to $10
d506f2ed: folds
58070b4: folds
e95a828b: calls $10
4d06df33: folds
bfe79d20: folds
*** FLOP *** [Kd 6c 8h]
684bfeb: bets $8.58
e95a828b: calls $8.58
*** TURN *** [Kd 6c 8h] [Ad]
684bfeb: bets $32.37
e95a828b: folds
Uncalled bet ($32.37) returned to 684bfeb
*** SHOWDOWN ***
684bfeb collected $43.16 from pot
*** SUMMARY ***
Total pot $43.16
Board [Kd 6c 8h Ad]
Seat 7: 58070b4 folded before Flop (didn't bet)
Seat 2: 4d06df33(small blind) folded before Flop
Seat 6: d506f2ed folded before Flop (didn't bet)
Seat 1: e95a828b folded on the Turn
Seat 4: Hero folded before Flop (didn't bet)
Seat 3: bfe79d20(big blind) folded before Flop
Seat 5: 684bfebwon ($43.16) with Ace-High



Poker Hand #ring_951189973: NLH No Limit ($2/$4) - 2025/06/23 02:00:46
Table 'MR NLH 2/4' 7-max Seat #7 is the button
Seat 7: 58070b4 ($1,691.48 in chips)
Seat 2: 4d06df33 ($373.31 in chips)
Seat 6: d506f2ed ($827.66 in chips)
Seat 1: e95a828b ($655.67 in chips)
Seat 4: Hero ($350.91 in chips)
Seat 3: bfe79d20 ($160.14 in chips)
Seat 5: 684bfeb ($963.21 in chips)
e95a828b: posts small blind $2
4d06df33: posts big blind $4
*** HOLE CARDS ***
Dealt to 58070b4 
Dealt to 4d06df33 
Dealt to d506f2ed 
Dealt to e95a828b 
Dealt to Hero [9c 7s]
Dealt to bfe79d20 
Dealt to 684bfeb 
bfe79d20: folds
Hero: folds
684bfeb: folds
d506f2ed: raises $8 to $12
58070b4: folds
e95a828b: folds
4d06df33: calls $8
*** FLOP *** [8c 6h 2s]
4d06df33: checks
d506f2ed: checks
*** TURN *** [8c 6h 2s] [3h]
4d06df33: checks
d506f2ed: bets $8.58
4d06df33: calls $8.58
*** RIVER *** [8c 6h 2s 3h] [6s]
4d06df33: bets $14.24
d506f2ed: calls $14.24
4d06df33: shows [Jd Td]
d506f2ed: shows [5s 5d]
*** SHOWDOWN ***
d506f2ed collected $71.64 from pot
*** SUMMARY ***
Total pot $71.64
Board [8c 6h 2s 3h 6s]
Seat 7: 58070b4 folded before Flop (didn't bet)
Seat 2: 4d06df33(big blind) showed [Jd Td] and lost with Pair of Sixes
Seat 6: d506f2ed showed [5s 5d] and won ($71.64) with Pair of Sixes and Pair of Fives
Seat 1: e95a828b(small blind) folded before Flop
Seat 4: Hero folded before Flop (didn't bet)
Seat 3: bfe79d20 folded before Flop (didn't bet)
Seat 5: 684bfeb folded before Flop (didn't bet)



Poker Hand #ring_951188051: NLH No Limit ($2/$4) - 2025/06/23 01:59:32
Table 'MR NLH 2/4' 7-max Seat #6 is the button
Seat 7: 58070b4 ($1,693.48 in chips)
Seat 2: 4d06df33 ($373.31 in chips)
Seat 6: d506f2ed ($827.66 in chips)
Seat 1: e95a828b ($643.29 in chips)
Seat 4: Hero ($350.91 in chips)
Seat 3: bfe79d20 ($171.64 in chips)
Seat 5: 684bfeb ($963.21 in chips)
58070b4: posts small blind $2
e95a828b: posts big blind $4
*** HOLE CARDS ***
Dealt to 58070b4 
Dealt to 4d06df33 
Dealt to d506f2ed 
Dealt to e95a828b 
Dealt to Hero [6s Qs]
Dealt to bfe79d20 
Dealt to 684bfeb 
4d06df33: folds
bfe79d20: calls $4
Hero: folds
684bfeb: folds
d506f2ed: folds
58070b4: folds
e95a828b: checks
*** FLOP *** [Kc 2c 7d]
e95a828b: checks
bfe79d20: checks
*** TURN *** [Kc 2c 7d] [9h]
e95a828b: checks
bfe79d20: bets $7.5
e95a828b: calls $7.5
*** RIVER *** [Kc 2c 7d 9h] [5h]
e95a828b: bets $8.25
bfe79d20: folds
Uncalled bet ($8.25) returned to e95a828b
*** SHOWDOWN ***
e95a828b collected $25 from pot
*** SUMMARY ***
Total pot $25
Board [Kc 2c 7d 9h 5h]
Seat 7: 58070b4(small blind) folded before Flop
Seat 2: 4d06df33 folded before Flop (didn't bet)
Seat 6: d506f2ed folded before Flop (didn't bet)
Seat 1: e95a828b(big blind)won ($25) with Pair of Fives
Seat 4: Hero folded before Flop (didn't bet)
Seat 3: bfe79d20 folded on the River
Seat 5: 684bfeb folded before Flop (didn't bet)



Poker Hand #ring_951184281: NLH No Limit ($2/$4) - 2025/06/23 01:57:07
Table 'MR NLH 2/4' 7-max Seat #5 is the button
Seat 7: 58070b4 ($1,697.48 in chips)
Seat 2: 4d06df33 ($373.31 in chips)
Seat 6: d506f2ed ($829.66 in chips)
Seat 1: e95a828b ($643.29 in chips)
Seat 4: Hero ($445.41 in chips)
Seat 3: bfe79d20 ($171.64 in chips)
Seat 5: 684bfeb ($872.48 in chips)
d506f2ed: posts small blind $2
58070b4: posts big blind $4
*** HOLE CARDS ***
Dealt to 58070b4 
Dealt to 4d06df33 
Dealt to d506f2ed 
Dealt to e95a828b 
Dealt to Hero [Td Tc]
Dealt to bfe79d20 
Dealt to 684bfeb 
e95a828b: folds
4d06df33: folds
bfe79d20: folds
Hero: raises $8 to $12
684bfeb: raises $24 to $36
d506f2ed: folds
58070b4: folds
Hero: calls $24
*** FLOP *** [Js 9s 4h]
Hero: checks
684bfeb: bets $58.5
Hero: calls $58.5
*** TURN *** [Js 9s 4h] [4s]
Hero: checks
684bfeb: bets $97.5
Hero: folds
Uncalled bet ($97.5) returned to 684bfeb
*** SHOWDOWN ***
684bfeb collected $195 from pot
*** SUMMARY ***
Total pot $195
Board [Js 9s 4h 4s]
Seat 7: 58070b4(big blind) folded before Flop
Seat 2: 4d06df33 folded before Flop (didn't bet)
Seat 6: d506f2ed(small blind) folded before Flop
Seat 1: e95a828b folded before Flop (didn't bet)
Seat 4: Hero folded on the Turn
Seat 3: bfe79d20 folded before Flop (didn't bet)
Seat 5: 684bfebwon ($195) with Pair of Kings and Pair of Fours



Poker Hand #ring_951182885: NLH No Limit ($2/$4) - 2025/06/23 01:56:13
Table 'MR NLH 2/4' 7-max Seat #4 is the button
Seat 7: 58070b4 ($1,697.48 in chips)
Seat 2: 4d06df33 ($373.31 in chips)
Seat 6: d506f2ed ($820.47 in chips)
Seat 1: e95a828b ($651.29 in chips)
Seat 4: Hero ($445.41 in chips)
Seat 3: bfe79d20 ($171.64 in chips)
Seat 5: 684bfeb ($874.48 in chips)
684bfeb: posts small blind $2
d506f2ed: posts big blind $4
*** HOLE CARDS ***
Dealt to 58070b4 
Dealt to 4d06df33 
Dealt to d506f2ed 
Dealt to e95a828b 
Dealt to Hero [7d 3d]
Dealt to bfe79d20 
Dealt to 684bfeb 
58070b4: folds
e95a828b: raises $4 to $8
4d06df33: folds
bfe79d20: folds
Hero: folds
684bfeb: folds
d506f2ed: calls $4
*** FLOP *** [Kd Kh 8c]
d506f2ed: checks
e95a828b: checks
*** TURN *** [Kd Kh 8c] [4c]
d506f2ed: bets $4
e95a828b: folds
Uncalled bet ($4) returned to d506f2ed
*** SHOWDOWN ***
d506f2ed collected $18 from pot
*** SUMMARY ***
Total pot $18
Board [Kd Kh 8c 4c]
Seat 7: 58070b4 folded before Flop (didn't bet)
Seat 2: 4d06df33 folded before Flop (didn't bet)
Seat 6: d506f2ed(big blind)won ($18) with Pair of Kings and Pair of Eights
Seat 1: e95a828b folded on the Turn
Seat 4: Hero folded before Flop (didn't bet)
Seat 3: bfe79d20 folded before Flop (didn't bet)
Seat 5: 684bfeb(small blind) folded before Flop



Poker Hand #ring_951181461: NLH No Limit ($2/$4) - 2025/06/23 01:55:19
Table 'MR NLH 2/4' 7-max Seat #3 is the button
Seat 7: 58070b4 ($1,697.48 in chips)
Seat 2: 4d06df33 ($373.31 in chips)
Seat 6: d506f2ed ($820.47 in chips)
Seat 1: e95a828b ($638.46 in chips)
Seat 4: Hero ($447.41 in chips)
Seat 3: bfe79d20 ($171.64 in chips)
Seat 5: 684bfeb ($886.48 in chips)
Hero: posts small blind $2
684bfeb: posts big blind $4
*** HOLE CARDS ***
Dealt to 58070b4 
Dealt to 4d06df33 
Dealt to d506f2ed 
Dealt to e95a828b 
Dealt to Hero [3h 5s]
Dealt to bfe79d20 
Dealt to 684bfeb 
d506f2ed: folds
58070b4: folds
e95a828b: raises $8 to $12
4d06df33: folds
bfe79d20: folds
Hero: folds
684bfeb: calls $8
*** FLOP *** [3d 2d 9c]
684bfeb: checks
e95a828b: bets $13
684bfeb: folds
Uncalled bet ($13) returned to e95a828b
*** SHOWDOWN ***
e95a828b collected $26 from pot
*** SUMMARY ***
Total pot $26
Board [3d 2d 9c]
Seat 7: 58070b4 folded before Flop (didn't bet)
Seat 2: 4d06df33 folded before Flop (didn't bet)
Seat 6: d506f2ed folded before Flop (didn't bet)
Seat 1: e95a828bwon ($26) with Pair of Twos
Seat 4: Hero(small blind) folded before Flop
Seat 3: bfe79d20 folded before Flop (didn't bet)
Seat 5: 684bfeb(big blind) folded on the Flop



Poker Hand #ring_951180001: NLH No Limit ($2/$4) - 2025/06/23 01:54:23
Table 'MR NLH 2/4' 7-max Seat #2 is the button
Seat 7: 58070b4 ($1,697.48 in chips)
Seat 2: 4d06df33 ($373.31 in chips)
Seat 6: d506f2ed ($820.47 in chips)
Seat 1: e95a828b ($638.46 in chips)
Seat 4: Hero ($443.77 in chips)
Seat 3: bfe79d20 ($175.64 in chips)
Seat 5: 684bfeb ($886.48 in chips)
bfe79d20: posts small blind $2
Hero: posts big blind $4
*** HOLE CARDS ***
Dealt to 58070b4 
Dealt to 4d06df33 
Dealt to d506f2ed 
Dealt to e95a828b 
Dealt to Hero [5s 3h]
Dealt to bfe79d20 
Dealt to 684bfeb 
684bfeb: folds
d506f2ed: folds
58070b4: folds
e95a828b: folds
4d06df33: folds
bfe79d20: calls $2
Hero: checks
*** FLOP *** [As 9s Td]
bfe79d20: checks
Hero: checks
*** TURN *** [As 9s Td] [Th]
bfe79d20: checks
Hero: bets $4
bfe79d20: folds
Uncalled bet ($4) returned to Hero
*** SHOWDOWN ***
Hero collected $8 from pot
*** SUMMARY ***
Total pot $8
Board [As 9s Td Th]
Seat 7: 58070b4 folded before Flop (didn't bet)
Seat 2: 4d06df33 folded before Flop (didn't bet)
Seat 6: d506f2ed folded before Flop (didn't bet)
Seat 1: e95a828b folded before Flop (didn't bet)
Seat 4: Hero(big blind)won ($8) with Pair of Tens
Seat 3: bfe79d20(small blind) folded on the Turn
Seat 5: 684bfeb folded before Flop (didn't bet)



Poker Hand #ring_951177684: NLH No Limit ($2/$4) - 2025/06/23 01:52:57
Table 'MR NLH 2/4' 7-max Seat #1 is the button
Seat 7: 58070b4 ($1,697.48 in chips)
Seat 2: 4d06df33 ($383.31 in chips)
Seat 6: d506f2ed ($798 in chips)
Seat 1: e95a828b ($638.46 in chips)
Seat 4: Hero ($443.77 in chips)
Seat 3: bfe79d20 ($179.64 in chips)
Seat 5: 684bfeb ($896.48 in chips)
4d06df33: posts small blind $2
bfe79d20: posts big blind $4
*** HOLE CARDS ***
Dealt to 58070b4 
Dealt to 4d06df33 
Dealt to d506f2ed 
Dealt to e95a828b 
Dealt to Hero [6c 2s]
Dealt to bfe79d20 
Dealt to 684bfeb 
Hero: folds
684bfeb: raises $6 to $10
d506f2ed: calls $10
58070b4: folds
e95a828b: folds
4d06df33: calls $8
bfe79d20: folds
*** FLOP *** [8s Ad 3s]
4d06df33: checks
684bfeb: checks
d506f2ed: checks
*** TURN *** [8s Ad 3s] [4c]
4d06df33: checks
684bfeb: checks
d506f2ed: bets $25.5
4d06df33: folds
684bfeb: folds
Uncalled bet ($25.5) returned to d506f2ed
*** SHOWDOWN ***
d506f2ed collected $34 from pot
*** SUMMARY ***
Total pot $34
Board [8s Ad 3s 4c]
Seat 7: 58070b4 folded before Flop (didn't bet)
Seat 2: 4d06df33(small blind) folded on the Turn
Seat 6: d506f2edwon ($34) with Pair of Twos
Seat 1: e95a828b folded before Flop (didn't bet)
Seat 4: Hero folded before Flop (didn't bet)
Seat 3: bfe79d20(big blind) folded before Flop
Seat 5: 684bfeb folded on the Turn



Poker Hand #ring_951175672: NLH No Limit ($2/$4) - 2025/06/23 01:51:41
Table 'MR NLH 2/4' 7-max Seat #7 is the button
Seat 7: 58070b4 ($1,697.48 in chips)
Seat 2: 4d06df33 ($387.31 in chips)
Seat 6: d506f2ed ($798 in chips)
Seat 1: e95a828b ($586.5 in chips)
Seat 4: Hero ($497.77 in chips)
Seat 3: bfe79d20 ($179.64 in chips)
Seat 5: 684bfeb ($896.48 in chips)
e95a828b: posts small blind $2
4d06df33: posts big blind $4
*** HOLE CARDS ***
Dealt to 58070b4 
Dealt to 4d06df33 
Dealt to d506f2ed 
Dealt to e95a828b 
Dealt to Hero [Jh As]
Dealt to bfe79d20 
Dealt to 684bfeb 
bfe79d20: folds
Hero: raises $8 to $12
684bfeb: folds
d506f2ed: folds
58070b4: folds
e95a828b: raises $14 to $26
4d06df33: folds
Hero: calls $14
*** FLOP *** [Kh 5c Th]
e95a828b: bets $28
Hero: calls $28
*** TURN *** [Kh 5c Th] [6c]
e95a828b: bets $84
Hero: folds
Uncalled bet ($84) returned to e95a828b
*** SHOWDOWN ***
e95a828b collected $112 from pot
*** SUMMARY ***
Total pot $112
Board [Kh 5c Th 6c]
Seat 7: 58070b4 folded before Flop (didn't bet)
Seat 2: 4d06df33(big blind) folded before Flop
Seat 6: d506f2ed folded before Flop (didn't bet)
Seat 1: e95a828b(small blind)won ($112) with Pair of Tens
Seat 4: Hero folded on the Turn
Seat 3: bfe79d20 folded before Flop (didn't bet)
Seat 5: 684bfeb folded before Flop (didn't bet)



Poker Hand #ring_951174624: NLH No Limit ($2/$4) - 2025/06/23 01:51:03
Table 'MR NLH 2/4' 7-max Seat #6 is the button
Seat 7: 58070b4 ($1,701.48 in chips)
Seat 2: 4d06df33 ($391.31 in chips)
Seat 6: d506f2ed ($798 in chips)
Seat 1: e95a828b ($579.04 in chips)
Seat 4: Hero ($497.77 in chips)
Seat 3: bfe79d20 ($179.64 in chips)
Seat 5: 684bfeb ($896.48 in chips)
58070b4: posts small blind $2
e95a828b: posts big blind $4
*** HOLE CARDS ***
Dealt to 58070b4 
Dealt to 4d06df33 
Dealt to d506f2ed 
Dealt to e95a828b 
Dealt to Hero [Kc 9s]
Dealt to bfe79d20 
Dealt to 684bfeb 
4d06df33: calls $4
bfe79d20: folds
Hero: folds
684bfeb: folds
d506f2ed: folds
58070b4: calls $2
e95a828b: checks
*** FLOP *** [3h 9c 8c]
58070b4: checks
e95a828b: bets $9
4d06df33: folds
58070b4: folds
Uncalled bet ($9) returned to e95a828b
*** SHOWDOWN ***
e95a828b collected $12 from pot
*** SUMMARY ***
Total pot $12
Board [3h 9c 8c]
Seat 7: 58070b4(small blind) folded on the Flop
Seat 2: 4d06df33 folded on the Flop
Seat 6: d506f2ed folded before Flop (didn't bet)
Seat 1: e95a828b(big blind)won ($12) with Pair of Nines
Seat 4: Hero folded before Flop (didn't bet)
Seat 3: bfe79d20 folded before Flop (didn't bet)
Seat 5: 684bfeb folded before Flop (didn't bet)



Poker Hand #ring_951173363: NLH No Limit ($2/$4) - 2025/06/23 01:50:14
Table 'MR NLH 2/4' 7-max Seat #5 is the button
Seat 7: 58070b4 ($1,705.48 in chips)
Seat 2: 4d06df33 ($391.31 in chips)
Seat 6: d506f2ed ($800 in chips)
Seat 1: e95a828b ($579.04 in chips)
Seat 4: Hero ($497.77 in chips)
Seat 3: bfe79d20 ($179.64 in chips)
Seat 5: 684bfeb ($890.48 in chips)
d506f2ed: posts small blind $2
58070b4: posts big blind $4
*** HOLE CARDS ***
Dealt to 58070b4 
Dealt to 4d06df33 
Dealt to d506f2ed 
Dealt to e95a828b 
Dealt to Hero [Th Qd]
Dealt to bfe79d20 
Dealt to 684bfeb 
e95a828b: folds
4d06df33: folds
bfe79d20: folds
Hero: folds
684bfeb: raises $6 to $10
d506f2ed: folds
58070b4: folds
Uncalled bet ($6) returned to 684bfeb
*** SHOWDOWN ***
684bfeb collected $10 from pot
*** SUMMARY ***
Total pot $10
Seat 7: 58070b4(big blind) folded before Flop
Seat 2: 4d06df33 folded before Flop (didn't bet)
Seat 6: d506f2ed(small blind) folded before Flop
Seat 1: e95a828b folded before Flop (didn't bet)
Seat 4: Hero folded before Flop (didn't bet)
Seat 3: bfe79d20 folded before Flop (didn't bet)
Seat 5: 684bfebwon ($10)



Poker Hand #ring_951171775: NLH No Limit ($2/$4) - 2025/06/23 01:49:14
Table 'MR NLH 2/4' 7-max Seat #4 is the button
Seat 7: 58070b4 ($1,705.48 in chips)
Seat 2: 4d06df33 ($391.31 in chips)
Seat 6: d506f2ed ($800 in chips)
Seat 1: e95a828b ($579.04 in chips)
Seat 4: Hero ($481.12 in chips)
Seat 3: bfe79d20 ($191.64 in chips)
Seat 5: 684bfeb ($892.48 in chips)
684bfeb: posts small blind $2
d506f2ed: posts big blind $4
*** HOLE CARDS ***
Dealt to 58070b4 
Dealt to 4d06df33 
Dealt to d506f2ed 
Dealt to e95a828b 
Dealt to Hero [Qs Qd]
Dealt to bfe79d20 
Dealt to 684bfeb 
58070b4: folds
e95a828b: folds
4d06df33: folds
bfe79d20: calls $4
Hero: raises $8 to $12
684bfeb: folds
d506f2ed: folds
bfe79d20: calls $8
*** FLOP *** [5c Ad Kh]
bfe79d20: checks
Hero: bets $9
bfe79d20: folds
Uncalled bet ($9) returned to Hero
*** SHOWDOWN ***
Hero collected $30 from pot
*** SUMMARY ***
Total pot $30
Board [5c Ad Kh]
Seat 7: 58070b4 folded before Flop (didn't bet)
Seat 2: 4d06df33 folded before Flop (didn't bet)
Seat 6: d506f2ed(big blind) folded before Flop
Seat 1: e95a828b folded before Flop (didn't bet)
Seat 4: Herowon ($30) with Pair of Queens
Seat 3: bfe79d20 folded on the Flop
Seat 5: 684bfeb(small blind) folded before Flop



Poker Hand #ring_951170212: NLH No Limit ($2/$4) - 2025/06/23 01:48:16
Table 'MR NLH 2/4' 7-max Seat #3 is the button
Seat 7: 58070b4 ($1,705.48 in chips)
Seat 2: 4d06df33 ($378.48 in chips)
Seat 6: d506f2ed ($800 in chips)
Seat 1: e95a828b ($579.04 in chips)
Seat 4: Hero ($483.12 in chips)
Seat 3: bfe79d20 ($191.64 in chips)
Seat 5: 684bfeb ($904.48 in chips)
Hero: posts small blind $2
684bfeb: posts big blind $4
*** HOLE CARDS ***
Dealt to 58070b4 
Dealt to 4d06df33 
Dealt to d506f2ed 
Dealt to e95a828b 
Dealt to Hero [Tc 5h]
Dealt to bfe79d20 
Dealt to 684bfeb 
d506f2ed: folds
58070b4: folds
e95a828b: folds
4d06df33: raises $8 to $12
bfe79d20: folds
Hero: folds
684bfeb: calls $8
*** FLOP *** [2h 7s 2c]
684bfeb: checks
4d06df33: checks
*** TURN *** [2h 7s 2c] [9c]
684bfeb: checks
4d06df33: checks
*** RIVER *** [2h 7s 2c 9c] [7h]
684bfeb: checks
4d06df33: checks
4d06df33: shows [Ts Ks]
684bfeb: shows [Qh Jd]
*** SHOWDOWN ***
4d06df33 collected $26 from pot
*** SUMMARY ***
Total pot $26
Board [2h 7s 2c 9c 7h]
Seat 7: 58070b4 folded before Flop (didn't bet)
Seat 2: 4d06df33 showed [Ts Ks] and won ($26) with Pair of Sevens and Pair of Twos
Seat 6: d506f2ed folded before Flop (didn't bet)
Seat 1: e95a828b folded before Flop (didn't bet)
Seat 4: Hero(small blind) folded before Flop
Seat 3: bfe79d20 folded before Flop (didn't bet)
Seat 5: 684bfeb(big blind) showed [Qh Jd] and lost with Pair of Sevens and Pair of Twos



Poker Hand #ring_951168651: NLH No Limit ($2/$4) - 2025/06/23 01:47:17
Table 'MR NLH 2/4' 7-max Seat #2 is the button
Seat 7: 58070b4 ($1,705.48 in chips)
Seat 2: 4d06df33 ($371.02 in chips)
Seat 6: d506f2ed ($800 in chips)
Seat 1: e95a828b ($579.04 in chips)
Seat 4: Hero ($487.12 in chips)
Seat 3: bfe79d20 ($195.64 in chips)
Seat 5: 684bfeb ($904.48 in chips)
bfe79d20: posts small blind $2
Hero: posts big blind $4
*** HOLE CARDS ***
Dealt to 58070b4 
Dealt to 4d06df33 
Dealt to d506f2ed 
Dealt to e95a828b 
Dealt to Hero [Ac 2h]
Dealt to bfe79d20 
Dealt to 684bfeb 
684bfeb: folds
d506f2ed: folds
58070b4: folds
e95a828b: folds
4d06df33: calls $4
bfe79d20: calls $2
Hero: checks
*** FLOP *** [7s 7h 5h]
bfe79d20: checks
Hero: checks
4d06df33: checks
*** TURN *** [7s 7h 5h] [9d]
bfe79d20: checks
Hero: checks
4d06df33: checks
*** RIVER *** [7s 7h 5h 9d] [Kc]
bfe79d20: checks
Hero: checks
4d06df33: checks
4d06df33: shows [4h 5s]
bfe79d20: shows [Ts 6c]
Hero: shows [Ac 2h]
684bfeb: shows [7c]
*** SHOWDOWN ***
4d06df33 collected $12 from pot
*** SUMMARY ***
Total pot $12
Board [7s 7h 5h 9d Kc]
Seat 7: 58070b4 folded before Flop (didn't bet)
Seat 2: 4d06df33 showed [4h 5s] and won ($12) with Pair of Sevens and Pair of Fives
Seat 6: d506f2ed folded before Flop (didn't bet)
Seat 1: e95a828b folded before Flop (didn't bet)
Seat 4: Hero(big blind) showed [Ac 2h] and lost with Pair of Sevens
Seat 3: bfe79d20(small blind) showed [Ts 6c] and lost with Pair of Sevens
Seat 5: 684bfeb folded before Flop (didn't bet)



Poker Hand #ring_951167637: NLH No Limit ($2/$4) - 2025/06/23 01:46:37
Table 'MR NLH 2/4' 7-max Seat #1 is the button
Seat 7: 58070b4 ($1,705.48 in chips)
Seat 2: 4d06df33 ($373.02 in chips)
Seat 6: d506f2ed ($800 in chips)
Seat 1: e95a828b ($579.04 in chips)
Seat 4: Hero ($487.12 in chips)
Seat 3: bfe79d20 ($193.64 in chips)
Seat 5: 684bfeb ($904.48 in chips)
4d06df33: posts small blind $2
bfe79d20: posts big blind $4
*** HOLE CARDS ***
Dealt to 58070b4 
Dealt to 4d06df33 
Dealt to d506f2ed 
Dealt to e95a828b 
Dealt to Hero [Js 2h]
Dealt to bfe79d20 
Dealt to 684bfeb 
Hero: folds
684bfeb: folds
d506f2ed: folds
58070b4: folds
e95a828b: folds
4d06df33: folds
*** SHOWDOWN ***
bfe79d20 collected $6 from pot
*** SUMMARY ***
Total pot $6
Seat 7: 58070b4 folded before Flop (didn't bet)
Seat 2: 4d06df33(small blind) folded before Flop
Seat 6: d506f2ed folded before Flop (didn't bet)
Seat 1: e95a828b folded before Flop (didn't bet)
Seat 4: Hero folded before Flop (didn't bet)
Seat 3: bfe79d20(big blind)won ($6)
Seat 5: 684bfeb folded before Flop (didn't bet)



Poker Hand #ring_951166659: NLH No Limit ($2/$4) - 2025/06/23 01:46:01
Table 'MR NLH 2/4' 7-max Seat #7 is the button
Seat 7: 58070b4 ($1,705.48 in chips)
Seat 2: 4d06df33 ($371.02 in chips)
Seat 6: d506f2ed ($800 in chips)
Seat 1: e95a828b ($581.04 in chips)
Seat 4: Hero ($487.12 in chips)
Seat 3: bfe79d20 ($193.64 in chips)
Seat 5: 684bfeb ($904.48 in chips)
e95a828b: posts small blind $2
4d06df33: posts big blind $4
*** HOLE CARDS ***
Dealt to 58070b4 
Dealt to 4d06df33 
Dealt to d506f2ed 
Dealt to e95a828b 
Dealt to Hero [3d Kd]
Dealt to bfe79d20 
Dealt to 684bfeb 
bfe79d20: folds
Hero: folds
684bfeb: folds
d506f2ed: folds
58070b4: folds
e95a828b: folds
*** SHOWDOWN ***
4d06df33 collected $6 from pot
*** SUMMARY ***
Total pot $6
Seat 7: 58070b4 folded before Flop (didn't bet)
Seat 2: 4d06df33(big blind)won ($6)
Seat 6: d506f2ed folded before Flop (didn't bet)
Seat 1: e95a828b(small blind) folded before Flop
Seat 4: Hero folded before Flop (didn't bet)
Seat 3: bfe79d20 folded before Flop (didn't bet)
Seat 5: 684bfeb folded before Flop (didn't bet)



Poker Hand #ring_951165646: NLH No Limit ($2/$4) - 2025/06/23 01:45:22
Table 'MR NLH 2/4' 7-max Seat #6 is the button
Seat 7: 58070b4 ($1,707.48 in chips)
Seat 2: 4d06df33 ($371.02 in chips)
Seat 6: d506f2ed ($800 in chips)
Seat 1: e95a828b ($585.04 in chips)
Seat 4: Hero ($487.12 in chips)
Seat 3: bfe79d20 ($193.64 in chips)
Seat 5: 684bfeb ($898.48 in chips)
58070b4: posts small blind $2
e95a828b: posts big blind $4
*** HOLE CARDS ***
Dealt to 58070b4 
Dealt to 4d06df33 
Dealt to d506f2ed 
Dealt to e95a828b 
Dealt to Hero [Jh 3c]
Dealt to bfe79d20 
Dealt to 684bfeb 
4d06df33: folds
bfe79d20: folds
Hero: folds
684bfeb: raises $6 to $10
d506f2ed: folds
58070b4: folds
e95a828b: folds
Uncalled bet ($6) returned to 684bfeb
*** SHOWDOWN ***
684bfeb collected $10 from pot
*** SUMMARY ***
Total pot $10
Seat 7: 58070b4(small blind) folded before Flop
Seat 2: 4d06df33 folded before Flop (didn't bet)
Seat 6: d506f2ed folded before Flop (didn't bet)
Seat 1: e95a828b(big blind) folded before Flop
Seat 4: Hero folded before Flop (didn't bet)
Seat 3: bfe79d20 folded before Flop (didn't bet)
Seat 5: 684bfebwon ($10)



Poker Hand #ring_951164919: NLH No Limit ($2/$4) - 2025/06/23 01:44:55
Table 'MR NLH 2/4' 7-max Seat #5 is the button
Seat 7: 58070b4 ($1,711.48 in chips)
Seat 2: 4d06df33 ($371.02 in chips)
Seat 6: d506f2ed ($802 in chips)
Seat 1: e95a828b ($579.04 in chips)
Seat 4: Hero ($487.12 in chips)
Seat 3: bfe79d20 ($193.64 in chips)
Seat 5: 684bfeb ($898.48 in chips)
d506f2ed: posts small blind $2
58070b4: posts big blind $4
*** HOLE CARDS ***
Dealt to 58070b4 
Dealt to 4d06df33 
Dealt to d506f2ed 
Dealt to e95a828b 
Dealt to Hero [Th 2d]
Dealt to bfe79d20 
Dealt to 684bfeb 
e95a828b: raises $4 to $8
4d06df33: folds
bfe79d20: folds
Hero: folds
684bfeb: folds
d506f2ed: folds
58070b4: folds
Uncalled bet ($4) returned to e95a828b
*** SHOWDOWN ***
e95a828b collected $10 from pot
*** SUMMARY ***
Total pot $10
Seat 7: 58070b4(big blind) folded before Flop
Seat 2: 4d06df33 folded before Flop (didn't bet)
Seat 6: d506f2ed(small blind) folded before Flop
Seat 1: e95a828bwon ($10)
Seat 4: Hero folded before Flop (didn't bet)
Seat 3: bfe79d20 folded before Flop (didn't bet)
Seat 5: 684bfeb folded before Flop (didn't bet)



Poker Hand #ring_951164322: NLH No Limit ($2/$4) - 2025/06/23 01:44:33
Table 'MR NLH 2/4' 7-max Seat #4 is the button
Seat 7: 58070b4 ($1,711.48 in chips)
Seat 2: 4d06df33 ($371.02 in chips)
Seat 6: d506f2ed ($800 in chips)
Seat 1: e95a828b ($579.04 in chips)
Seat 4: Hero ($487.12 in chips)
Seat 3: bfe79d20 ($193.64 in chips)
Seat 5: 684bfeb ($900.48 in chips)
684bfeb: posts small blind $2
d506f2ed: posts big blind $4
*** HOLE CARDS ***
Dealt to 58070b4 
Dealt to 4d06df33 
Dealt to d506f2ed 
Dealt to e95a828b 
Dealt to Hero [9s 6h]
Dealt to bfe79d20 
Dealt to 684bfeb 
58070b4: folds
e95a828b: folds
4d06df33: folds
bfe79d20: folds
Hero: folds
684bfeb: folds
*** SHOWDOWN ***
d506f2ed collected $6 from pot
*** SUMMARY ***
Total pot $6
Seat 7: 58070b4 folded before Flop (didn't bet)
Seat 2: 4d06df33 folded before Flop (didn't bet)
Seat 6: d506f2ed(big blind)won ($6)
Seat 1: e95a828b folded before Flop (didn't bet)
Seat 4: Hero folded before Flop (didn't bet)
Seat 3: bfe79d20 folded before Flop (didn't bet)
Seat 5: 684bfeb(small blind) folded before Flop



Poker Hand #ring_951162550: NLH No Limit ($2/$4) - 2025/06/23 01:43:25
Table 'MR NLH 2/4' 7-max Seat #3 is the button
Seat 7: 58070b4 ($1,693.01 in chips)
Seat 2: 4d06df33 ($371.02 in chips)
Seat 6: d506f2ed ($800 in chips)
Seat 1: e95a828b ($579.04 in chips)
Seat 4: Hero ($489.12 in chips)
Seat 3: bfe79d20 ($193.64 in chips)
Seat 5: 684bfeb ($904.48 in chips)
Hero: posts small blind $2
684bfeb: posts big blind $4
*** HOLE CARDS ***
Dealt to 58070b4 
Dealt to 4d06df33 
Dealt to d506f2ed 
Dealt to e95a828b 
Dealt to Hero [2c 5c]
Dealt to bfe79d20 
Dealt to 684bfeb 
d506f2ed: calls $4
58070b4: raises $10 to $14
e95a828b: folds
4d06df33: folds
bfe79d20: folds
Hero: folds
684bfeb: folds
d506f2ed: calls $10
*** FLOP *** [Js Tc 9h]
d506f2ed: checks
58070b4: bets $14.28
d506f2ed: folds
Uncalled bet ($14.28) returned to 58070b4
*** SHOWDOWN ***
58070b4 collected $34 from pot
*** SUMMARY ***
Total pot $34
Board [Js Tc 9h]
Seat 7: 58070b4won ($34) with Three Jacks
Seat 2: 4d06df33 folded before Flop (didn't bet)
Seat 6: d506f2ed folded on the Flop
Seat 1: e95a828b folded before Flop (didn't bet)
Seat 4: Hero(small blind) folded before Flop
Seat 3: bfe79d20 folded before Flop (didn't bet)
Seat 5: 684bfeb(big blind) folded before Flop



Poker Hand #ring_951161544: NLH No Limit ($2/$4) - 2025/06/23 01:42:46
Table 'MR NLH 2/4' 7-max Seat #2 is the button
Seat 7: 58070b4 ($1,687.01 in chips)
Seat 2: 4d06df33 ($371.02 in chips)
Seat 6: d506f2ed ($800 in chips)
Seat 1: e95a828b ($579.04 in chips)
Seat 4: Hero ($493.12 in chips)
Seat 3: bfe79d20 ($195.64 in chips)
Seat 5: 684bfeb ($904.48 in chips)
bfe79d20: posts small blind $2
Hero: posts big blind $4
*** HOLE CARDS ***
Dealt to 58070b4 
Dealt to 4d06df33 
Dealt to d506f2ed 
Dealt to e95a828b 
Dealt to Hero [3s 9d]
Dealt to bfe79d20 
Dealt to 684bfeb 
684bfeb: folds
d506f2ed: folds
58070b4: raises $6 to $10
e95a828b: folds
4d06df33: folds
bfe79d20: folds
Hero: folds
Uncalled bet ($6) returned to 58070b4
*** SHOWDOWN ***
58070b4 collected $10 from pot
*** SUMMARY ***
Total pot $10
Seat 7: 58070b4won ($10)
Seat 2: 4d06df33 folded before Flop (didn't bet)
Seat 6: d506f2ed folded before Flop (didn't bet)
Seat 1: e95a828b folded before Flop (didn't bet)
Seat 4: Hero(big blind) folded before Flop
Seat 3: bfe79d20(small blind) folded before Flop
Seat 5: 684bfeb folded before Flop (didn't bet)



Poker Hand #ring_951160189: NLH No Limit ($2/$4) - 2025/06/23 01:41:55
Table 'MR NLH 2/4' 7-max Seat #1 is the button
Seat 7: 58070b4 ($1,687.01 in chips)
Seat 2: 4d06df33 ($375.02 in chips)
Seat 6: d506f2ed ($800 in chips)
Seat 1: e95a828b ($579.04 in chips)
Seat 4: Hero ($493.12 in chips)
Seat 3: bfe79d20 ($192 in chips)
Seat 5: 684bfeb ($904.48 in chips)
4d06df33: posts small blind $2
bfe79d20: posts big blind $4
*** HOLE CARDS ***
Dealt to 58070b4 
Dealt to 4d06df33 
Dealt to d506f2ed 
Dealt to e95a828b 
Dealt to Hero [4c 5s]
Dealt to bfe79d20 
Dealt to 684bfeb 
Hero: folds
684bfeb: folds
d506f2ed: folds
58070b4: folds
e95a828b: folds
4d06df33: calls $2
bfe79d20: checks
*** FLOP *** [4s 3s Qc]
4d06df33: checks
bfe79d20: bets $6
4d06df33: folds
Uncalled bet ($6) returned to bfe79d20
*** SHOWDOWN ***
bfe79d20 collected $8 from pot
*** SUMMARY ***
Total pot $8
Board [4s 3s Qc]
Seat 7: 58070b4 folded before Flop (didn't bet)
Seat 2: 4d06df33(small blind) folded on the Flop
Seat 6: d506f2ed folded before Flop (didn't bet)
Seat 1: e95a828b folded before Flop (didn't bet)
Seat 4: Hero folded before Flop (didn't bet)
Seat 3: bfe79d20(big blind)won ($8) with King-High
Seat 5: 684bfeb folded before Flop (didn't bet)



Poker Hand #ring_951159670: NLH No Limit ($2/$4) - 2025/06/23 01:41:36
Table 'MR NLH 2/4' 7-max Seat #7 is the button
Seat 7: 58070b4 ($1,687.01 in chips)
Seat 2: 4d06df33 ($373.02 in chips)
Seat 6: d506f2ed ($800 in chips)
Seat 1: e95a828b ($581.04 in chips)
Seat 4: Hero ($493.12 in chips)
Seat 3: bfe79d20 ($192 in chips)
Seat 5: 684bfeb ($904.48 in chips)
e95a828b: posts small blind $2
4d06df33: posts big blind $4
*** HOLE CARDS ***
Dealt to 58070b4 
Dealt to 4d06df33 
Dealt to d506f2ed 
Dealt to e95a828b 
Dealt to Hero [Td Jh]
Dealt to bfe79d20 
Dealt to 684bfeb 
bfe79d20: folds
Hero: folds
684bfeb: folds
d506f2ed: folds
58070b4: folds
e95a828b: folds
*** SHOWDOWN ***
4d06df33 collected $6 from pot
*** SUMMARY ***
Total pot $6
Seat 7: 58070b4 folded before Flop (didn't bet)
Seat 2: 4d06df33(big blind)won ($6)
Seat 6: d506f2ed folded before Flop (didn't bet)
Seat 1: e95a828b(small blind) folded before Flop
Seat 4: Hero folded before Flop (didn't bet)
Seat 3: bfe79d20 folded before Flop (didn't bet)
Seat 5: 684bfeb folded before Flop (didn't bet)



Poker Hand #ring_951158775: NLH No Limit ($2/$4) - 2025/06/23 01:41:02
Table 'MR NLH 2/4' 7-max Seat #6 is the button
Seat 7: 58070b4 ($1,689.01 in chips)
Seat 2: 4d06df33 ($377.02 in chips)
Seat 6: d506f2ed ($800 in chips)
Seat 1: e95a828b ($563.04 in chips)
Seat 4: Hero ($505.12 in chips)
Seat 3: bfe79d20 ($192 in chips)
Seat 5: 684bfeb ($904.48 in chips)
58070b4: posts small blind $2
e95a828b: posts big blind $4
*** HOLE CARDS ***
Dealt to 58070b4 
Dealt to 4d06df33 
Dealt to d506f2ed 
Dealt to e95a828b 
Dealt to Hero [8c 7c]
Dealt to bfe79d20 
Dealt to 684bfeb 
4d06df33: calls $4
bfe79d20: folds
Hero: raises $8 to $12
684bfeb: folds
d506f2ed: folds
58070b4: folds
e95a828b: raises $30 to $42
4d06df33: folds
Hero: folds
Uncalled bet ($30) returned to e95a828b
*** SHOWDOWN ***
e95a828b collected $30 from pot
*** SUMMARY ***
Total pot $30
Seat 7: 58070b4(small blind) folded before Flop
Seat 2: 4d06df33 folded before Flop
Seat 6: d506f2ed folded before Flop (didn't bet)
Seat 1: e95a828b(big blind)won ($30)
Seat 4: Hero folded before Flop
Seat 3: bfe79d20 folded before Flop (didn't bet)
Seat 5: 684bfeb folded before Flop (didn't bet)



Poker Hand #ring_951157679: NLH No Limit ($2/$4) - 2025/06/23 01:40:21
Table 'MR NLH 2/4' 7-max Seat #5 is the button
Seat 7: 58070b4 ($1,693.01 in chips)
Seat 2: 4d06df33 ($371.02 in chips)
Seat 6: d506f2ed ($798 in chips)
Seat 1: e95a828b ($563.04 in chips)
Seat 4: Hero ($505.12 in chips)
Seat 3: bfe79d20 ($192 in chips)
Seat 5: 684bfeb ($904.48 in chips)
d506f2ed: posts small blind $2
58070b4: posts big blind $4
*** HOLE CARDS ***
Dealt to 58070b4 
Dealt to 4d06df33 
Dealt to d506f2ed 
Dealt to e95a828b 
Dealt to Hero [Th 3d]
Dealt to bfe79d20 
Dealt to 684bfeb 
e95a828b: folds
4d06df33: raises $8 to $12
bfe79d20: folds
Hero: folds
684bfeb: folds
d506f2ed: folds
58070b4: folds
Uncalled bet ($8) returned to 4d06df33
*** SHOWDOWN ***
4d06df33 collected $10 from pot
*** SUMMARY ***
Total pot $10
Seat 7: 58070b4(big blind) folded before Flop
Seat 2: 4d06df33won ($10)
Seat 6: d506f2ed(small blind) folded before Flop
Seat 1: e95a828b folded before Flop (didn't bet)
Seat 4: Hero folded before Flop (didn't bet)
Seat 3: bfe79d20 folded before Flop (didn't bet)
Seat 5: 684bfeb folded before Flop (didn't bet)



Poker Hand #ring_951156579: NLH No Limit ($2/$4) - 2025/06/23 01:39:40
Table 'MR NLH 2/4' 7-max Seat #4 is the button
Seat 7: 58070b4 ($1,693.01 in chips)
Seat 2: 4d06df33 ($371.02 in chips)
Seat 6: d506f2ed ($810 in chips)
Seat 1: e95a828b ($550.21 in chips)
Seat 4: Hero ($505.12 in chips)
Seat 3: bfe79d20 ($192 in chips)
Seat 5: 684bfeb ($906.48 in chips)
684bfeb: posts small blind $2
d506f2ed: posts big blind $4
*** HOLE CARDS ***
Dealt to 58070b4 
Dealt to 4d06df33 
Dealt to d506f2ed 
Dealt to e95a828b 
Dealt to Hero [Kh 9s]
Dealt to bfe79d20 
Dealt to 684bfeb 
58070b4: folds
e95a828b: raises $8 to $12
4d06df33: folds
bfe79d20: folds
Hero: folds
684bfeb: folds
d506f2ed: calls $8
*** FLOP *** [3d 6d Jd]
d506f2ed: checks
e95a828b: bets $8.58
d506f2ed: folds
Uncalled bet ($8.58) returned to e95a828b
*** SHOWDOWN ***
e95a828b collected $26 from pot
*** SUMMARY ***
Total pot $26
Board [3d 6d Jd]
Seat 7: 58070b4 folded before Flop (didn't bet)
Seat 2: 4d06df33 folded before Flop (didn't bet)
Seat 6: d506f2ed(big blind) folded on the Flop
Seat 1: e95a828bwon ($26) with Ace-High
Seat 4: Hero folded before Flop (didn't bet)
Seat 3: bfe79d20 folded before Flop (didn't bet)
Seat 5: 684bfeb(small blind) folded before Flop



Poker Hand #ring_951155499: NLH No Limit ($2/$4) - 2025/06/23 01:39:01
Table 'MR NLH 2/4' 7-max Seat #3 is the button
Seat 7: 58070b4 ($1,693.01 in chips)
Seat 2: 4d06df33 ($371.02 in chips)
Seat 6: d506f2ed ($810 in chips)
Seat 1: e95a828b ($544.21 in chips)
Seat 4: Hero ($507.12 in chips)
Seat 3: bfe79d20 ($192 in chips)
Seat 5: 684bfeb ($910.48 in chips)
Hero: posts small blind $2
684bfeb: posts big blind $4
*** HOLE CARDS ***
Dealt to 58070b4 
Dealt to 4d06df33 
Dealt to d506f2ed 
Dealt to e95a828b 
Dealt to Hero [Qh 5s]
Dealt to bfe79d20 
Dealt to 684bfeb 
d506f2ed: folds
58070b4: folds
e95a828b: raises $8 to $12
4d06df33: folds
bfe79d20: folds
Hero: folds
684bfeb: folds
Uncalled bet ($8) returned to e95a828b
*** SHOWDOWN ***
e95a828b collected $10 from pot
*** SUMMARY ***
Total pot $10
Seat 7: 58070b4 folded before Flop (didn't bet)
Seat 2: 4d06df33 folded before Flop (didn't bet)
Seat 6: d506f2ed folded before Flop (didn't bet)
Seat 1: e95a828bwon ($10)
Seat 4: Hero(small blind) folded before Flop
Seat 3: bfe79d20 folded before Flop (didn't bet)
Seat 5: 684bfeb(big blind) folded before Flop



Poker Hand #ring_951154260: NLH No Limit ($2/$4) - 2025/06/23 01:38:14
Table 'MR NLH 2/4' 7-max Seat #2 is the button
Seat 7: 58070b4 ($1,693.01 in chips)
Seat 2: 4d06df33 ($318.97 in chips)
Seat 6: d506f2ed ($810 in chips)
Seat 1: e95a828b ($596.21 in chips)
Seat 4: Hero ($511.12 in chips)
Seat 3: bfe79d20 ($194 in chips)
Seat 5: 684bfeb ($910.48 in chips)
bfe79d20: posts small blind $2
Hero: posts big blind $4
*** HOLE CARDS ***
Dealt to 58070b4 
Dealt to 4d06df33 
Dealt to d506f2ed 
Dealt to e95a828b 
Dealt to Hero [Qh 8c]
Dealt to bfe79d20 
Dealt to 684bfeb 
684bfeb: folds
d506f2ed: folds
58070b4: folds
e95a828b: raises $4 to $8
4d06df33: raises $16.5 to $24.5
bfe79d20: folds
Hero: folds
e95a828b: calls $16.5
*** FLOP *** [3d 6h 8s]
e95a828b: bets $27.5
4d06df33: raises $110 to $137.5
e95a828b: folds
Uncalled bet ($110) returned to 4d06df33
*** SHOWDOWN ***
4d06df33 collected $110 from pot
*** SUMMARY ***
Total pot $110
Board [3d 6h 8s]
Seat 7: 58070b4 folded before Flop (didn't bet)
Seat 2: 4d06df33won ($110) with Ace-High
Seat 6: d506f2ed folded before Flop (didn't bet)
Seat 1: e95a828b folded on the Flop
Seat 4: Hero(big blind) folded before Flop
Seat 3: bfe79d20(small blind) folded before Flop
Seat 5: 684bfeb folded before Flop (didn't bet)



Poker Hand #ring_951153033: NLH No Limit ($2/$4) - 2025/06/23 01:37:28
Table 'MR NLH 2/4' 7-max Seat #1 is the button
Seat 7: 58070b4 ($1,703.01 in chips)
Seat 2: 4d06df33 ($320.97 in chips)
Seat 6: d506f2ed ($810 in chips)
Seat 1: e95a828b ($581.38 in chips)
Seat 4: Hero ($511.12 in chips)
Seat 3: bfe79d20 ($198 in chips)
Seat 5: 684bfeb ($910.48 in chips)
4d06df33: posts small blind $2
bfe79d20: posts big blind $4
*** HOLE CARDS ***
Dealt to 58070b4 
Dealt to 4d06df33 
Dealt to d506f2ed 
Dealt to e95a828b 
Dealt to Hero [7d 3h]
Dealt to bfe79d20 
Dealt to 684bfeb 
Hero: folds
684bfeb: folds
d506f2ed: folds
58070b4: raises $6 to $10
e95a828b: calls $10
4d06df33: folds
bfe79d20: folds
*** FLOP *** [4c Tc 6c]
58070b4: checks
e95a828b: bets $13
58070b4: folds
Uncalled bet ($13) returned to e95a828b
*** SHOWDOWN ***
e95a828b collected $26 from pot
*** SUMMARY ***
Total pot $26
Board [4c Tc 6c]
Seat 7: 58070b4 folded on the Flop
Seat 2: 4d06df33(small blind) folded before Flop
Seat 6: d506f2ed folded before Flop (didn't bet)
Seat 1: e95a828bwon ($26) with Pair of Sixes
Seat 4: Hero folded before Flop (didn't bet)
Seat 3: bfe79d20(big blind) folded before Flop
Seat 5: 684bfeb folded before Flop (didn't bet)



Poker Hand #ring_951151356: NLH No Limit ($2/$4) - 2025/06/23 01:36:27
Table 'MR NLH 2/4' 7-max Seat #7 is the button
Seat 7: 58070b4 ($1,713.01 in chips)
Seat 2: 4d06df33 ($324.97 in chips)
Seat 6: d506f2ed ($810 in chips)
Seat 1: e95a828b ($583.38 in chips)
Seat 4: Hero ($511.12 in chips)
Seat 3: bfe79d20 ($198 in chips)
Seat 5: 684bfeb ($895.65 in chips)
e95a828b: posts small blind $2
4d06df33: posts big blind $4
*** HOLE CARDS ***
Dealt to 58070b4 
Dealt to 4d06df33 
Dealt to d506f2ed 
Dealt to e95a828b 
Dealt to Hero [9c 4s]
Dealt to bfe79d20 
Dealt to 684bfeb 
bfe79d20: folds
Hero: folds
684bfeb: raises $6 to $10
d506f2ed: folds
58070b4: calls $10
e95a828b: folds
4d06df33: folds
*** FLOP *** [3c Tc Kd]
684bfeb: bets $13
58070b4: folds
Uncalled bet ($13) returned to 684bfeb
*** SHOWDOWN ***
684bfeb collected $26 from pot
*** SUMMARY ***
Total pot $26
Board [3c Tc Kd]
Seat 7: 58070b4 folded on the Flop
Seat 2: 4d06df33(big blind) folded before Flop
Seat 6: d506f2ed folded before Flop (didn't bet)
Seat 1: e95a828b(small blind) folded before Flop
Seat 4: Hero folded before Flop (didn't bet)
Seat 3: bfe79d20 folded before Flop (didn't bet)
Seat 5: 684bfebwon ($26) with Ace-High



Poker Hand #ring_951149057: NLH No Limit ($2/$4) - 2025/06/23 01:35:02
Table 'MR NLH 2/4' 7-max Seat #6 is the button
Seat 7: 58070b4 ($1,715.01 in chips)
Seat 2: 4d06df33 ($419.37 in chips)
Seat 6: d506f2ed ($810 in chips)
Seat 1: e95a828b ($587.38 in chips)
Seat 4: Hero ($511.12 in chips)
Seat 3: bfe79d20 ($198 in chips)
Seat 5: 684bfeb ($805.01 in chips)
58070b4: posts small blind $2
e95a828b: posts big blind $4
*** HOLE CARDS ***
Dealt to 58070b4 
Dealt to 4d06df33 
Dealt to d506f2ed 
Dealt to e95a828b 
Dealt to Hero [9s 6d]
Dealt to bfe79d20 
Dealt to 684bfeb 
4d06df33: raises $8 to $12
bfe79d20: folds
Hero: folds
684bfeb: raises $24 to $36
d506f2ed: folds
58070b4: folds
e95a828b: folds
4d06df33: calls $24
*** FLOP *** [6s 9c 3s]
4d06df33: checks
684bfeb: checks
*** TURN *** [6s 9c 3s] [Td]
4d06df33: checks
684bfeb: bets $58.4
4d06df33: calls $58.4
*** RIVER *** [6s 9c 3s Td] [7d]
4d06df33: checks
684bfeb: bets $710.61 and is all-in
4d06df33: folds
Uncalled bet ($710.61) returned to 684bfeb
*** SHOWDOWN ***
684bfeb collected $194.8 from pot
*** SUMMARY ***
Total pot $194.8
Board [6s 9c 3s Td 7d]
Seat 7: 58070b4(small blind) folded before Flop
Seat 2: 4d06df33 folded on the River
Seat 6: d506f2ed folded before Flop (didn't bet)
Seat 1: e95a828b(big blind) folded before Flop
Seat 4: Hero folded before Flop (didn't bet)
Seat 3: bfe79d20 folded before Flop (didn't bet)
Seat 5: 684bfebwon ($194.8) with Tens-High Straight



Poker Hand #ring_951147486: NLH No Limit ($2/$4) - 2025/06/23 01:34:04
Table 'MR NLH 2/4' 7-max Seat #5 is the button
Seat 7: 58070b4 ($1,725.01 in chips)
Seat 2: 4d06df33 ($419.37 in chips)
Seat 6: d506f2ed ($812 in chips)
Seat 1: e95a828b ($587.38 in chips)
Seat 4: Hero ($511.12 in chips)
Seat 3: bfe79d20 ($198 in chips)
Seat 5: 684bfeb ($794 in chips)
d506f2ed: posts small blind $2
58070b4: posts big blind $4
*** HOLE CARDS ***
Dealt to 58070b4 
Dealt to 4d06df33 
Dealt to d506f2ed 
Dealt to e95a828b 
Dealt to Hero [2c Th]
Dealt to bfe79d20 
Dealt to 684bfeb 
e95a828b: folds
4d06df33: folds
bfe79d20: folds
Hero: folds
684bfeb: raises $6 to $10
d506f2ed: folds
58070b4: calls $6
*** FLOP *** [Kc 8d As]
58070b4: checks
684bfeb: bets $7.26
58070b4: folds
Uncalled bet ($7.26) returned to 684bfeb
*** SHOWDOWN ***
684bfeb collected $22 from pot
*** SUMMARY ***
Total pot $22
Board [Kc 8d As]
Seat 7: 58070b4(big blind) folded on the Flop
Seat 2: 4d06df33 folded before Flop (didn't bet)
Seat 6: d506f2ed(small blind) folded before Flop
Seat 1: e95a828b folded before Flop (didn't bet)
Seat 4: Hero folded before Flop (didn't bet)
Seat 3: bfe79d20 folded before Flop (didn't bet)
Seat 5: 684bfebwon ($22) with Pair of Kings and Pair of Eights



Poker Hand #ring_951146117: NLH No Limit ($2/$4) - 2025/06/23 01:33:15
Table 'MR NLH 2/4' 7-max Seat #4 is the button
Seat 7: 58070b4 ($1,735.01 in chips)
Seat 2: 4d06df33 ($419.37 in chips)
Seat 6: d506f2ed ($800 in chips)
Seat 1: e95a828b ($587.38 in chips)
Seat 4: Hero ($511.12 in chips)
Seat 3: bfe79d20 ($198 in chips)
Seat 5: 684bfeb ($796 in chips)
684bfeb: posts small blind $2
d506f2ed: posts big blind $4
*** HOLE CARDS ***
Dealt to 58070b4 
Dealt to 4d06df33 
Dealt to d506f2ed 
Dealt to e95a828b 
Dealt to Hero [3h 2s]
Dealt to bfe79d20 
Dealt to 684bfeb 
58070b4: raises $6 to $10
e95a828b: folds
4d06df33: folds
bfe79d20: folds
Hero: folds
684bfeb: folds
d506f2ed: raises $30 to $40
58070b4: folds
Uncalled bet ($30) returned to d506f2ed
*** SHOWDOWN ***
d506f2ed collected $22 from pot
*** SUMMARY ***
Total pot $22
Seat 7: 58070b4 folded before Flop
Seat 2: 4d06df33 folded before Flop (didn't bet)
Seat 6: d506f2ed(big blind)won ($22)
Seat 1: e95a828b folded before Flop (didn't bet)
Seat 4: Hero folded before Flop (didn't bet)
Seat 3: bfe79d20 folded before Flop (didn't bet)
Seat 5: 684bfeb(small blind) folded before Flop



Poker Hand #ring_951145353: NLH No Limit ($2/$4) - 2025/06/23 01:32:47
Table 'MR NLH 2/4' 7-max Seat #3 is the button
Seat 7: 58070b4 ($1,735.01 in chips)
Seat 2: 4d06df33 ($419.37 in chips)
Seat 6: d506f2ed ($800 in chips)
Seat 1: e95a828b ($587.38 in chips)
Seat 4: Hero ($507.12 in chips)
Seat 3: bfe79d20 ($198 in chips)
Seat 5: 684bfeb ($800 in chips)
Hero: posts small blind $2
684bfeb: posts big blind $4
*** HOLE CARDS ***
Dealt to 58070b4 
Dealt to 4d06df33 
Dealt to d506f2ed 
Dealt to e95a828b 
Dealt to Hero [Ah Kh]
Dealt to bfe79d20 
Dealt to 684bfeb 
d506f2ed: folds
58070b4: folds
e95a828b: folds
4d06df33: folds
bfe79d20: folds
Hero: raises $6 to $10
684bfeb: folds
Uncalled bet ($6) returned to Hero
*** SHOWDOWN ***
Hero collected $8 from pot
*** SUMMARY ***
Total pot $8
Seat 7: 58070b4 folded before Flop (didn't bet)
Seat 2: 4d06df33 folded before Flop (didn't bet)
Seat 6: d506f2ed folded before Flop (didn't bet)
Seat 1: e95a828b folded before Flop (didn't bet)
Seat 4: Hero(small blind)won ($8)
Seat 3: bfe79d20 folded before Flop (didn't bet)
Seat 5: 684bfeb(big blind) folded before Flop



Poker Hand #ring_951143050: NLH No Limit ($2/$4) - 2025/06/23 01:31:25
Table 'MR NLH 2/4' 7-max Seat #2 is the button
Seat 7: 58070b4 ($1,735.01 in chips)
Seat 2: 4d06df33 ($386.33 in chips)
Seat 6: d506f2ed ($800 in chips)
Seat 1: e95a828b ($587.38 in chips)
Seat 4: Hero ($540.32 in chips)
Seat 3: bfe79d20 ($202 in chips)
Seat 5: 684bfeb ($800 in chips)
bfe79d20: posts small blind $2
Hero: posts big blind $4
*** HOLE CARDS ***
Dealt to 58070b4 
Dealt to 4d06df33 
Dealt to d506f2ed 
Dealt to e95a828b 
Dealt to Hero [As Ts]
Dealt to bfe79d20 
Dealt to 684bfeb 
684bfeb: folds
d506f2ed: folds
58070b4: folds
e95a828b: folds
4d06df33: calls $4
bfe79d20: calls $2
Hero: raises $16 to $20
4d06df33: calls $16
bfe79d20: folds
*** FLOP *** [2h 5h 8h]
Hero: bets $13.2
4d06df33: raises $35.2 to $48.4
Hero: folds
Uncalled bet ($35.2) returned to 4d06df33
*** SHOWDOWN ***
4d06df33 collected $70.4 from pot
*** SUMMARY ***
Total pot $70.4
Board [2h 5h 8h]
Seat 7: 58070b4 folded before Flop (didn't bet)
Seat 2: 4d06df33won ($70.4) with Pair of Eights and Pair of Fives
Seat 6: d506f2ed folded before Flop (didn't bet)
Seat 1: e95a828b folded before Flop (didn't bet)
Seat 4: Hero(big blind) folded on the Flop
Seat 3: bfe79d20(small blind) folded before Flop
Seat 5: 684bfeb folded before Flop (didn't bet)



Poker Hand #ring_951142172: NLH No Limit ($2/$4) - 2025/06/23 01:30:53
Table 'MR NLH 2/4' 7-max Seat #1 is the button
Seat 7: 58070b4 ($1,735.01 in chips)
Seat 2: 4d06df33 ($388.33 in chips)
Seat 6: d506f2ed ($800 in chips)
Seat 1: e95a828b ($587.38 in chips)
Seat 4: Hero ($540.32 in chips)
Seat 3: bfe79d20 ($200 in chips)
Seat 5: 684bfeb ($800 in chips)
4d06df33: posts small blind $2
bfe79d20: posts big blind $4
*** HOLE CARDS ***
Dealt to 58070b4 
Dealt to 4d06df33 
Dealt to d506f2ed 
Dealt to e95a828b 
Dealt to Hero [4s 9c]
Dealt to bfe79d20 
Dealt to 684bfeb 
Hero: folds
684bfeb: folds
d506f2ed: folds
58070b4: folds
e95a828b: folds
4d06df33: folds
*** SHOWDOWN ***
bfe79d20 collected $6 from pot
*** SUMMARY ***
Total pot $6
Seat 7: 58070b4 folded before Flop (didn't bet)
Seat 2: 4d06df33(small blind) folded before Flop
Seat 6: d506f2ed folded before Flop (didn't bet)
Seat 1: e95a828b folded before Flop (didn't bet)
Seat 4: Hero folded before Flop (didn't bet)
Seat 3: bfe79d20(big blind)won ($6)
Seat 5: 684bfeb folded before Flop (didn't bet)



Poker Hand #ring_951141035: NLH No Limit ($2/$4) - 2025/06/23 01:30:11
Table 'MR NLH 2/4' 7-max Seat #7 is the button
Seat 7: 58070b4 ($1,735.01 in chips)
Seat 2: 4d06df33 ($392.33 in chips)
Seat 6: d506f2ed ($800 in chips)
Seat 1: e95a828b ($589.38 in chips)
Seat 4: Hero ($540.32 in chips)
Seat 5: 684bfeb ($794 in chips)
e95a828b: posts small blind $2
4d06df33: posts big blind $4
*** HOLE CARDS ***
Dealt to 58070b4 
Dealt to 4d06df33 
Dealt to d506f2ed 
Dealt to e95a828b 
Dealt to Hero [4d 7s]
Dealt to 684bfeb 
Hero: folds
684bfeb: raises $6 to $10
d506f2ed: folds
58070b4: folds
e95a828b: folds
4d06df33: folds
Uncalled bet ($6) returned to 684bfeb
*** SHOWDOWN ***
684bfeb collected $10 from pot
*** SUMMARY ***
Total pot $10
Seat 7: 58070b4 folded before Flop (didn't bet)
Seat 2: 4d06df33(big blind) folded before Flop
Seat 6: d506f2ed folded before Flop (didn't bet)
Seat 1: e95a828b(small blind) folded before Flop
Seat 4: Hero folded before Flop (didn't bet)
Seat 5: 684bfebwon ($10)



Poker Hand #ring_951140155: NLH No Limit ($2/$4) - 2025/06/23 01:29:39
Table 'MR NLH 2/4' 7-max Seat #6 is the button
Seat 7: 58070b4 ($1,737.01 in chips)
Seat 2: 4d06df33 ($380.33 in chips)
Seat 6: d506f2ed ($800 in chips)
Seat 1: e95a828b ($593.38 in chips)
Seat 4: Hero ($540.32 in chips)
Seat 5: 684bfeb ($800 in chips)
58070b4: posts small blind $2
e95a828b: posts big blind $4
684bfeb: posts big blind $4
684bfeb: posts small blind $2
*** HOLE CARDS ***
Dealt to 58070b4 
Dealt to 4d06df33 
Dealt to d506f2ed 
Dealt to e95a828b 
Dealt to Hero [3s Td]
Dealt to 684bfeb 
4d06df33: raises $8 to $12
Hero: folds
684bfeb: folds
d506f2ed: folds
58070b4: folds
e95a828b: folds
Uncalled bet ($8) returned to 4d06df33
*** SHOWDOWN ***
4d06df33 collected $16 from pot
*** SUMMARY ***
Total pot $14
Seat 7: 58070b4(small blind) folded before Flop
Seat 2: 4d06df33won ($16)
Seat 6: d506f2ed folded before Flop (didn't bet)
Seat 1: e95a828b(big blind) folded before Flop
Seat 4: Hero folded before Flop (didn't bet)
Seat 5: 684bfeb folded before Flop



Poker Hand #ring_951137891: NLH No Limit ($2/$4) - 2025/06/23 01:28:16
Table 'MR NLH 2/4' 7-max Seat #4 is the button
Seat 7: 58070b4 ($1,741.01 in chips)
Seat 2: 4d06df33 ($380.33 in chips)
Seat 6: d506f2ed ($818 in chips)
Seat 1: e95a828b ($309.19 in chips)
Seat 4: Hero ($540.32 in chips)
d506f2ed: posts small blind $2
58070b4: posts big blind $4
*** HOLE CARDS ***
Dealt to 58070b4 
Dealt to 4d06df33 
Dealt to d506f2ed 
Dealt to e95a828b 
Dealt to Hero [Qd 4d]
e95a828b: raises $8 to $12
4d06df33: folds
Hero: folds
d506f2ed: calls $10
58070b4: folds
*** FLOP *** [Ts 4h 9c]
d506f2ed: checks
e95a828b: bets $14
d506f2ed: calls $14
*** TURN *** [Ts 4h 9c] [6h]
d506f2ed: checks
e95a828b: bets $28
d506f2ed: raises $56 to $84
e95a828b: calls $56
*** RIVER *** [Ts 4h 9c 6h] [5c]
d506f2ed: bets $708 and is all-in
e95a828b: calls $199.19 and is all-in
Uncalled bet ($508.81) returned to d506f2ed
e95a828b: shows [As 9s]
d506f2ed: shows [Qc Kc]
*** SHOWDOWN ***
e95a828b collected $622.38 from pot
*** SUMMARY ***
Total pot $622.38
Board [Ts 4h 9c 6h 5c]
Seat 7: 58070b4(big blind) folded before Flop
Seat 2: 4d06df33 folded before Flop (didn't bet)
Seat 6: d506f2ed(small blind) showed [Qc Kc] and lost with King-High
Seat 1: e95a828b showed [As 9s] and won ($622.38) with Pair of Nines
Seat 4: Hero folded before Flop (didn't bet)



Poker Hand #ring_951135787: NLH No Limit ($2/$4) - 2025/06/23 01:27:01
Table 'MR NLH 2/4' 7-max Seat #2 is the button
Seat 7: 58070b4 ($1,741.01 in chips)
Seat 2: 4d06df33 ($380.33 in chips)
Seat 6: d506f2ed ($826 in chips)
Seat 1: e95a828b ($300 in chips)
Seat 4: Hero ($542.32 in chips)
Hero: posts small blind $2
d506f2ed: posts big blind $4
e95a828b: posts big blind $4
*** HOLE CARDS ***
Dealt to 58070b4 
Dealt to 4d06df33 
Dealt to d506f2ed 
Dealt to e95a828b 
Dealt to Hero [Qs 8c]
58070b4: folds
e95a828b: raises $4 to $8
4d06df33: folds
Hero: folds
d506f2ed: calls $4
*** FLOP *** [Js Jh Jc]
d506f2ed: checks
e95a828b: checks
*** TURN *** [Js Jh Jc] [Ah]
d506f2ed: checks
e95a828b: checks
*** RIVER *** [Js Jh Jc Ah] [Qc]
d506f2ed: checks
e95a828b: bets $5.94
d506f2ed: folds
Uncalled bet ($5.94) returned to e95a828b
*** SHOWDOWN ***
e95a828b collected $18 from pot
*** SUMMARY ***
Total pot $18
Board [Js Jh Jc Ah Qc]
Seat 7: 58070b4 folded before Flop (didn't bet)
Seat 2: 4d06df33 folded before Flop (didn't bet)
Seat 6: d506f2ed(big blind) folded on the River
Seat 1: e95a828bwon ($18) with Jacks Full over Aces
Seat 4: Hero(small blind) folded before Flop



Poker Hand #ring_951134905: NLH No Limit ($2/$4) - 2025/06/23 01:26:29
Table 'MR NLH 2/4' 7-max Seat #0 is the button
Seat 7: 58070b4 ($1,741.01 in chips)
Seat 2: 4d06df33 ($376.69 in chips)
Seat 6: d506f2ed ($826 in chips)
Seat 4: Hero ($546.32 in chips)
Seat 5: 684bfeb ($728.19 in chips)
4d06df33: posts small blind $2
Hero: posts big blind $4
*** HOLE CARDS ***
Dealt to 58070b4 
Dealt to 4d06df33 
Dealt to d506f2ed 
Dealt to Hero [5s 3d]
Dealt to 684bfeb 
684bfeb: folds
d506f2ed: folds
58070b4: folds
4d06df33: calls $2
Hero: checks
*** FLOP *** [Tc 9s 6d]
4d06df33: bets $6
Hero: folds
Uncalled bet ($6) returned to 4d06df33
*** SHOWDOWN ***
4d06df33 collected $8 from pot
*** SUMMARY ***
Total pot $8
Board [Tc 9s 6d]
Seat 7: 58070b4 folded before Flop (didn't bet)
Seat 2: 4d06df33(small blind)won ($8) with Pair of Tens
Seat 6: d506f2ed folded before Flop (didn't bet)
Seat 4: Hero(big blind) folded on the Flop
Seat 5: 684bfeb folded before Flop (didn't bet)



Poker Hand #ring_951132934: NLH No Limit ($2/$4) - 2025/06/23 01:25:18
Table 'MR NLH 2/4' 7-max Seat #7 is the button
Seat 7: 58070b4 ($1,741.01 in chips)
Seat 2: 4d06df33 ($356.67 in chips)
Seat 6: d506f2ed ($826 in chips)
Seat 3: 60cbb7a1 ($144.5 in chips)
Seat 1: 3d48cbe4 ($192 in chips)
Seat 4: Hero ($546.32 in chips)
Seat 5: 684bfeb ($749.19 in chips)
3d48cbe4: posts small blind $2
4d06df33: posts big blind $4
*** HOLE CARDS ***
Dealt to 58070b4 
Dealt to 4d06df33 
Dealt to d506f2ed 
Dealt to 60cbb7a1 
Dealt to 3d48cbe4 
Dealt to Hero [2s 6c]
Dealt to 684bfeb 
*** FLOP *** [Ks 6h Jh]
4d06df33: checks
684bfeb: bets $11
4d06df33: calls $11
*** TURN *** [Ks 6h Jh] [8c]
4d06df33: bets $33
684bfeb: folds
Uncalled bet ($33) returned to 4d06df33
60cbb7a1: folds
Hero: folds
684bfeb: raises $6 to $10
d506f2ed: folds
58070b4: folds
3d48cbe4: folds
4d06df33: calls $6
*** SHOWDOWN ***
4d06df33 collected $44 from pot
*** SUMMARY ***
Total pot $44
Board [Ks 6h Jh 8c]
Seat 7: 58070b4 folded before Flop (didn't bet)
Seat 2: 4d06df33(big blind)won ($44) with King-High
Seat 6: d506f2ed folded before Flop (didn't bet)
Seat 3: 60cbb7a1 folded before Flop (didn't bet)
Seat 1: 3d48cbe4(small blind) folded before Flop
Seat 4: Hero folded before Flop (didn't bet)
Seat 5: 684bfeb folded on the Turn



Poker Hand #ring_951128416: NLH No Limit ($2/$4) - 2025/06/23 01:22:34
Table 'MR NLH 2/4' 7-max Seat #6 is the button
Seat 7: 58070b4 ($1,436.83 in chips)
Seat 2: 4d06df33 ($356.67 in chips)
Seat 6: d506f2ed ($882 in chips)
Seat 3: 60cbb7a1 ($152.5 in chips)
Seat 1: 3d48cbe4 ($196 in chips)
Seat 4: Hero ($546.32 in chips)
Seat 5: 684bfeb ($1,013.19 in chips)
58070b4: posts small blind $2
3d48cbe4: posts big blind $4
*** HOLE CARDS ***
Dealt to 58070b4 
Dealt to 4d06df33 
Dealt to d506f2ed 
Dealt to 60cbb7a1 
Dealt to 3d48cbe4 
Dealt to Hero [Ts 8h]
Dealt to 684bfeb 
4d06df33: folds
60cbb7a1: raises $4 to $8
Hero: folds
684bfeb: calls $8
d506f2ed: calls $8
58070b4: raises $48 to $56
3d48cbe4: folds
60cbb7a1: folds
684bfeb: calls $48
d506f2ed: calls $48
*** FLOP *** [2s 2d Qc]
58070b4: bets $48
684bfeb: calls $48
d506f2ed: folds
*** TURN *** [2s 2d Qc] [Td]
58070b4: bets $160
684bfeb: calls $160
*** RIVER *** [2s 2d Qc Td] [3h]
58070b4: bets $1,172.83 and is all-in
684bfeb: folds
Uncalled bet ($1,172.83) returned to 58070b4
*** SHOWDOWN ***
58070b4 collected $596 from pot
*** SUMMARY ***
Total pot $596
Board [2s 2d Qc Td 3h]
Seat 7: 58070b4(small blind)won ($596) with Pair of Twos
Seat 2: 4d06df33 folded before Flop (didn't bet)
Seat 6: d506f2ed folded on the Flop
Seat 3: 60cbb7a1 folded before Flop
Seat 1: 3d48cbe4(big blind) folded before Flop
Seat 4: Hero folded before Flop (didn't bet)
Seat 5: 684bfeb folded on the River



Poker Hand #ring_951126769: NLH No Limit ($2/$4) - 2025/06/23 01:21:34
Table 'MR NLH 2/4' 7-max Seat #5 is the button
Seat 7: 58070b4 ($1,440.83 in chips)
Seat 2: 4d06df33 ($313.99 in chips)
Seat 6: d506f2ed ($884 in chips)
Seat 3: 60cbb7a1 ($190 in chips)
Seat 1: 3d48cbe4 ($200 in chips)
Seat 4: Hero ($546.32 in chips)
Seat 5: 684bfeb ($1,013.19 in chips)
d506f2ed: posts small blind $2
58070b4: posts big blind $4
3d48cbe4: posts big blind $4
*** HOLE CARDS ***
Dealt to 58070b4 
Dealt to 4d06df33 
Dealt to d506f2ed 
Dealt to 60cbb7a1 
Dealt to 3d48cbe4 
Dealt to Hero [3d 2d]
Dealt to 684bfeb 
3d48cbe4: checks
4d06df33: raises $8 to $12
60cbb7a1: calls $12
Hero: folds
684bfeb: folds
d506f2ed: folds
58070b4: folds
3d48cbe4: folds
*** FLOP *** [7c 6s 5h]
4d06df33: bets $25.5
60cbb7a1: calls $25.5
*** TURN *** [7c 6s 5h] [2c]
4d06df33: bets $85
60cbb7a1: folds
Uncalled bet ($85) returned to 4d06df33
*** SHOWDOWN ***
4d06df33 collected $85 from pot
*** SUMMARY ***
Total pot $85
Board [7c 6s 5h 2c]
Seat 7: 58070b4(big blind) folded before Flop
Seat 2: 4d06df33won ($85) with Queen-High
Seat 6: d506f2ed(small blind) folded before Flop
Seat 3: 60cbb7a1 folded on the Turn
Seat 1: 3d48cbe4 folded before Flop
Seat 4: Hero folded before Flop (didn't bet)
Seat 5: 684bfeb folded before Flop (didn't bet)



Poker Hand #ring_951125167: NLH No Limit ($2/$4) - 2025/06/23 01:20:35
Table 'MR NLH 2/4' 7-max Seat #4 is the button
Seat 7: 58070b4 ($1,440.83 in chips)
Seat 2: 4d06df33 ($313.99 in chips)
Seat 6: d506f2ed ($888 in chips)
Seat 3: 60cbb7a1 ($206 in chips)
Seat 4: Hero ($546.32 in chips)
Seat 5: 684bfeb ($994.81 in chips)
684bfeb: posts small blind $2
d506f2ed: posts big blind $4
*** HOLE CARDS ***
Dealt to 58070b4 
Dealt to 4d06df33 
Dealt to d506f2ed 
Dealt to 60cbb7a1 
Dealt to Hero [3d Qh]
Dealt to 684bfeb 
58070b4: folds
4d06df33: folds
60cbb7a1: calls $4
Hero: folds
684bfeb: raises $12 to $16
d506f2ed: folds
60cbb7a1: calls $12
*** FLOP *** [5d 2c Kc]
684bfeb: checks
60cbb7a1: checks
*** TURN *** [5d 2c Kc] [Jd]
684bfeb: bets $27
60cbb7a1: folds
Uncalled bet ($27) returned to 684bfeb
*** SHOWDOWN ***
684bfeb collected $36 from pot
*** SUMMARY ***
Total pot $36
Board [5d 2c Kc Jd]
Seat 7: 58070b4 folded before Flop (didn't bet)
Seat 2: 4d06df33 folded before Flop (didn't bet)
Seat 6: d506f2ed(big blind) folded before Flop
Seat 3: 60cbb7a1 folded on the Turn
Seat 4: Hero folded before Flop (didn't bet)
Seat 5: 684bfeb(small blind)won ($36) with Pair of Kings



Poker Hand #ring_951124439: NLH No Limit ($2/$4) - 2025/06/23 01:20:07
Table 'MR NLH 2/4' 7-max Seat #3 is the button
Seat 7: 58070b4 ($1,440.83 in chips)
Seat 2: 4d06df33 ($313.99 in chips)
Seat 6: d506f2ed ($888 in chips)
Seat 3: 60cbb7a1 ($200 in chips)
Seat 4: Hero ($548.32 in chips)
Seat 5: 684bfeb ($998.81 in chips)
Hero: posts small blind $2
684bfeb: posts big blind $4
60cbb7a1: posts big blind $4
*** HOLE CARDS ***
Dealt to 58070b4 
Dealt to 4d06df33 
Dealt to d506f2ed 
Dealt to 60cbb7a1 
Dealt to Hero [4c 7c]
Dealt to 684bfeb 
d506f2ed: folds
58070b4: folds
4d06df33: folds
60cbb7a1: raises $8 to $12
Hero: folds
684bfeb: folds
Uncalled bet ($8) returned to 60cbb7a1
*** SHOWDOWN ***
60cbb7a1 collected $10 from pot
*** SUMMARY ***
Total pot $10
Seat 7: 58070b4 folded before Flop (didn't bet)
Seat 2: 4d06df33 folded before Flop (didn't bet)
Seat 6: d506f2ed folded before Flop (didn't bet)
Seat 3: 60cbb7a1won ($10)
Seat 4: Hero(small blind) folded before Flop
Seat 5: 684bfeb(big blind) folded before Flop



Poker Hand #ring_951123809: NLH No Limit ($2/$4) - 2025/06/23 01:19:44
Table 'MR NLH 2/4' 7-max Seat #2 is the button
Seat 7: 58070b4 ($1,440.83 in chips)
Seat 2: 4d06df33 ($313.99 in chips)
Seat 6: d506f2ed ($884 in chips)
Seat 4: Hero ($552.32 in chips)
Seat 5: 684bfeb ($998.81 in chips)
Hero: posts big blind $4
*** HOLE CARDS ***
Dealt to 58070b4 
Dealt to 4d06df33 
Dealt to d506f2ed 
Dealt to Hero [2h 7s]
Dealt to 684bfeb 
684bfeb: folds
d506f2ed: raises $8 to $12
58070b4: folds
4d06df33: folds
Hero: folds
Uncalled bet ($8) returned to d506f2ed
*** SHOWDOWN ***
d506f2ed collected $8 from pot
*** SUMMARY ***
Total pot $8
Seat 7: 58070b4 folded before Flop (didn't bet)
Seat 2: 4d06df33 folded before Flop (didn't bet)
Seat 6: d506f2edwon ($8)
Seat 4: Hero(big blind) folded before Flop
Seat 5: 684bfeb folded before Flop (didn't bet)



Poker Hand #ring_951121364: NLH No Limit ($2/$4) - 2025/06/23 01:18:15
Table 'MR NLH 2/4' 7-max Seat #7 is the button
Seat 7: 58070b4 ($1,440.83 in chips)
Seat 2: 4d06df33 ($315.99 in chips)
Seat 6: d506f2ed ($918 in chips)
Seat 3: 60cbb7a1 ($214.2 in chips)
Seat 4: Hero ($552.32 in chips)
Seat 5: 684bfeb ($770.5 in chips)
4d06df33: posts small blind $2
60cbb7a1: posts big blind $4
*** HOLE CARDS ***
Dealt to 58070b4 
Dealt to 4d06df33 
Dealt to d506f2ed 
Dealt to 60cbb7a1 
Dealt to Hero [8h 7s]
Dealt to 684bfeb 
Hero: folds
684bfeb: raises $6 to $10
d506f2ed: calls $10
58070b4: folds
4d06df33: folds
60cbb7a1: raises $24 to $34
684bfeb: calls $24
d506f2ed: calls $24
*** FLOP *** [2c 2d 3s]
60cbb7a1: bets $52
684bfeb: calls $52
d506f2ed: folds
*** TURN *** [2c 2d 3s] [4s]
60cbb7a1: bets $68.64
684bfeb: calls $68.64
*** RIVER *** [2c 2d 3s 4s] [Kh]
60cbb7a1: bets $59.56 and is all-in
684bfeb: calls $59.56
60cbb7a1: shows [Ad Ac]
684bfeb: shows [3c 3d]
*** SHOWDOWN ***
684bfeb collected $464.4 from pot
*** SUMMARY ***
Total pot $464.4
Board [2c 2d 3s 4s Kh]
Seat 7: 58070b4 folded before Flop (didn't bet)
Seat 2: 4d06df33(small blind) folded before Flop
Seat 6: d506f2ed folded on the Flop
Seat 3: 60cbb7a1(big blind) showed [Ad Ac] and lost with Pair of Aces and Pair of Twos
Seat 4: Hero folded before Flop (didn't bet)
Seat 5: 684bfeb showed [3c 3d] and won ($464.4) with Treys Full over Twos



Poker Hand #ring_951119940: NLH No Limit ($2/$4) - 2025/06/23 01:17:23
Table 'MR NLH 2/4' 7-max Seat #6 is the button
Seat 7: 58070b4 ($1,442.83 in chips)
Seat 2: 4d06df33 ($319.99 in chips)
Seat 6: d506f2ed ($918 in chips)
Seat 3: 60cbb7a1 ($208.65 in chips)
Seat 4: Hero ($552.32 in chips)
Seat 5: 684bfeb ($770.5 in chips)
58070b4: posts small blind $2
4d06df33: posts big blind $4
*** HOLE CARDS ***
Dealt to 58070b4 
Dealt to 4d06df33 
Dealt to d506f2ed 
Dealt to 60cbb7a1 
Dealt to Hero [Qs 5s]
Dealt to 684bfeb 
60cbb7a1: calls $4
Hero: folds
684bfeb: folds
d506f2ed: folds
58070b4: folds
4d06df33: checks
*** FLOP *** [Qd 3h 6d]
4d06df33: checks
60cbb7a1: bets $5
4d06df33: folds
Uncalled bet ($5) returned to 60cbb7a1
*** SHOWDOWN ***
60cbb7a1 collected $10 from pot
*** SUMMARY ***
Total pot $10
Board [Qd 3h 6d]
Seat 7: 58070b4(small blind) folded before Flop
Seat 2: 4d06df33(big blind) folded on the Flop
Seat 6: d506f2ed folded before Flop (didn't bet)
Seat 3: 60cbb7a1won ($10) with Queen-High
Seat 4: Hero folded before Flop (didn't bet)
Seat 5: 684bfeb folded before Flop (didn't bet)



Poker Hand #ring_951118504: NLH No Limit ($2/$4) - 2025/06/23 01:16:31
Table 'MR NLH 2/4' 7-max Seat #5 is the button
Seat 7: 58070b4 ($1,446.83 in chips)
Seat 2: 4d06df33 ($327.99 in chips)
Seat 6: d506f2ed ($920 in chips)
Seat 3: 60cbb7a1 ($188 in chips)
Seat 4: Hero ($552.32 in chips)
Seat 5: 684bfeb ($778.5 in chips)
d506f2ed: posts small blind $2
58070b4: posts big blind $4
*** HOLE CARDS ***
Dealt to 58070b4 
Dealt to 4d06df33 
Dealt to d506f2ed 
Dealt to 60cbb7a1 
Dealt to Hero [4h 9d]
Dealt to 684bfeb 
4d06df33: calls $4
60cbb7a1: raises $4 to $8
Hero: folds
684bfeb: calls $8
d506f2ed: folds
58070b4: folds
4d06df33: calls $4
*** FLOP *** [Ks Kc 3c]
4d06df33: checks
60cbb7a1: bets $9.9
684bfeb: folds
4d06df33: folds
Uncalled bet ($9.9) returned to 60cbb7a1
*** SHOWDOWN ***
60cbb7a1 collected $30 from pot
*** SUMMARY ***
Total pot $30
Board [Ks Kc 3c]
Seat 7: 58070b4(big blind) folded before Flop
Seat 2: 4d06df33 folded on the Flop
Seat 6: d506f2ed(small blind) folded before Flop
Seat 3: 60cbb7a1won ($30) with Pair of Kings
Seat 4: Hero folded before Flop (didn't bet)
Seat 5: 684bfeb folded on the Flop



Poker Hand #ring_951116048: NLH No Limit ($2/$4) - 2025/06/23 01:15:03
Table 'MR NLH 2/4' 7-max Seat #4 is the button
Seat 7: 58070b4 ($1,446.83 in chips)
Seat 2: 4d06df33 ($360.99 in chips)
Seat 6: d506f2ed ($924 in chips)
Seat 3: 60cbb7a1 ($200 in chips)
Seat 4: Hero ($506.1 in chips)
Seat 5: 684bfeb ($780.5 in chips)
684bfeb: posts small blind $2
d506f2ed: posts big blind $4
60cbb7a1: posts big blind $4
*** HOLE CARDS ***
Dealt to 58070b4 
Dealt to 4d06df33 
Dealt to d506f2ed 
Dealt to 60cbb7a1 
Dealt to Hero [8d Td]
Dealt to 684bfeb 
58070b4: folds
4d06df33: raises $8 to $12
60cbb7a1: calls $8
Hero: calls $12
684bfeb: folds
d506f2ed: folds
*** FLOP *** [6d 9h 8s]
4d06df33: checks
60cbb7a1: checks
Hero: bets $21
4d06df33: calls $21
60cbb7a1: folds
*** TURN *** [6d 9h 8s] [4s]
4d06df33: checks
Hero: checks
*** RIVER *** [6d 9h 8s 4s] [3h]
4d06df33: checks
Hero: checks
4d06df33: shows [2h 2s]
Hero: shows [8d Td]
*** SHOWDOWN ***
Hero collected $84 from pot
*** SUMMARY ***
Total pot $84
Board [6d 9h 8s 4s 3h]
Seat 7: 58070b4 folded before Flop (didn't bet)
Seat 2: 4d06df33 showed [2h 2s] and lost with Pair of Twos
Seat 6: d506f2ed(big blind) folded before Flop
Seat 3: 60cbb7a1 folded on the Flop
Seat 4: Hero showed [8d Td] and won ($84) with Pair of Eights
Seat 5: 684bfeb(small blind) folded before Flop



Poker Hand #ring_951113549: NLH No Limit ($2/$4) - 2025/06/23 01:13:34
Table 'MR NLH 2/4' 7-max Seat #2 is the button
Seat 7: 58070b4 ($1,446.83 in chips)
Seat 2: 4d06df33 ($360.99 in chips)
Seat 6: d506f2ed ($924 in chips)
Seat 4: Hero ($556.1 in chips)
Seat 5: 684bfeb ($736 in chips)
Hero: posts small blind $2
684bfeb: posts big blind $4
*** HOLE CARDS ***
Dealt to 58070b4 
Dealt to 4d06df33 
Dealt to d506f2ed 
Dealt to Hero [7s Qh]
Dealt to 684bfeb 
d506f2ed: folds
58070b4: folds
4d06df33: folds
Hero: raises $6 to $10
684bfeb: calls $6
*** FLOP *** [As Qc 8h]
Hero: bets $10
684bfeb: calls $10
*** TURN *** [As Qc 8h] [2s]
Hero: checks
684bfeb: bets $30
Hero: calls $30
*** RIVER *** [As Qc 8h 2s] [Jd]
Hero: checks
684bfeb: checks
Hero: shows [7s Qh]
684bfeb: shows [Ah 7c]
*** SHOWDOWN ***
684bfeb collected $100 from pot
*** SUMMARY ***
Total pot $100
Board [As Qc 8h 2s Jd]
Seat 7: 58070b4 folded before Flop (didn't bet)
Seat 2: 4d06df33 folded before Flop (didn't bet)
Seat 6: d506f2ed folded before Flop (didn't bet)
Seat 4: Hero(small blind) showed [7s Qh] and lost with Pair of Queens
Seat 5: 684bfeb(big blind) showed [Ah 7c] and won ($100) with Pair of Aces



Poker Hand #ring_951111774: NLH No Limit ($2/$4) - 2025/06/23 01:12:31
Table 'MR NLH 2/4' 7-max Seat #0 is the button
Seat 7: 58070b4 ($1,446.83 in chips)
Seat 2: 4d06df33 ($362.99 in chips)
Seat 6: d506f2ed ($903.44 in chips)
Seat 4: Hero ($566.1 in chips)
Seat 5: 684bfeb ($746 in chips)
4d06df33: posts small blind $2
Hero: posts big blind $4
*** HOLE CARDS ***
Dealt to 58070b4 
Dealt to 4d06df33 
Dealt to d506f2ed 
Dealt to Hero [8d Jd]
Dealt to 684bfeb 
684bfeb: raises $6 to $10
d506f2ed: calls $10
58070b4: folds
4d06df33: folds
Hero: calls $6
*** FLOP *** [Kc 3h 9s]
Hero: checks
684bfeb: checks
d506f2ed: bets $10.56
Hero: folds
684bfeb: folds
Uncalled bet ($10.56) returned to d506f2ed
*** SHOWDOWN ***
d506f2ed collected $32 from pot
*** SUMMARY ***
Total pot $32
Board [Kc 3h 9s]
Seat 7: 58070b4 folded before Flop (didn't bet)
Seat 2: 4d06df33(small blind) folded before Flop
Seat 6: d506f2edwon ($32) with Pair of Fours
Seat 4: Hero(big blind) folded on the Flop
Seat 5: 684bfeb folded on the Flop



Poker Hand #ring_951108491: NLH No Limit ($2/$4) - 2025/06/23 01:10:35
Table 'MR NLH 2/4' 7-max Seat #7 is the button
Seat 7: 58070b4 ($1,446.83 in chips)
Seat 2: 4d06df33 ($366.99 in chips)
Seat 6: d506f2ed ($798 in chips)
Seat 1: bf145b60 ($198 in chips)
Seat 4: Hero ($620.1 in chips)
Seat 5: 684bfeb ($800 in chips)
bf145b60: posts small blind $2
4d06df33: posts big blind $4
684bfeb: posts big blind $4
*** HOLE CARDS ***
Dealt to 58070b4 
Dealt to 4d06df33 
Dealt to d506f2ed 
Dealt to bf145b60 
Dealt to Hero [Jd Kd]
Dealt to 684bfeb 
Hero: raises $8 to $12
684bfeb: calls $8
d506f2ed: raises $42 to $54
58070b4: folds
bf145b60: folds
4d06df33: folds
Hero: calls $42
684bfeb: calls $42
*** FLOP *** [Qs 3c 5h]
Hero: checks
684bfeb: checks
d506f2ed: checks
*** TURN *** [Qs 3c 5h] [5c]
Hero: checks
684bfeb: checks
d506f2ed: checks
*** RIVER *** [Qs 3c 5h 5c] [2h]
Hero: checks
684bfeb: checks
d506f2ed: checks
Hero: shows [Jd Kd]
684bfeb: shows [9s Js]
d506f2ed: shows [Ad Jc]
*** SHOWDOWN ***
d506f2ed collected $168 from pot
*** SUMMARY ***
Total pot $168
Board [Qs 3c 5h 5c 2h]
Seat 7: 58070b4 folded before Flop (didn't bet)
Seat 2: 4d06df33(big blind) folded before Flop
Seat 6: d506f2ed showed [Ad Jc] and won ($168) with Pair of Fives
Seat 1: bf145b60(small blind) folded before Flop
Seat 4: Hero showed [Jd Kd] and lost with Pair of Fives
Seat 5: 684bfeb showed [9s Js] and lost with Pair of Fives



Poker Hand #ring_951107578: NLH No Limit ($2/$4) - 2025/06/23 01:10:03
Table 'MR NLH 2/4' 7-max Seat #6 is the button
Seat 7: 58070b4 ($1,448.83 in chips)
Seat 6: d506f2ed ($798 in chips)
Seat 3: 5a92187d ($1,570.86 in chips)
Seat 1: bf145b60 ($196 in chips)
Seat 4: Hero ($620.1 in chips)
58070b4: posts small blind $2
bf145b60: posts big blind $4
*** HOLE CARDS ***
Dealt to 58070b4 
Dealt to d506f2ed 
Dealt to 5a92187d 
Dealt to bf145b60 
Dealt to Hero [Td 8s]
5a92187d: folds
Hero: folds
d506f2ed: folds
58070b4: folds
*** SHOWDOWN ***
bf145b60 collected $6 from pot
*** SUMMARY ***
Total pot $6
Seat 7: 58070b4(small blind) folded before Flop
Seat 6: d506f2ed folded before Flop (didn't bet)
Seat 3: 5a92187d folded before Flop (didn't bet)
Seat 1: bf145b60(big blind)won ($6)
Seat 4: Hero folded before Flop (didn't bet)



Poker Hand #ring_951103107: NLH No Limit ($2/$4) - 2025/06/23 01:07:29
Table 'MR NLH 2/4' 7-max Seat #5 is the button
Seat 7: 58070b4 ($800 in chips)
Seat 6: d506f2ed ($800 in chips)
Seat 3: 5a92187d ($1,570.86 in chips)
Seat 1: bf145b60 ($196 in chips)
Seat 4: Hero ($620.1 in chips)
Seat 5: 684bfeb ($712 in chips)
d506f2ed: posts small blind $2
58070b4: posts big blind $4
*** HOLE CARDS ***
Dealt to 58070b4 
Dealt to d506f2ed 
Dealt to 5a92187d 
Dealt to bf145b60 
Dealt to Hero [2s Qh]
Dealt to 684bfeb 
bf145b60: folds
5a92187d: folds
Hero: folds
684bfeb: raises $8 to $12
d506f2ed: folds
58070b4: raises $40 to $52
684bfeb: calls $40
*** FLOP *** [7d 6h Td]
58070b4: checks
684bfeb: checks
*** TURN *** [7d 6h Td] [Qc]
58070b4: bets $60
684bfeb: calls $60
*** RIVER *** [7d 6h Td Qc] [5d]
58070b4: bets $140
684bfeb: raises $460 to $600 and is all-in
58070b4: calls $460
684bfeb: shows [Ad Ts]
58070b4: shows [Kc Kd]
*** SHOWDOWN ***
58070b4 collected $1,426 from pot
*** SUMMARY ***
Total pot $1,426
Board [7d 6h Td Qc 5d]
Seat 7: 58070b4(big blind) showed [Kc Kd] and won ($1,426) with Pair of Kings
Seat 6: d506f2ed(small blind) folded before Flop
Seat 3: 5a92187d folded before Flop (didn't bet)
Seat 1: bf145b60 folded before Flop (didn't bet)
Seat 4: Hero folded before Flop (didn't bet)
Seat 5: 684bfeb showed [Ad Ts] and lost with Pair of Tens



Poker Hand #ring_951098945: NLH No Limit ($2/$4) - 2025/06/23 01:05:05
Table 'MR NLH 2/4' 7-max Seat #4 is the button
Seat 6: d506f2ed ($800 in chips)
Seat 3: 5a92187d ($1,574.86 in chips)
Seat 1: bf145b60 ($196 in chips)
Seat 4: Hero ($374.2 in chips)
Seat 5: 684bfeb ($776 in chips)
684bfeb: posts small blind $2
d506f2ed: posts big blind $4
*** HOLE CARDS ***
Dealt to d506f2ed 
Dealt to 5a92187d 
Dealt to bf145b60 
Dealt to Hero [Ac Ks]
Dealt to 684bfeb 
*** FLOP *** [9h 3d 8h]
Hero: Chooses to EV Cashout
Pays Cashout Risk: $152.3
*** TURN *** [9h 3d 8h] [5d]
*** RIVER *** [9h 3d 8h 5d] [6c]
Hero: EV Cashout ($620.1)
bf145b60: folds
5a92187d: calls $4
Hero: raises $12 to $16
684bfeb: raises $48 to $64
d506f2ed: calls $60
5a92187d: folds
Hero: raises $310.2 to $374.2 and is all-in
684bfeb: folds
d506f2ed: calls $310.2
Hero: shows [Ac Ks]
d506f2ed: shows [Ad Qh]
*** SHOWDOWN ***
Hero collected $816.4 from pot
*** SUMMARY ***
Total pot $816.4
Board [9h 3d 8h 5d 6c]
Seat 6: d506f2ed(big blind) showed [Ad Qh] and lost with Ace-High
Seat 3: 5a92187d folded before Flop
Seat 1: bf145b60 folded before Flop (didn't bet)
Seat 4: Hero showed [Ac Ks] and won ($816.4) with Ace-High
Seat 5: 684bfeb(small blind) folded before Flop



Poker Hand #ring_951097969: NLH No Limit ($2/$4) - 2025/06/23 01:04:31
Table 'MR NLH 2/4' 7-max Seat #3 is the button
Seat 2: 37cd5f77 ($823.29 in chips)
Seat 6: d506f2ed ($800 in chips)
Seat 3: 5a92187d ($1,574.86 in chips)
Seat 1: bf145b60 ($196 in chips)
Seat 4: Hero ($363.28 in chips)
Seat 5: 684bfeb ($788 in chips)
Hero: posts small blind $2
684bfeb: posts big blind $4
*** HOLE CARDS ***
Dealt to 37cd5f77 
Dealt to d506f2ed 
Dealt to 5a92187d 
Dealt to bf145b60 
Dealt to Hero [Kd Qs]
Dealt to 684bfeb 
d506f2ed: folds
bf145b60: folds
37cd5f77: folds
5a92187d: folds
Hero: raises $8 to $12
684bfeb: calls $8
*** FLOP *** [4h Tc Qd]
Hero: bets $12
684bfeb: folds
Uncalled bet ($12) returned to Hero
*** SHOWDOWN ***
Hero collected $24 from pot
*** SUMMARY ***
Total pot $24
Board [4h Tc Qd]
Seat 2: 37cd5f77 folded before Flop (didn't bet)
Seat 6: d506f2ed folded before Flop (didn't bet)
Seat 3: 5a92187d folded before Flop (didn't bet)
Seat 1: bf145b60 folded before Flop (didn't bet)
Seat 4: Hero(small blind)won ($24) with Pair of Queens
Seat 5: 684bfeb(big blind) folded on the Flop



Poker Hand #ring_951096137: NLH No Limit ($2/$4) - 2025/06/23 01:03:29
Table 'MR NLH 2/4' 7-max Seat #2 is the button
Seat 2: 37cd5f77 ($833.29 in chips)
Seat 6: d506f2ed ($800 in chips)
Seat 3: 5a92187d ($1,540.02 in chips)
Seat 1: bf145b60 ($200 in chips)
Seat 4: Hero ($373.28 in chips)
Seat 5: 684bfeb ($798 in chips)
5a92187d: posts small blind $2
Hero: posts big blind $4
d506f2ed: posts big blind $4
bf145b60: posts big blind $4
*** HOLE CARDS ***
Dealt to 37cd5f77 
Dealt to d506f2ed 
Dealt to 5a92187d 
Dealt to bf145b60 
Dealt to Hero [7c 5d]
Dealt to 684bfeb 
684bfeb: raises $6 to $10
d506f2ed: folds
bf145b60: folds
37cd5f77: calls $10
5a92187d: calls $8
Hero: calls $6
*** FLOP *** [Js Ah Ts]
5a92187d: checks
Hero: checks
684bfeb: checks
37cd5f77: checks
*** TURN *** [Js Ah Ts] [8d]
5a92187d: bets $24
Hero: folds
684bfeb: folds
37cd5f77: folds
Uncalled bet ($24) returned to 5a92187d
*** SHOWDOWN ***
5a92187d collected $48 from pot
*** SUMMARY ***
Total pot $48
Board [Js Ah Ts 8d]
Seat 2: 37cd5f77 folded on the Turn
Seat 6: d506f2ed folded before Flop
Seat 3: 5a92187d(small blind)won ($48) with Pair of Tens
Seat 1: bf145b60 folded before Flop
Seat 4: Hero(big blind) folded on the Turn
Seat 5: 684bfeb folded on the Turn



Poker Hand #ring_951095650: NLH No Limit ($2/$4) - 2025/06/23 01:03:11
Table 'MR NLH 2/4' 7-max Seat #5 is the button
Seat 2: 37cd5f77 ($835.29 in chips)
Seat 3: 5a92187d ($1,538.02 in chips)
Seat 4: Hero ($373.28 in chips)
Seat 5: 684bfeb ($798 in chips)
37cd5f77: posts small blind $2
5a92187d: posts big blind $4
*** HOLE CARDS ***
Dealt to 37cd5f77 
Dealt to 5a92187d 
Dealt to Hero [Ad 3h]
Dealt to 684bfeb 
Hero: folds
684bfeb: folds
37cd5f77: folds
*** SHOWDOWN ***
5a92187d collected $6 from pot
*** SUMMARY ***
Total pot $6
Seat 2: 37cd5f77(small blind) folded before Flop
Seat 3: 5a92187d(big blind)won ($6)
Seat 4: Hero folded before Flop (didn't bet)
Seat 5: 684bfeb folded before Flop (didn't bet)



Poker Hand #ring_951094395: NLH No Limit ($2/$4) - 2025/06/23 01:02:28
Table 'MR NLH 2/4' 7-max Seat #4 is the button
Seat 2: 37cd5f77 ($818.82 in chips)
Seat 3: 5a92187d ($1,554.02 in chips)
Seat 4: Hero ($373.28 in chips)
Seat 5: 684bfeb ($800 in chips)
684bfeb: posts small blind $2
37cd5f77: posts big blind $4
*** HOLE CARDS ***
Dealt to 37cd5f77 
Dealt to 5a92187d 
Dealt to Hero [Tc 2d]
Dealt to 684bfeb 
5a92187d: calls $4
Hero: folds
684bfeb: folds
37cd5f77: raises $12 to $16
5a92187d: calls $12
*** FLOP *** [Ac 3s 2h]
37cd5f77: bets $25.5
5a92187d: folds
Uncalled bet ($25.5) returned to 37cd5f77
*** SHOWDOWN ***
37cd5f77 collected $34 from pot
*** SUMMARY ***
Total pot $34
Board [Ac 3s 2h]
Seat 2: 37cd5f77(big blind)won ($34) with Pair of Aces
Seat 3: 5a92187d folded on the Flop
Seat 4: Hero folded before Flop (didn't bet)
Seat 5: 684bfeb(small blind) folded before Flop



Poker Hand #ring_951090111: NLH No Limit ($2/$4) - 2025/06/23 01:00:02
Table 'MR NLH 2/4' 7-max Seat #3 is the button
Seat 2: 37cd5f77 ($420.22 in chips)
Seat 3: 5a92187d ($1,570.02 in chips)
Seat 4: Hero ($375.28 in chips)
Seat 5: 684bfeb ($800 in chips)
Hero: posts small blind $2
684bfeb: posts big blind $4
*** HOLE CARDS ***
Dealt to 37cd5f77 
Dealt to 5a92187d 
Dealt to Hero [Td Jh]
Dealt to 684bfeb 
37cd5f77: raises $12 to $16
5a92187d: calls $16
Hero: folds
684bfeb: calls $12
*** FLOP *** [8c 7h 8s]
684bfeb: checks
37cd5f77: bets $37.5
5a92187d: folds
684bfeb: calls $37.5
*** TURN *** [8c 7h 8s] [Th]
684bfeb: checks
37cd5f77: bets $93.75
684bfeb: calls $93.75
*** RIVER *** [8c 7h 8s Th] [7s]
684bfeb: checks
37cd5f77: bets $272.97 and is all-in
684bfeb: calls $272.97
37cd5f77: shows [6d 7c]
684bfeb: shows [Tc 9h]
*** SHOWDOWN ***
37cd5f77 collected $858.44 from pot
*** SUMMARY ***
Total pot $858.44
Board [8c 7h 8s Th 7s]
Seat 2: 37cd5f77 showed [6d 7c] and won ($858.44) with Sevens Full over Eights
Seat 3: 5a92187d folded on the Flop
Seat 4: Hero(small blind) folded before Flop
Seat 5: 684bfeb(big blind) showed [Tc 9h] and lost with Pair of Tens and Pair of Eights



Poker Hand #ring_951088607: NLH No Limit ($2/$4) - 2025/06/23 00:59:11
Table 'MR NLH 2/4' 7-max Seat #2 is the button
Seat 2: 37cd5f77 ($420.22 in chips)
Seat 3: 5a92187d ($1,559.1 in chips)
Seat 4: Hero ($387.28 in chips)
5a92187d: posts small blind $2
Hero: posts big blind $4
*** HOLE CARDS ***
Dealt to 37cd5f77 
Dealt to 5a92187d 
Dealt to Hero [Jc 8c]
37cd5f77: folds
5a92187d: calls $2
Hero: raises $8 to $12
5a92187d: calls $8
*** FLOP *** [Ad 4d 7s]
5a92187d: bets $18
Hero: folds
Uncalled bet ($18) returned to 5a92187d
*** SHOWDOWN ***
5a92187d collected $24 from pot
*** SUMMARY ***
Total pot $24
Board [Ad 4d 7s]
Seat 2: 37cd5f77 folded before Flop (didn't bet)
Seat 3: 5a92187d(small blind)won ($24) with Pair of Sevens
Seat 4: Hero(big blind) folded on the Flop



Poker Hand #ring_951088260: NLH No Limit ($2/$4) - 2025/06/23 00:58:59
Table 'MR NLH 2/4' 7-max Seat #4 is the button
Seat 2: 37cd5f77 ($422.22 in chips)
Seat 3: 5a92187d ($1,557.1 in chips)
Seat 4: Hero ($387.28 in chips)
37cd5f77: posts small blind $2
5a92187d: posts big blind $4
*** HOLE CARDS ***
Dealt to 37cd5f77 
Dealt to 5a92187d 
Dealt to Hero [Qc 5s]
Hero: folds
37cd5f77: folds
*** SHOWDOWN ***
5a92187d collected $6 from pot
*** SUMMARY ***
Total pot $6
Seat 2: 37cd5f77(small blind) folded before Flop
Seat 3: 5a92187d(big blind)won ($6)
Seat 4: Hero folded before Flop (didn't bet)



Poker Hand #ring_951087331: NLH No Limit ($2/$4) - 2025/06/23 00:58:28
Table 'MR NLH 2/4' 7-max Seat #3 is the button
Seat 2: 37cd5f77 ($410.22 in chips)
Seat 3: 5a92187d ($1,557.1 in chips)
Seat 4: Hero ($399.28 in chips)
Hero: posts small blind $2
37cd5f77: posts big blind $4
*** HOLE CARDS ***
Dealt to 37cd5f77 
Dealt to 5a92187d 
Dealt to Hero [8d 7h]
5a92187d: folds
Hero: raises $8 to $12
37cd5f77: raises $24 to $36
Hero: folds
Uncalled bet ($24) returned to 37cd5f77
*** SHOWDOWN ***
37cd5f77 collected $24 from pot
*** SUMMARY ***
Total pot $24
Seat 2: 37cd5f77(big blind)won ($24)
Seat 3: 5a92187d folded before Flop (didn't bet)
Seat 4: Hero(small blind) folded before Flop



Poker Hand #ring_951086279: NLH No Limit ($2/$4) - 2025/06/23 00:57:54
Table 'MR NLH 2/4' 7-max Seat #2 is the button
Seat 2: 37cd5f77 ($410.22 in chips)
Seat 3: 5a92187d ($1,561.1 in chips)
Seat 4: Hero ($395.28 in chips)
5a92187d: posts small blind $2
Hero: posts big blind $4
*** HOLE CARDS ***
Dealt to 37cd5f77 
Dealt to 5a92187d 
Dealt to Hero [As Ad]
37cd5f77: folds
5a92187d: calls $2
Hero: raises $10 to $14
5a92187d: folds
Uncalled bet ($10) returned to Hero
*** SHOWDOWN ***
Hero collected $8 from pot
*** SUMMARY ***
Total pot $8
Seat 2: 37cd5f77 folded before Flop (didn't bet)
Seat 3: 5a92187d(small blind) folded before Flop
Seat 4: Hero(big blind)won ($8)



Poker Hand #ring_951085096: NLH No Limit ($2/$4) - 2025/06/23 00:57:15
Table 'MR NLH 2/4' 7-max Seat #4 is the button
Seat 2: 37cd5f77 ($414.22 in chips)
Seat 3: 5a92187d ($1,557.46 in chips)
Seat 4: Hero ($395.28 in chips)
37cd5f77: posts small blind $2
5a92187d: posts big blind $4
*** HOLE CARDS ***
Dealt to 37cd5f77 
Dealt to 5a92187d 
Dealt to Hero [3d As]
Hero: folds
37cd5f77: calls $2
5a92187d: checks
*** FLOP *** [Kc Kh 2c]
37cd5f77: checks
5a92187d: bets $6
37cd5f77: folds
Uncalled bet ($6) returned to 5a92187d
*** SHOWDOWN ***
5a92187d collected $8 from pot
*** SUMMARY ***
Total pot $8
Board [Kc Kh 2c]
Seat 2: 37cd5f77(small blind) folded on the Flop
Seat 3: 5a92187d(big blind)won ($8) with Pair of Kings and Pair of Treys
Seat 4: Hero folded before Flop (didn't bet)



Poker Hand #ring_951084791: NLH No Limit ($2/$4) - 2025/06/23 00:57:05
Table 'MR NLH 2/4' 7-max Seat #4 is the button
Seat 2: 37cd5f77 ($412.22 in chips)
Seat 4: Hero ($397.28 in chips)
Hero: posts small blind $2
37cd5f77: posts big blind $4
*** HOLE CARDS ***
Dealt to 37cd5f77 
Dealt to Hero [4s 7d]
Hero: folds
*** SHOWDOWN ***
37cd5f77 collected $6 from pot
*** SUMMARY ***
Total pot $6
Seat 2: 37cd5f77(big blind)won ($6)
Seat 4: Hero(small blind) folded before Flop



Poker Hand #ring_951084478: NLH No Limit ($2/$4) - 2025/06/23 00:56:54
Table 'MR NLH 2/4' 7-max Seat #2 is the button
Seat 2: 37cd5f77 ($414.22 in chips)
Seat 4: Hero ($395.28 in chips)
37cd5f77: posts small blind $2
Hero: posts big blind $4
*** HOLE CARDS ***
Dealt to 37cd5f77 
Dealt to Hero [Ac 4h]
37cd5f77: folds
*** SHOWDOWN ***
Hero collected $6 from pot
*** SUMMARY ***
Total pot $6
Seat 2: 37cd5f77(small blind) folded before Flop
Seat 4: Hero(big blind)won ($6)



Poker Hand #ring_951083597: NLH No Limit ($2/$4) - 2025/06/23 00:56:26
Table 'MR NLH 2/4' 7-max Seat #3 is the button
Seat 2: 37cd5f77 ($412.22 in chips)
Seat 3: 5a92187d ($1,557.46 in chips)
Seat 4: Hero ($397.28 in chips)
Hero: posts small blind $2
37cd5f77: posts big blind $4
*** HOLE CARDS ***
Dealt to 37cd5f77 
Dealt to 5a92187d 
Dealt to Hero [Td 2d]
5a92187d: folds
Hero: folds
*** SHOWDOWN ***
37cd5f77 collected $6 from pot
*** SUMMARY ***
Total pot $6
Seat 2: 37cd5f77(big blind)won ($6)
Seat 3: 5a92187d folded before Flop (didn't bet)
Seat 4: Hero(small blind) folded before Flop



Poker Hand #ring_951083122: NLH No Limit ($2/$4) - 2025/06/23 00:56:09
Table 'MR NLH 2/4' 7-max Seat #2 is the button
Seat 2: 37cd5f77 ($406.22 in chips)
Seat 3: 5a92187d ($1,559.46 in chips)
Seat 4: Hero ($401.28 in chips)
5a92187d: posts small blind $2
Hero: posts big blind $4
*** HOLE CARDS ***
Dealt to 37cd5f77 
Dealt to 5a92187d 
Dealt to Hero [9d Kh]
37cd5f77: raises $12 to $16
5a92187d: folds
Hero: folds
Uncalled bet ($12) returned to 37cd5f77
*** SHOWDOWN ***
37cd5f77 collected $10 from pot
*** SUMMARY ***
Total pot $10
Seat 2: 37cd5f77won ($10)
Seat 3: 5a92187d(small blind) folded before Flop
Seat 4: Hero(big blind) folded before Flop



Poker Hand #ring_951082747: NLH No Limit ($2/$4) - 2025/06/23 00:55:57
Table 'MR NLH 2/4' 7-max Seat #4 is the button
Seat 2: 37cd5f77 ($408.22 in chips)
Seat 3: 5a92187d ($1,557.46 in chips)
Seat 4: Hero ($401.28 in chips)
37cd5f77: posts small blind $2
5a92187d: posts big blind $4
*** HOLE CARDS ***
Dealt to 37cd5f77 
Dealt to 5a92187d 
Dealt to Hero [3h Ks]
Hero: folds
37cd5f77: folds
*** SHOWDOWN ***
5a92187d collected $6 from pot
*** SUMMARY ***
Total pot $6
Seat 2: 37cd5f77(small blind) folded before Flop
Seat 3: 5a92187d(big blind)won ($6)
Seat 4: Hero folded before Flop (didn't bet)



Poker Hand #ring_951081439: NLH No Limit ($2/$4) - 2025/06/23 00:55:14
Table 'MR NLH 2/4' 7-max Seat #3 is the button
Seat 2: 37cd5f77 ($328.09 in chips)
Seat 3: 5a92187d ($1,600.42 in chips)
Seat 4: Hero ($444.24 in chips)
Hero: posts small blind $2
37cd5f77: posts big blind $4
*** HOLE CARDS ***
Dealt to 37cd5f77 
Dealt to 5a92187d 
Dealt to Hero [Kc Ah]
5a92187d: raises $8 to $12
Hero: raises $30.96 to $42.96
37cd5f77: calls $38.96
5a92187d: calls $30.96
*** FLOP *** [8s 5d 9d]
Hero: checks
37cd5f77: bets $285.13 and is all-in
5a92187d: folds
Hero: folds
Uncalled bet ($285.13) returned to 37cd5f77
*** SHOWDOWN ***
37cd5f77 collected $128.88 from pot
*** SUMMARY ***
Total pot $128.88
Board [8s 5d 9d]
Seat 2: 37cd5f77(big blind)won ($128.88) with Queen-High
Seat 3: 5a92187d folded on the Flop
Seat 4: Hero(small blind) folded on the Flop



Poker Hand #ring_951080106: NLH No Limit ($2/$4) - 2025/06/23 00:54:30
Table 'MR NLH 2/4' 7-max Seat #2 is the button
Seat 2: 37cd5f77 ($366.09 in chips)
Seat 3: 5a92187d ($1,602.42 in chips)
Seat 4: Hero ($407.75 in chips)
5a92187d: posts small blind $2
Hero: posts big blind $4
*** HOLE CARDS ***
Dealt to 37cd5f77 
Dealt to 5a92187d 
Dealt to Hero [Ad 9d]
37cd5f77: raises $8 to $12
5a92187d: folds
Hero: calls $8
*** FLOP *** [6h 2h 9c]
Hero: checks
37cd5f77: checks
*** TURN *** [6h 2h 9c] [Js]
Hero: checks
37cd5f77: bets $26
Hero: calls $26
*** RIVER *** [6h 2h 9c Js] [4h]
Hero: checks
37cd5f77: checks
37cd5f77: shows [Ts Qs]
Hero: shows [Ad 9d]
*** SHOWDOWN ***
Hero collected $78 from pot
*** SUMMARY ***
Total pot $78
Board [6h 2h 9c Js 4h]
Seat 2: 37cd5f77 showed [Ts Qs] and lost with Queen-High
Seat 3: 5a92187d(small blind) folded before Flop
Seat 4: Hero(big blind) showed [Ad 9d] and won ($78) with Pair of Nines



Poker Hand #ring_951079378: NLH No Limit ($2/$4) - 2025/06/23 00:54:07
Table 'MR NLH 2/4' 7-max Seat #4 is the button
Seat 2: 37cd5f77 ($368.09 in chips)
Seat 3: 5a92187d ($1,614.42 in chips)
Seat 4: Hero ($394.92 in chips)
37cd5f77: posts small blind $2
5a92187d: posts big blind $4
*** HOLE CARDS ***
Dealt to 37cd5f77 
Dealt to 5a92187d 
Dealt to Hero [Jc Js]
Hero: raises $8 to $12
37cd5f77: folds
5a92187d: calls $8
*** FLOP *** [5c Tc 7h]
5a92187d: checks
Hero: bets $13
5a92187d: folds
Uncalled bet ($13) returned to Hero
*** SHOWDOWN ***
Hero collected $26 from pot
*** SUMMARY ***
Total pot $26
Board [5c Tc 7h]
Seat 2: 37cd5f77(small blind) folded before Flop
Seat 3: 5a92187d(big blind) folded on the Flop
Seat 4: Herowon ($26) with Pair of Jacks



Poker Hand #ring_951078570: NLH No Limit ($2/$4) - 2025/06/23 00:53:39
Table 'MR NLH 2/4' 7-max Seat #3 is the button
Seat 2: 37cd5f77 ($380.09 in chips)
Seat 3: 5a92187d ($1,614.42 in chips)
Seat 4: Hero ($384 in chips)
Hero: posts small blind $2
37cd5f77: posts big blind $4
*** HOLE CARDS ***
Dealt to 37cd5f77 
Dealt to 5a92187d 
Dealt to Hero [5c Kh]
5a92187d: folds
Hero: raises $8 to $12
37cd5f77: calls $8
*** FLOP *** [7s Ac Ks]
Hero: bets $12
37cd5f77: folds
Uncalled bet ($12) returned to Hero
*** SHOWDOWN ***
Hero collected $24 from pot
*** SUMMARY ***
Total pot $24
Board [7s Ac Ks]
Seat 2: 37cd5f77(big blind) folded on the Flop
Seat 3: 5a92187d folded before Flop (didn't bet)
Seat 4: Hero(small blind)won ($24) with Pair of Kings



Poker Hand #ring_951077927: NLH No Limit ($2/$4) - 2025/06/23 00:53:19
Table 'MR NLH 2/4' 7-max Seat #2 is the button
Seat 2: 37cd5f77 ($363.62 in chips)
Seat 3: 5a92187d ($1,616.42 in chips)
Seat 4: Hero ($400 in chips)
5a92187d: posts small blind $2
Hero: posts big blind $4
*** HOLE CARDS ***
Dealt to 37cd5f77 
Dealt to 5a92187d 
Dealt to Hero [4d Kd]
37cd5f77: raises $12 to $16
5a92187d: folds
Hero: calls $12
*** FLOP *** [2d 9h Jh]
Hero: checks
37cd5f77: bets $25.5
Hero: folds
Uncalled bet ($25.5) returned to 37cd5f77
*** SHOWDOWN ***
37cd5f77 collected $34 from pot
*** SUMMARY ***
Total pot $34
Board [2d 9h Jh]
Seat 2: 37cd5f77won ($34) with Pair of Sevens
Seat 3: 5a92187d(small blind) folded before Flop
Seat 4: Hero(big blind) folded on the Flop



Poker Hand #ring_951076155: NLH No Limit ($2/$4) - 2025/06/23 00:52:19
Table 'MR NLH 2/4' 7-max Seat #4 is the button
Seat 2: 37cd5f77 ($359.98 in chips)
Seat 3: 5a92187d ($1,620.42 in chips)
Seat 4: Hero ($400 in chips)
37cd5f77: posts small blind $2
5a92187d: posts big blind $4
*** HOLE CARDS ***
Dealt to 37cd5f77 
Dealt to 5a92187d 
Dealt to Hero [2c 8s]
Hero: folds
37cd5f77: calls $2
5a92187d: checks
*** FLOP *** [7h Qd 7s]
37cd5f77: checks
5a92187d: checks
*** TURN *** [7h Qd 7s] [6h]
37cd5f77: checks
5a92187d: checks
*** RIVER *** [7h Qd 7s 6h] [5c]
37cd5f77: checks
5a92187d: checks
37cd5f77: shows [9s Kd]
5a92187d: shows [Kc 2d]
*** SHOWDOWN ***
37cd5f77 collected $8 from pot
*** SUMMARY ***
Total pot $8
Board [7h Qd 7s 6h 5c]
Seat 2: 37cd5f77(small blind) showed [9s Kd] and won ($8) with Pair of Sevens
Seat 3: 5a92187d(big blind) showed [Kc 2d] and lost with Pair of Sevens
Seat 4: Hero folded before Flop (didn't bet)



Poker Hand #ring_951075432: NLH No Limit ($2/$4) - 2025/06/23 00:51:56
Table 'MR NLH 2/4' 7-max Seat #3 is the button
Seat 2: 37cd5f77 ($357.98 in chips)
Seat 3: 5a92187d ($1,620.42 in chips)
Seat 4: Hero ($402 in chips)
Hero: posts small blind $2
37cd5f77: posts big blind $4
*** HOLE CARDS ***
Dealt to 37cd5f77 
Dealt to 5a92187d 
Dealt to Hero [7c 2c]
5a92187d: folds
Hero: folds
*** SHOWDOWN ***
37cd5f77 collected $6 from pot
*** SUMMARY ***
Total pot $6
Seat 2: 37cd5f77(big blind)won ($6)
Seat 3: 5a92187d folded before Flop (didn't bet)
Seat 4: Hero(small blind) folded before Flop



Poker Hand #ring_951075046: NLH No Limit ($2/$4) - 2025/06/23 00:51:43
Table 'MR NLH 2/4' 7-max Seat #2 is the button
Seat 2: 37cd5f77 ($357.98 in chips)
Seat 3: 5a92187d ($1,622.42 in chips)
Seat 4: Hero ($400 in chips)
5a92187d: posts small blind $2
Hero: posts big blind $4
*** HOLE CARDS ***
Dealt to 37cd5f77 
Dealt to 5a92187d 
Dealt to Hero [9s Jd]
37cd5f77: folds
5a92187d: folds
*** SHOWDOWN ***
Hero collected $6 from pot
*** SUMMARY ***
Total pot $6
Seat 2: 37cd5f77 folded before Flop (didn't bet)
Seat 3: 5a92187d(small blind) folded before Flop
Seat 4: Hero(big blind)won ($6)



