Poker Hand #ring_941484926: NLH No Limit ($2/$4) - 2025/06/17 19:07:49
Table 'MR NLH 2/4' 7-max Seat #6 is the button
Seat 1: 46866fab ($222.13 in chips)
Seat 3: 61ebb236 ($433.5 in chips)
Seat 6: 26bfe9e7 ($800 in chips)
Seat 7: 42be11d2 ($185.89 in chips)
Seat 5: a3758599 ($1,279.92 in chips)
Seat 2: Hero ($1,984.48 in chips)
Seat 4: fcce531d ($455.3 in chips)
42be11d2: posts small blind $2
46866fab: posts big blind $4
*** HOLE CARDS ***
Dealt to 46866fab 
Dealt to 61ebb236 
Dealt to 26bfe9e7 
Dealt to 42be11d2 
Dealt to a3758599 
Dealt to Hero [Qc 6h]
Dealt to fcce531d 
Hero: folds
61ebb236: folds
fcce531d: raises $4 to $8
a3758599: folds
26bfe9e7: folds
42be11d2: folds
46866fab: folds
Uncalled bet ($4) returned to fcce531d
*** SHOWDOWN ***
fcce531d collected $10 from pot
*** SUMMARY ***
Total pot $10
Seat 1: 46866fab(big blind) folded before Flop
Seat 3: 61ebb236 folded before Flop (didn't bet)
Seat 6: 26bfe9e7 folded before Flop (didn't bet)
Seat 7: 42be11d2(small blind) folded before Flop
Seat 5: a3758599 folded before Flop (didn't bet)
Seat 2: Hero folded before Flop (didn't bet)
Seat 4: fcce531dwon ($10)



Poker Hand #ring_941483203: NLH No Limit ($2/$4) - 2025/06/17 19:06:41
Table 'MR NLH 2/4' 7-max Seat #5 is the button
Seat 1: 46866fab ($222.13 in chips)
Seat 3: 61ebb236 ($433.5 in chips)
Seat 6: 26bfe9e7 ($980.89 in chips)
Seat 7: 42be11d2 ($189.89 in chips)
Seat 5: a3758599 ($1,279.92 in chips)
Seat 2: Hero ($1,984.48 in chips)
Seat 4: fcce531d ($236.9 in chips)
26bfe9e7: posts small blind $2
42be11d2: posts big blind $4
*** HOLE CARDS ***
Dealt to 46866fab 
Dealt to 61ebb236 
Dealt to 26bfe9e7 
Dealt to 42be11d2 
Dealt to a3758599 
Dealt to Hero [5s Ts]
Dealt to fcce531d 
46866fab: folds
Hero: folds
61ebb236: folds
fcce531d: calls $4
a3758599: folds
26bfe9e7: raises $12 to $16
42be11d2: folds
fcce531d: calls $12
*** FLOP *** [2d 9c 4c]
26bfe9e7: bets $11.88
fcce531d: calls $11.88
*** TURN *** [2d 9c 4c] [6h]
26bfe9e7: bets $44.82
fcce531d: calls $44.82
*** RIVER *** [2d 9c 4c 6h] [7c]
26bfe9e7: bets $168
fcce531d: calls $164.2 and is all-in
Uncalled bet ($3.8) returned to 26bfe9e7
fcce531d: shows [Tc 8s]
26bfe9e7: shows [Qc Td]
*** SHOWDOWN ***
fcce531d collected $477.8 from pot
*** SUMMARY ***
Total pot $477.8
Board [2d 9c 4c 6h 7c]
Seat 1: 46866fab folded before Flop (didn't bet)
Seat 3: 61ebb236 folded before Flop (didn't bet)
Seat 6: 26bfe9e7(small blind) showed [Qc Td] and lost with Queen-High
Seat 7: 42be11d2(big blind) folded before Flop
Seat 5: a3758599 folded before Flop (didn't bet)
Seat 2: Hero folded before Flop (didn't bet)
Seat 4: fcce531d showed [Tc 8s] and won ($477.8) with Tens-High Straight



Poker Hand #ring_941482540: NLH No Limit ($2/$4) - 2025/06/17 19:06:17
Table 'MR NLH 2/4' 7-max Seat #4 is the button
Seat 1: 46866fab ($222.13 in chips)
Seat 3: 61ebb236 ($433.5 in chips)
Seat 6: 26bfe9e7 ($984.89 in chips)
Seat 7: 42be11d2 ($189.89 in chips)
Seat 5: a3758599 ($1,281.92 in chips)
Seat 2: Hero ($1,984.48 in chips)
Seat 4: fcce531d ($230.9 in chips)
a3758599: posts small blind $2
26bfe9e7: posts big blind $4
*** HOLE CARDS ***
Dealt to 46866fab 
Dealt to 61ebb236 
Dealt to 26bfe9e7 
Dealt to 42be11d2 
Dealt to a3758599 
Dealt to Hero [9h Qs]
Dealt to fcce531d 
42be11d2: folds
46866fab: folds
Hero: folds
61ebb236: folds
fcce531d: raises $12 to $16
a3758599: folds
26bfe9e7: folds
Uncalled bet ($12) returned to fcce531d
*** SHOWDOWN ***
fcce531d collected $10 from pot
*** SUMMARY ***
Total pot $10
Seat 1: 46866fab folded before Flop (didn't bet)
Seat 3: 61ebb236 folded before Flop (didn't bet)
Seat 6: 26bfe9e7(big blind) folded before Flop
Seat 7: 42be11d2 folded before Flop (didn't bet)
Seat 5: a3758599(small blind) folded before Flop
Seat 2: Hero folded before Flop (didn't bet)
Seat 4: fcce531dwon ($10)



Poker Hand #ring_941482047: NLH No Limit ($2/$4) - 2025/06/17 19:05:58
Table 'MR NLH 2/4' 7-max Seat #3 is the button
Seat 1: 46866fab ($222.13 in chips)
Seat 3: 61ebb236 ($427.5 in chips)
Seat 6: 26bfe9e7 ($984.89 in chips)
Seat 7: 42be11d2 ($189.89 in chips)
Seat 5: a3758599 ($1,285.92 in chips)
Seat 2: Hero ($1,984.48 in chips)
Seat 4: fcce531d ($232.9 in chips)
fcce531d: posts small blind $2
a3758599: posts big blind $4
*** HOLE CARDS ***
Dealt to 46866fab 
Dealt to 61ebb236 
Dealt to 26bfe9e7 
Dealt to 42be11d2 
Dealt to a3758599 
Dealt to Hero [Ts 5d]
Dealt to fcce531d 
26bfe9e7: folds
42be11d2: folds
46866fab: folds
Hero: folds
61ebb236: raises $6 to $10
fcce531d: folds
a3758599: folds
Uncalled bet ($6) returned to 61ebb236
*** SHOWDOWN ***
61ebb236 collected $10 from pot
*** SUMMARY ***
Total pot $10
Seat 1: 46866fab folded before Flop (didn't bet)
Seat 3: 61ebb236won ($10)
Seat 6: 26bfe9e7 folded before Flop (didn't bet)
Seat 7: 42be11d2 folded before Flop (didn't bet)
Seat 5: a3758599(big blind) folded before Flop
Seat 2: Hero folded before Flop (didn't bet)
Seat 4: fcce531d(small blind) folded before Flop



Poker Hand #ring_941479151: NLH No Limit ($2/$4) - 2025/06/17 19:04:09
Table 'MR NLH 2/4' 7-max Seat #2 is the button
Seat 1: 46866fab ($222.13 in chips)
Seat 3: 61ebb236 ($429.5 in chips)
Seat 6: 26bfe9e7 ($841.68 in chips)
Seat 7: 42be11d2 ($189.89 in chips)
Seat 5: a3758599 ($1,406.75 in chips)
Seat 2: Hero ($1,994.48 in chips)
Seat 4: fcce531d ($256.76 in chips)
61ebb236: posts small blind $2
fcce531d: posts big blind $4
*** HOLE CARDS ***
Dealt to 46866fab 
Dealt to 61ebb236 
Dealt to 26bfe9e7 
Dealt to 42be11d2 
Dealt to a3758599 
Dealt to Hero [Jh Kd]
Dealt to fcce531d 
a3758599: raises $6 to $10
26bfe9e7: calls $10
42be11d2: folds
46866fab: folds
Hero: calls $10
61ebb236: folds
fcce531d: calls $6
*** FLOP *** [4h Ks 5c]
fcce531d: bets $13.86
a3758599: calls $13.86
26bfe9e7: raises $27.59 to $41.45
Hero: folds
fcce531d: folds
a3758599: calls $27.59
*** TURN *** [4h Ks 5c] [6s]
a3758599: checks
26bfe9e7: bets $69.38
a3758599: calls $69.38
*** RIVER *** [4h Ks 5c 6s] [9d]
a3758599: checks
26bfe9e7: bets $208.14
a3758599: folds
Uncalled bet ($208.14) returned to 26bfe9e7
Hero: shows [Kd]
fcce531d: shows [8c 8h]
*** SHOWDOWN ***
26bfe9e7 collected $277.52 from pot
*** SUMMARY ***
Total pot $277.52
Board [4h Ks 5c 6s 9d]
Seat 1: 46866fab folded before Flop (didn't bet)
Seat 3: 61ebb236(small blind) folded before Flop
Seat 6: 26bfe9e7won ($277.52) with Three Fives
Seat 7: 42be11d2 folded before Flop (didn't bet)
Seat 5: a3758599 folded on the River
Seat 2: Hero folded on the Flop
Seat 4: fcce531d(big blind) folded on the Flop



Poker Hand #ring_941477412: NLH No Limit ($2/$4) - 2025/06/17 19:03:04
Table 'MR NLH 2/4' 7-max Seat #1 is the button
Seat 1: 46866fab ($222.13 in chips)
Seat 3: 61ebb236 ($474.15 in chips)
Seat 6: 26bfe9e7 ($800.13 in chips)
Seat 7: 42be11d2 ($189.89 in chips)
Seat 5: a3758599 ($1,406.75 in chips)
Seat 2: Hero ($1,996.48 in chips)
Seat 4: fcce531d ($256.76 in chips)
Hero: posts small blind $2
61ebb236: posts big blind $4
*** HOLE CARDS ***
Dealt to 46866fab 
Dealt to 61ebb236 
Dealt to 26bfe9e7 
Dealt to 42be11d2 
Dealt to a3758599 
Dealt to Hero [8d 7s]
Dealt to fcce531d 
fcce531d: folds
a3758599: folds
26bfe9e7: raises $6 to $10
42be11d2: folds
46866fab: folds
Hero: folds
61ebb236: calls $6
*** FLOP *** [6h 3c Kc]
61ebb236: checks
26bfe9e7: bets $7.26
61ebb236: calls $7.26
*** TURN *** [6h 3c Kc] [5s]
61ebb236: checks
26bfe9e7: checks
*** RIVER *** [6h 3c Kc 5s] [Kh]
61ebb236: checks
26bfe9e7: bets $27.39
61ebb236: calls $27.39
61ebb236: shows [5c Jc]
26bfe9e7: shows [8c 8h]
*** SHOWDOWN ***
26bfe9e7 collected $91.3 from pot
*** SUMMARY ***
Total pot $91.3
Board [6h 3c Kc 5s Kh]
Seat 1: 46866fab folded before Flop (didn't bet)
Seat 3: 61ebb236(big blind) showed [5c Jc] and lost with Pair of Kings and Pair of Fives
Seat 6: 26bfe9e7 showed [8c 8h] and won ($91.3) with Pair of Kings and Pair of Eights
Seat 7: 42be11d2 folded before Flop (didn't bet)
Seat 5: a3758599 folded before Flop (didn't bet)
Seat 2: Hero(small blind) folded before Flop
Seat 4: fcce531d folded before Flop (didn't bet)



Poker Hand #ring_941476135: NLH No Limit ($2/$4) - 2025/06/17 19:02:19
Table 'MR NLH 2/4' 7-max Seat #7 is the button
Seat 1: 46866fab ($224.13 in chips)
Seat 3: 61ebb236 ($474.15 in chips)
Seat 6: 26bfe9e7 ($800.13 in chips)
Seat 7: 42be11d2 ($129.5 in chips)
Seat 5: a3758599 ($1,436.59 in chips)
Seat 2: Hero ($2,000.48 in chips)
Seat 4: fcce531d ($286.6 in chips)
46866fab: posts small blind $2
Hero: posts big blind $4
*** HOLE CARDS ***
Dealt to 46866fab 
Dealt to 61ebb236 
Dealt to 26bfe9e7 
Dealt to 42be11d2 
Dealt to a3758599 
Dealt to Hero [Ts 4c]
Dealt to fcce531d 
61ebb236: folds
fcce531d: calls $4
a3758599: raises $10 to $14
26bfe9e7: folds
42be11d2: calls $14
46866fab: folds
Hero: folds
fcce531d: calls $10
*** FLOP *** [9h Tc 4s]
fcce531d: checks
a3758599: bets $15.84
42be11d2: calls $15.84
fcce531d: calls $15.84
*** TURN *** [9h Tc 4s] [3h]
fcce531d: checks
a3758599: checks
42be11d2: bets $99.66 and is all-in
fcce531d: folds
a3758599: folds
Uncalled bet ($99.66) returned to 42be11d2
*** SHOWDOWN ***
42be11d2 collected $95.52 from pot
*** SUMMARY ***
Total pot $95.52
Board [9h Tc 4s 3h]
Seat 1: 46866fab(small blind) folded before Flop
Seat 3: 61ebb236 folded before Flop (didn't bet)
Seat 6: 26bfe9e7 folded before Flop (didn't bet)
Seat 7: 42be11d2won ($95.52) with Pair of Nines
Seat 5: a3758599 folded on the Turn
Seat 2: Hero(big blind) folded before Flop
Seat 4: fcce531d folded on the Turn



Poker Hand #ring_941474869: NLH No Limit ($2/$4) - 2025/06/17 19:01:30
Table 'MR NLH 2/4' 7-max Seat #6 is the button
Seat 1: 46866fab ($147.18 in chips)
Seat 3: 61ebb236 ($474.15 in chips)
Seat 6: 26bfe9e7 ($816.13 in chips)
Seat 7: 42be11d2 ($131.5 in chips)
Seat 5: a3758599 ($1,436.59 in chips)
Seat 2: Hero ($2,000.48 in chips)
Seat 4: fcce531d ($433.78 in chips)
42be11d2: posts small blind $2
46866fab: posts big blind $4
*** HOLE CARDS ***
Dealt to 46866fab 
Dealt to 61ebb236 
Dealt to 26bfe9e7 
Dealt to 42be11d2 
Dealt to a3758599 
Dealt to Hero [5d Qh]
Dealt to fcce531d 
Hero: folds
61ebb236: folds
fcce531d: calls $4
a3758599: folds
26bfe9e7: raises $12 to $16
42be11d2: folds
46866fab: raises $38 to $54
fcce531d: calls $50
26bfe9e7: folds
*** FLOP *** [Ah Jd 8c]
46866fab: bets $93.18 and is all-in
fcce531d: calls $93.18
46866fab: shows [Kc Ks] (Pair of Kings)
fcce531d: shows [8d Qd] (Pair of Eights)
46866fab: Chooses to EV Cashout
Pays Cashout Risk: $70.9
*** TURN *** [Ah Jd 8c] [5c]
*** RIVER *** [Ah Jd 8c 5c] [Jh]
46866fab: EV Cashout ($224.13)
*** SHOWDOWN ***
46866fab collected $312.36 from pot
*** SUMMARY ***
Total pot $312.36
Board [Ah Jd 8c 5c Jh]
Seat 1: 46866fab(big blind) showed [Kc Ks] and won ($312.36) with Pair of Kings and Pair of Jacks
Seat 3: 61ebb236 folded before Flop (didn't bet)
Seat 6: 26bfe9e7 folded before Flop
Seat 7: 42be11d2(small blind) folded before Flop
Seat 5: a3758599 folded before Flop (didn't bet)
Seat 2: Hero folded before Flop (didn't bet)
Seat 4: fcce531d showed [8d Qd] and lost with Pair of Jacks and Pair of Eights



Poker Hand #ring_941473374: NLH No Limit ($2/$4) - 2025/06/17 19:00:33
Table 'MR NLH 2/4' 7-max Seat #5 is the button
Seat 1: 46866fab ($151.63 in chips)
Seat 3: 61ebb236 ($474.15 in chips)
Seat 6: 26bfe9e7 ($818.13 in chips)
Seat 7: 42be11d2 ($135.5 in chips)
Seat 5: a3758599 ($1,441.05 in chips)
Seat 2: Hero ($2,000.48 in chips)
Seat 4: fcce531d ($433.78 in chips)
26bfe9e7: posts small blind $2
42be11d2: posts big blind $4
*** HOLE CARDS ***
Dealt to 46866fab 
Dealt to 61ebb236 
Dealt to 26bfe9e7 
Dealt to 42be11d2 
Dealt to a3758599 
Dealt to Hero [3d 6c]
Dealt to fcce531d 
46866fab: raises $6 to $10
Hero: folds
61ebb236: folds
fcce531d: folds
a3758599: raises $34 to $44
26bfe9e7: folds
42be11d2: folds
46866fab: calls $34
*** FLOP *** [5s 7s Ah]
46866fab: checks
a3758599: bets $31.02
46866fab: raises $76.61 to $107.63 and is all-in
a3758599: calls $76.61
46866fab: shows [Ks Ad] (Pair of Aces)
a3758599: shows [Kd As] (Pair of Aces)
*** TURN *** [5s 7s Ah] [9c]
*** RIVER *** [5s 7s Ah 9c] [Jd]
*** SHOWDOWN ***
46866fab collected $154.63 from pot
a3758599 collected $154.63 from pot
*** SUMMARY ***
Total pot $309.26
Board [5s 7s Ah 9c Jd]
Seat 1: 46866fab showed [Ks Ad] and won ($154.63) with Pair of Aces
Seat 3: 61ebb236 folded before Flop (didn't bet)
Seat 6: 26bfe9e7(small blind) folded before Flop
Seat 7: 42be11d2(big blind) folded before Flop
Seat 5: a3758599 showed [Kd As] and won ($154.63) with Pair of Aces
Seat 2: Hero folded before Flop (didn't bet)
Seat 4: fcce531d folded before Flop (didn't bet)



Poker Hand #ring_941472040: NLH No Limit ($2/$4) - 2025/06/17 18:59:42
Table 'MR NLH 2/4' 7-max Seat #4 is the button
Seat 1: 46866fab ($151.63 in chips)
Seat 3: 61ebb236 ($474.15 in chips)
Seat 6: 26bfe9e7 ($800 in chips)
Seat 7: 42be11d2 ($135.5 in chips)
Seat 5: a3758599 ($1,460.97 in chips)
Seat 2: Hero ($2,000.48 in chips)
Seat 4: fcce531d ($433.78 in chips)
a3758599: posts small blind $2
26bfe9e7: posts big blind $4
*** HOLE CARDS ***
Dealt to 46866fab 
Dealt to 61ebb236 
Dealt to 26bfe9e7 
Dealt to 42be11d2 
Dealt to a3758599 
Dealt to Hero [8c 5s]
Dealt to fcce531d 
42be11d2: folds
46866fab: folds
Hero: folds
61ebb236: folds
fcce531d: folds
a3758599: raises $8 to $12
26bfe9e7: calls $8
*** FLOP *** [9c 9h Qd]
a3758599: bets $7.92
26bfe9e7: calls $7.92
*** TURN *** [9c 9h Qd] [Qs]
a3758599: checks
26bfe9e7: bets $19.92
a3758599: folds
Uncalled bet ($19.92) returned to 26bfe9e7
*** SHOWDOWN ***
26bfe9e7 collected $39.84 from pot
*** SUMMARY ***
Total pot $39.84
Board [9c 9h Qd Qs]
Seat 1: 46866fab folded before Flop (didn't bet)
Seat 3: 61ebb236 folded before Flop (didn't bet)
Seat 6: 26bfe9e7(big blind)won ($39.84) with Queens Full over Nines
Seat 7: 42be11d2 folded before Flop (didn't bet)
Seat 5: a3758599(small blind) folded on the Turn
Seat 2: Hero folded before Flop (didn't bet)
Seat 4: fcce531d folded before Flop (didn't bet)



Poker Hand #ring_941470908: NLH No Limit ($2/$4) - 2025/06/17 18:59:00
Table 'MR NLH 2/4' 7-max Seat #3 is the button
Seat 1: 46866fab ($151.63 in chips)
Seat 3: 61ebb236 ($474.15 in chips)
Seat 6: 26bfe9e7 ($800 in chips)
Seat 7: 42be11d2 ($196 in chips)
Seat 5: a3758599 ($1,464.97 in chips)
Seat 2: Hero ($2,000.48 in chips)
Seat 4: fcce531d ($375.9 in chips)
fcce531d: posts small blind $2
a3758599: posts big blind $4
*** HOLE CARDS ***
Dealt to 46866fab 
Dealt to 61ebb236 
Dealt to 26bfe9e7 
Dealt to 42be11d2 
Dealt to a3758599 
Dealt to Hero [Kh Jc]
Dealt to fcce531d 
26bfe9e7: folds
42be11d2: raises $4 to $8
46866fab: folds
Hero: folds
61ebb236: folds
fcce531d: calls $6
a3758599: folds
*** FLOP *** [Ad 5d 4s]
fcce531d: checks
42be11d2: bets $15
fcce531d: calls $15
*** TURN *** [Ad 5d 4s] [Td]
fcce531d: checks
42be11d2: checks
*** RIVER *** [Ad 5d 4s Td] [3c]
fcce531d: bets $37.5
42be11d2: calls $37.5
fcce531d: shows [Qd 2s]
42be11d2: shows [7h 7d]
*** SHOWDOWN ***
fcce531d collected $125 from pot
*** SUMMARY ***
Total pot $125
Board [Ad 5d 4s Td 3c]
Seat 1: 46866fab folded before Flop (didn't bet)
Seat 3: 61ebb236 folded before Flop (didn't bet)
Seat 6: 26bfe9e7 folded before Flop (didn't bet)
Seat 7: 42be11d2 showed [7h 7d] and lost with Pair of Sevens
Seat 5: a3758599(big blind) folded before Flop
Seat 2: Hero folded before Flop (didn't bet)
Seat 4: fcce531d(small blind) showed [Qd 2s] and won ($125) with Fives-High Straight



Poker Hand #ring_941468951: NLH No Limit ($2/$4) - 2025/06/17 18:57:46
Table 'MR NLH 2/4' 7-max Seat #2 is the button
Seat 1: 46866fab ($151.63 in chips)
Seat 3: 61ebb236 ($387.79 in chips)
Seat 6: 26bfe9e7 ($800 in chips)
Seat 7: 42be11d2 ($196 in chips)
Seat 5: a3758599 ($1,464.97 in chips)
Seat 2: Hero ($2,000.48 in chips)
Seat 4: fcce531d ($471.9 in chips)
61ebb236: posts small blind $2
fcce531d: posts big blind $4
*** HOLE CARDS ***
Dealt to 46866fab 
Dealt to 61ebb236 
Dealt to 26bfe9e7 
Dealt to 42be11d2 
Dealt to a3758599 
Dealt to Hero [Ks 2h]
Dealt to fcce531d 
a3758599: folds
26bfe9e7: folds
42be11d2: folds
46866fab: folds
Hero: folds
61ebb236: calls $2
fcce531d: raises $12 to $16
61ebb236: calls $12
*** FLOP *** [9d 5s Th]
61ebb236: checks
fcce531d: bets $32
61ebb236: calls $32
*** TURN *** [9d 5s Th] [7d]
61ebb236: checks
fcce531d: bets $48
61ebb236: calls $48
*** RIVER *** [9d 5s Th 7d] [Ah]
61ebb236: bets $291.79 and is all-in
fcce531d: folds
Uncalled bet ($291.79) returned to 61ebb236
fcce531d: shows [Ts]
*** SHOWDOWN ***
61ebb236 collected $192 from pot
*** SUMMARY ***
Total pot $192
Board [9d 5s Th 7d Ah]
Seat 1: 46866fab folded before Flop (didn't bet)
Seat 3: 61ebb236(small blind)won ($192) with Tens-High Straight
Seat 6: 26bfe9e7 folded before Flop (didn't bet)
Seat 7: 42be11d2 folded before Flop (didn't bet)
Seat 5: a3758599 folded before Flop (didn't bet)
Seat 2: Hero folded before Flop (didn't bet)
Seat 4: fcce531d(big blind) folded on the River



Poker Hand #ring_941467942: NLH No Limit ($2/$4) - 2025/06/17 18:57:09
Table 'MR NLH 2/4' 7-max Seat #1 is the button
Seat 1: 46866fab ($151.63 in chips)
Seat 3: 61ebb236 ($403.79 in chips)
Seat 6: 26bfe9e7 ($800 in chips)
Seat 7: 42be11d2 ($200 in chips)
Seat 5: a3758599 ($1,464.97 in chips)
Seat 2: Hero ($2,002.48 in chips)
Seat 4: fcce531d ($451.61 in chips)
Hero: posts small blind $2
61ebb236: posts big blind $4
42be11d2: posts big blind $4
*** HOLE CARDS ***
Dealt to 46866fab 
Dealt to 61ebb236 
Dealt to 26bfe9e7 
Dealt to 42be11d2 
Dealt to a3758599 
Dealt to Hero [8c Ts]
Dealt to fcce531d 
fcce531d: raises $12 to $16
a3758599: folds
26bfe9e7: folds
42be11d2: folds
46866fab: folds
Hero: folds
61ebb236: calls $12
*** FLOP *** [Tc Jd 6h]
61ebb236: checks
fcce531d: bets $28.5
61ebb236: folds
Uncalled bet ($28.5) returned to fcce531d
*** SHOWDOWN ***
fcce531d collected $38 from pot
*** SUMMARY ***
Total pot $38
Board [Tc Jd 6h]
Seat 1: 46866fab folded before Flop (didn't bet)
Seat 3: 61ebb236(big blind) folded on the Flop
Seat 6: 26bfe9e7 folded before Flop (didn't bet)
Seat 7: 42be11d2 folded before Flop
Seat 5: a3758599 folded before Flop (didn't bet)
Seat 2: Hero(small blind) folded before Flop
Seat 4: fcce531dwon ($38) with Pair of Jacks



Poker Hand #ring_941466946: NLH No Limit ($2/$4) - 2025/06/17 18:56:30
Table 'MR NLH 2/4' 7-max Seat #6 is the button
Seat 1: 46866fab ($153.63 in chips)
Seat 3: 61ebb236 ($403.79 in chips)
Seat 6: 26bfe9e7 ($798 in chips)
Seat 5: a3758599 ($1,464.97 in chips)
Seat 2: Hero ($2,018.48 in chips)
Seat 4: fcce531d ($420.86 in chips)
46866fab: posts small blind $2
Hero: posts big blind $4
*** HOLE CARDS ***
Dealt to 46866fab 
Dealt to 61ebb236 
Dealt to 26bfe9e7 
Dealt to a3758599 
Dealt to Hero [Qc Kc]
Dealt to fcce531d 
61ebb236: folds
fcce531d: calls $4
a3758599: folds
26bfe9e7: raises $12 to $16
46866fab: folds
Hero: calls $12
fcce531d: calls $12
*** FLOP *** [3h 9s 2h]
Hero: checks
fcce531d: bets $37.5
26bfe9e7: folds
Hero: folds
Uncalled bet ($37.5) returned to fcce531d
*** SHOWDOWN ***
fcce531d collected $50 from pot
*** SUMMARY ***
Total pot $50
Board [3h 9s 2h]
Seat 1: 46866fab(small blind) folded before Flop
Seat 3: 61ebb236 folded before Flop (didn't bet)
Seat 6: 26bfe9e7 folded on the Flop
Seat 5: a3758599 folded before Flop (didn't bet)
Seat 2: Hero(big blind) folded on the Flop
Seat 4: fcce531dwon ($50) with Queen-High



Poker Hand #ring_941465683: NLH No Limit ($2/$4) - 2025/06/17 18:55:43
Table 'MR NLH 2/4' 7-max Seat #5 is the button
Seat 1: 46866fab ($165.13 in chips)
Seat 3: 61ebb236 ($403.79 in chips)
Seat 6: 26bfe9e7 ($800 in chips)
Seat 5: a3758599 ($1,464.97 in chips)
Seat 2: Hero ($2,018.48 in chips)
Seat 4: fcce531d ($408.48 in chips)
26bfe9e7: posts small blind $2
46866fab: posts big blind $4
*** HOLE CARDS ***
Dealt to 46866fab 
Dealt to 61ebb236 
Dealt to 26bfe9e7 
Dealt to a3758599 
Dealt to Hero [3s Tc]
Dealt to fcce531d 
Hero: folds
61ebb236: folds
fcce531d: calls $4
a3758599: folds
26bfe9e7: folds
46866fab: checks
*** FLOP *** [4c 6c 8c]
46866fab: checks
fcce531d: bets $7.5
46866fab: calls $7.5
*** TURN *** [4c 6c 8c] [Ad]
46866fab: checks
fcce531d: bets $25
46866fab: folds
Uncalled bet ($25) returned to fcce531d
*** SHOWDOWN ***
fcce531d collected $25 from pot
*** SUMMARY ***
Total pot $25
Board [4c 6c 8c Ad]
Seat 1: 46866fab(big blind) folded on the Turn
Seat 3: 61ebb236 folded before Flop (didn't bet)
Seat 6: 26bfe9e7(small blind) folded before Flop
Seat 5: a3758599 folded before Flop (didn't bet)
Seat 2: Hero folded before Flop (didn't bet)
Seat 4: fcce531dwon ($25) with Ace-High



Poker Hand #ring_941465042: NLH No Limit ($2/$4) - 2025/06/17 18:55:19
Table 'MR NLH 2/4' 7-max Seat #4 is the button
Seat 1: 46866fab ($165.13 in chips)
Seat 3: 61ebb236 ($403.79 in chips)
Seat 6: 26bfe9e7 ($800 in chips)
Seat 5: a3758599 ($1,466.97 in chips)
Seat 2: Hero ($2,018.48 in chips)
Seat 4: fcce531d ($402.48 in chips)
a3758599: posts small blind $2
26bfe9e7: posts big blind $4
*** HOLE CARDS ***
Dealt to 46866fab 
Dealt to 61ebb236 
Dealt to 26bfe9e7 
Dealt to a3758599 
Dealt to Hero [As 8c]
Dealt to fcce531d 
46866fab: folds
Hero: folds
61ebb236: folds
fcce531d: raises $8 to $12
a3758599: folds
26bfe9e7: folds
Uncalled bet ($8) returned to fcce531d
*** SHOWDOWN ***
fcce531d collected $10 from pot
*** SUMMARY ***
Total pot $10
Seat 1: 46866fab folded before Flop (didn't bet)
Seat 3: 61ebb236 folded before Flop (didn't bet)
Seat 6: 26bfe9e7(big blind) folded before Flop
Seat 5: a3758599(small blind) folded before Flop
Seat 2: Hero folded before Flop (didn't bet)
Seat 4: fcce531dwon ($10)



Poker Hand #ring_941464391: NLH No Limit ($2/$4) - 2025/06/17 18:54:54
Table 'MR NLH 2/4' 7-max Seat #3 is the button
Seat 1: 46866fab ($165.13 in chips)
Seat 3: 61ebb236 ($385.79 in chips)
Seat 5: a3758599 ($1,470.97 in chips)
Seat 2: Hero ($2,030.48 in chips)
Seat 4: fcce531d ($404.48 in chips)
fcce531d: posts small blind $2
a3758599: posts big blind $4
*** HOLE CARDS ***
Dealt to 46866fab 
Dealt to 61ebb236 
Dealt to a3758599 
Dealt to Hero [9d Qd]
Dealt to fcce531d 
46866fab: folds
Hero: raises $8 to $12
61ebb236: raises $24 to $36
fcce531d: folds
a3758599: folds
Hero: folds
Uncalled bet ($24) returned to 61ebb236
*** SHOWDOWN ***
61ebb236 collected $30 from pot
*** SUMMARY ***
Total pot $30
Seat 1: 46866fab folded before Flop (didn't bet)
Seat 3: 61ebb236won ($30)
Seat 5: a3758599(big blind) folded before Flop
Seat 2: Hero folded before Flop
Seat 4: fcce531d(small blind) folded before Flop



Poker Hand #ring_941462792: NLH No Limit ($2/$4) - 2025/06/17 18:53:52
Table 'MR NLH 2/4' 7-max Seat #2 is the button
Seat 1: 46866fab ($165.13 in chips)
Seat 3: 61ebb236 ($254.02 in chips)
Seat 5: a3758599 ($1,470.97 in chips)
Seat 2: Hero ($2,078.48 in chips)
Seat 4: fcce531d ($500 in chips)
61ebb236: posts small blind $2
fcce531d: posts big blind $4
*** HOLE CARDS ***
Dealt to 46866fab 
Dealt to 61ebb236 
Dealt to a3758599 
Dealt to Hero [2c 2s]
Dealt to fcce531d 
a3758599: folds
46866fab: folds
Hero: raises $8 to $12
61ebb236: calls $10
fcce531d: raises $36 to $48
Hero: calls $36
61ebb236: calls $36
*** FLOP *** [Jh Kh Ts]
61ebb236: checks
fcce531d: checks
Hero: checks
*** TURN *** [Jh Kh Ts] [Qh]
61ebb236: checks
fcce531d: bets $47.52
Hero: folds
61ebb236: calls $47.52
*** RIVER *** [Jh Kh Ts Qh] [Td]
61ebb236: checks
fcce531d: checks
61ebb236: shows [Js 9s]
fcce531d: shows [8c 8h]
*** SHOWDOWN ***
61ebb236 collected $239.04 from pot
*** SUMMARY ***
Total pot $239.04
Board [Jh Kh Ts Qh Td]
Seat 1: 46866fab folded before Flop (didn't bet)
Seat 3: 61ebb236(small blind) showed [Js 9s] and won ($239.04) with Kings-High Straight
Seat 5: a3758599 folded before Flop (didn't bet)
Seat 2: Hero folded on the Turn
Seat 4: fcce531d(big blind) showed [8c 8h] and lost with Pair of Tens and Pair of Eights



Poker Hand #ring_941461847: NLH No Limit ($2/$4) - 2025/06/17 18:53:16
Table 'MR NLH 2/4' 7-max Seat #1 is the button
Seat 1: 46866fab ($120 in chips)
Seat 3: 61ebb236 ($258.02 in chips)
Seat 5: a3758599 ($1,480.97 in chips)
Seat 2: Hero ($2,114.48 in chips)
Hero: posts small blind $2
61ebb236: posts big blind $4
*** HOLE CARDS ***
Dealt to 46866fab 
Dealt to 61ebb236 
Dealt to a3758599 
Dealt to Hero [Qd Ac]
a3758599: raises $6 to $10
46866fab: raises $26 to $36
Hero: calls $34
61ebb236: folds
a3758599: folds
*** FLOP *** [7h Js Jh]
Hero: checks
46866fab: bets $43
Hero: folds
Uncalled bet ($43) returned to 46866fab
*** SHOWDOWN ***
46866fab collected $86 from pot
*** SUMMARY ***
Total pot $86
Board [7h Js Jh]
Seat 1: 46866fabwon ($86) with Pair of Jacks and Pair of Tens
Seat 3: 61ebb236(big blind) folded before Flop
Seat 5: a3758599 folded before Flop
Seat 2: Hero(small blind) folded on the Flop



Poker Hand #ring_941459444: NLH No Limit ($2/$4) - 2025/06/17 18:51:44
Table 'MR NLH 2/4' 7-max Seat #5 is the button
Seat 1: 46866fab ($122 in chips)
Seat 3: 61ebb236 ($779.8 in chips)
Seat 5: a3758599 ($1,480.97 in chips)
Seat 2: Hero ($1,471.95 in chips)
Seat 4: fcce531d ($174.65 in chips)
46866fab: posts small blind $2
Hero: posts big blind $4
*** HOLE CARDS ***
Dealt to 46866fab 
Dealt to 61ebb236 
Dealt to a3758599 
Dealt to Hero [8c 5h]
Dealt to fcce531d 
61ebb236: raises $4 to $8
fcce531d: calls $8
a3758599: folds
46866fab: folds
Hero: calls $4
*** FLOP *** [6d 7h 4h]
Hero: checks
61ebb236: bets $14.56
fcce531d: raises $27.56 to $42.12
Hero: calls $42.12
61ebb236: calls $27.56
*** TURN *** [6d 7h 4h] [Ac]
Hero: checks
61ebb236: checks
fcce531d: bets $124.53 and is all-in
Hero: calls $124.53
61ebb236: calls $124.53
*** RIVER *** [6d 7h 4h Ac] [Ad]
Hero: checks
61ebb236: bets $347.13
Hero: calls $347.13
Hero: shows [8c 5h]
61ebb236: shows [3h Ah]
fcce531d: shows [Ts 7s]
*** SHOWDOWN ***
Hero collected $525.95 from pot
Hero collected $694.26 from pot
*** SUMMARY ***
Total pot $1,220.21
Board [6d 7h 4h Ac Ad]
Seat 1: 46866fab(small blind) folded before Flop
Seat 3: 61ebb236 showed [3h Ah] and lost with Three Aces
Seat 5: a3758599 folded before Flop (didn't bet)
Seat 2: Hero(big blind) showed [8c 5h] and won ($525.95) with Eights-High Straight
Seat 4: fcce531d showed [Ts 7s] and lost with Pair of Aces and Pair of Sevens



Poker Hand #ring_941457634: NLH No Limit ($2/$4) - 2025/06/17 18:50:37
Table 'MR NLH 2/4' 7-max Seat #4 is the button
Seat 1: 46866fab ($102.7 in chips)
Seat 3: 61ebb236 ($800 in chips)
Seat 5: a3758599 ($1,482.97 in chips)
Seat 2: Hero ($1,471.95 in chips)
Seat 4: fcce531d ($174.65 in chips)
a3758599: posts small blind $2
46866fab: posts big blind $4
61ebb236: posts big blind $4
*** HOLE CARDS ***
Dealt to 46866fab 
Dealt to 61ebb236 
Dealt to a3758599 
Dealt to Hero [3s Qh]
Dealt to fcce531d 
Hero: folds
61ebb236: checks
fcce531d: folds
a3758599: folds
46866fab: checks
*** FLOP *** [9s 4c 9h]
46866fab: checks
61ebb236: bets $5.6
46866fab: calls $5.6
*** TURN *** [9s 4c 9h] [Qs]
46866fab: checks
61ebb236: checks
*** RIVER *** [9s 4c 9h Qs] [2s]
46866fab: bets $10.6
61ebb236: calls $10.6
46866fab: shows [4h 8c]
61ebb236: shows [Ad 6c]
*** SHOWDOWN ***
46866fab collected $42.4 from pot
*** SUMMARY ***
Total pot $42.4
Board [9s 4c 9h Qs 2s]
Seat 1: 46866fab(big blind) showed [4h 8c] and won ($42.4) with Pair of Nines and Pair of Fours
Seat 3: 61ebb236 showed [Ad 6c] and lost with Pair of Nines
Seat 5: a3758599(small blind) folded before Flop
Seat 2: Hero folded before Flop (didn't bet)
Seat 4: fcce531d folded before Flop (didn't bet)



Poker Hand #ring_941457203: NLH No Limit ($2/$4) - 2025/06/17 18:50:21
Table 'MR NLH 2/4' 7-max Seat #2 is the button
Seat 1: 46866fab ($102.7 in chips)
Seat 5: a3758599 ($1,486.97 in chips)
Seat 2: Hero ($1,471.95 in chips)
Seat 6: 62a5df5c ($1,128.88 in chips)
Seat 4: fcce531d ($170.65 in chips)
fcce531d: posts small blind $2
a3758599: posts big blind $4
*** HOLE CARDS ***
Dealt to 46866fab 
Dealt to a3758599 
Dealt to Hero [Tc 5s]
Dealt to 62a5df5c 
Dealt to fcce531d 
62a5df5c: folds
46866fab: folds
Hero: folds
fcce531d: raises $8 to $12
a3758599: folds
Uncalled bet ($8) returned to fcce531d
*** SHOWDOWN ***
fcce531d collected $8 from pot
*** SUMMARY ***
Total pot $8
Seat 1: 46866fab folded before Flop (didn't bet)
Seat 5: a3758599(big blind) folded before Flop
Seat 2: Hero folded before Flop (didn't bet)
Seat 6: 62a5df5c folded before Flop (didn't bet)
Seat 4: fcce531d(small blind)won ($8)



Poker Hand #ring_941456430: NLH No Limit ($2/$4) - 2025/06/17 18:49:52
Table 'MR NLH 2/4' 7-max Seat #1 is the button
Seat 1: 46866fab ($102.7 in chips)
Seat 5: a3758599 ($1,486.97 in chips)
Seat 2: Hero ($1,464.67 in chips)
Seat 6: 62a5df5c ($1,128.88 in chips)
Seat 4: fcce531d ($178.65 in chips)
Hero: posts small blind $2
fcce531d: posts big blind $4
*** HOLE CARDS ***
Dealt to 46866fab 
Dealt to a3758599 
Dealt to Hero [Ad 7d]
Dealt to 62a5df5c 
Dealt to fcce531d 
a3758599: folds
62a5df5c: folds
46866fab: folds
Hero: calls $2
fcce531d: checks
*** FLOP *** [2d 2h 9h]
Hero: checks
fcce531d: checks
*** TURN *** [2d 2h 9h] [Jc]
Hero: checks
fcce531d: checks
*** RIVER *** [2d 2h 9h Jc] [Jd]
Hero: checks
fcce531d: bets $4
Hero: calls $4
Hero: shows [Ad 7d]
fcce531d: shows [7s Qd]
*** SHOWDOWN ***
Hero collected $16 from pot
*** SUMMARY ***
Total pot $16
Board [2d 2h 9h Jc Jd]
Seat 1: 46866fab folded before Flop (didn't bet)
Seat 5: a3758599 folded before Flop (didn't bet)
Seat 2: Hero(small blind) showed [Ad 7d] and won ($16) with Pair of Jacks and Pair of Twos
Seat 6: 62a5df5c folded before Flop (didn't bet)
Seat 4: fcce531d(big blind) showed [7s Qd] and lost with Pair of Jacks and Pair of Twos



Poker Hand #ring_941455672: NLH No Limit ($2/$4) - 2025/06/17 18:49:24
Table 'MR NLH 2/4' 7-max Seat #6 is the button
Seat 1: 46866fab ($104.7 in chips)
Seat 5: a3758599 ($1,456.22 in chips)
Seat 2: Hero ($1,480.67 in chips)
Seat 6: 62a5df5c ($1,128.88 in chips)
Seat 4: fcce531d ($194.65 in chips)
46866fab: posts small blind $2
Hero: posts big blind $4
*** HOLE CARDS ***
Dealt to 46866fab 
Dealt to a3758599 
Dealt to Hero [3d 7d]
Dealt to 62a5df5c 
Dealt to fcce531d 
fcce531d: raises $12 to $16
a3758599: calls $16
62a5df5c: folds
46866fab: folds
Hero: calls $12
*** FLOP *** [Ts 6c 2s]
Hero: checks
fcce531d: checks
a3758599: bets $33
Hero: folds
fcce531d: folds
Uncalled bet ($33) returned to a3758599
*** SHOWDOWN ***
a3758599 collected $50 from pot
*** SUMMARY ***
Total pot $50
Board [Ts 6c 2s]
Seat 1: 46866fab(small blind) folded before Flop
Seat 5: a3758599won ($50) with Pair of Tens
Seat 2: Hero(big blind) folded on the Flop
Seat 6: 62a5df5c folded before Flop (didn't bet)
Seat 4: fcce531d folded on the Flop



Poker Hand #ring_941454115: NLH No Limit ($2/$4) - 2025/06/17 18:48:25
Table 'MR NLH 2/4' 7-max Seat #5 is the button
Seat 1: 46866fab ($206.13 in chips)
Seat 5: a3758599 ($1,456.22 in chips)
Seat 2: Hero ($1,480.67 in chips)
Seat 6: 62a5df5c ($1,130.88 in chips)
Seat 4: fcce531d ($101.43 in chips)
62a5df5c: posts small blind $2
46866fab: posts big blind $4
*** HOLE CARDS ***
Dealt to 46866fab 
Dealt to a3758599 
Dealt to Hero [7s 4c]
Dealt to 62a5df5c 
Dealt to fcce531d 
Hero: folds
fcce531d: raises $97.43 to $101.43 and is all-in
a3758599: folds
62a5df5c: folds
46866fab: calls $97.43
46866fab: shows [Ks Ah]
fcce531d: shows [5c 5d]
*** FLOP *** [As 2s 2d]
*** TURN *** [As 2s 2d] [4d]
*** RIVER *** [As 2s 2d 4d] [5s]
*** SHOWDOWN ***
fcce531d collected $204.86 from pot
*** SUMMARY ***
Total pot $204.86
Board [As 2s 2d 4d 5s]
Seat 1: 46866fab(big blind) showed [Ks Ah] and lost with Pair of Aces and Pair of Twos
Seat 5: a3758599 folded before Flop (didn't bet)
Seat 2: Hero folded before Flop (didn't bet)
Seat 6: 62a5df5c(small blind) folded before Flop
Seat 4: fcce531d showed [5c 5d] and won ($204.86) with Fives Full over Twos



Poker Hand #ring_941453434: NLH No Limit ($2/$4) - 2025/06/17 18:48:01
Table 'MR NLH 2/4' 7-max Seat #4 is the button
Seat 1: 46866fab ($206.13 in chips)
Seat 5: a3758599 ($1,458.22 in chips)
Seat 2: Hero ($1,492.67 in chips)
Seat 6: 62a5df5c ($1,134.88 in chips)
Seat 4: fcce531d ($83.43 in chips)
a3758599: posts small blind $2
62a5df5c: posts big blind $4
*** HOLE CARDS ***
Dealt to 46866fab 
Dealt to a3758599 
Dealt to Hero [6c 5c]
Dealt to 62a5df5c 
Dealt to fcce531d 
46866fab: folds
Hero: raises $8 to $12
fcce531d: raises $71.43 to $83.43 and is all-in
a3758599: folds
62a5df5c: folds
Hero: folds
Uncalled bet ($71.43) returned to fcce531d
*** SHOWDOWN ***
fcce531d collected $30 from pot
*** SUMMARY ***
Total pot $30
Seat 1: 46866fab folded before Flop (didn't bet)
Seat 5: a3758599(small blind) folded before Flop
Seat 2: Hero folded before Flop
Seat 6: 62a5df5c(big blind) folded before Flop
Seat 4: fcce531dwon ($30)



Poker Hand #ring_941451747: NLH No Limit ($2/$4) - 2025/06/17 18:46:59
Table 'MR NLH 2/4' 7-max Seat #2 is the button
Seat 1: 46866fab ($206.13 in chips)
Seat 5: a3758599 ($1,470.22 in chips)
Seat 2: Hero ($1,479.84 in chips)
Seat 6: 62a5df5c ($1,134.88 in chips)
Seat 4: fcce531d ($85.43 in chips)
fcce531d: posts small blind $2
a3758599: posts big blind $4
*** HOLE CARDS ***
Dealt to 46866fab 
Dealt to a3758599 
Dealt to Hero [7d Ah]
Dealt to 62a5df5c 
Dealt to fcce531d 
62a5df5c: folds
46866fab: folds
Hero: calls $4
fcce531d: folds
a3758599: checks
*** FLOP *** [2d Qc 6c]
a3758599: checks
Hero: checks
*** TURN *** [2d Qc 6c] [3d]
a3758599: bets $8
Hero: calls $8
*** RIVER *** [2d Qc 6c 3d] [As]
a3758599: checks
Hero: bets $12
a3758599: folds
Uncalled bet ($12) returned to Hero
*** SHOWDOWN ***
Hero collected $26 from pot
*** SUMMARY ***
Total pot $26
Board [2d Qc 6c 3d As]
Seat 1: 46866fab folded before Flop (didn't bet)
Seat 5: a3758599(big blind) folded on the River
Seat 2: Herowon ($26) with Pair of Aces
Seat 6: 62a5df5c folded before Flop (didn't bet)
Seat 4: fcce531d(small blind) folded before Flop



Poker Hand #ring_941451019: NLH No Limit ($2/$4) - 2025/06/17 18:46:30
Table 'MR NLH 2/4' 7-max Seat #1 is the button
Seat 1: 46866fab ($206.13 in chips)
Seat 5: a3758599 ($1,470.22 in chips)
Seat 2: Hero ($1,483.84 in chips)
Seat 6: 62a5df5c ($1,134.88 in chips)
Seat 4: fcce531d ($81.43 in chips)
Hero: posts small blind $2
fcce531d: posts big blind $4
*** HOLE CARDS ***
Dealt to 46866fab 
Dealt to a3758599 
Dealt to Hero [Td 8h]
Dealt to 62a5df5c 
Dealt to fcce531d 
a3758599: folds
62a5df5c: folds
46866fab: folds
Hero: calls $2
fcce531d: raises $77.43 to $81.43 and is all-in
Hero: folds
Uncalled bet ($77.43) returned to fcce531d
*** SHOWDOWN ***
fcce531d collected $8 from pot
*** SUMMARY ***
Total pot $8
Seat 1: 46866fab folded before Flop (didn't bet)
Seat 5: a3758599 folded before Flop (didn't bet)
Seat 2: Hero(small blind) folded before Flop
Seat 6: 62a5df5c folded before Flop (didn't bet)
Seat 4: fcce531d(big blind)won ($8)



Poker Hand #ring_941449499: NLH No Limit ($2/$4) - 2025/06/17 18:45:32
Table 'MR NLH 2/4' 7-max Seat #6 is the button
Seat 1: 46866fab ($146.74 in chips)
Seat 5: a3758599 ($1,470.22 in chips)
Seat 2: Hero ($1,495.84 in chips)
Seat 6: 62a5df5c ($1,134.88 in chips)
Seat 4: fcce531d ($135.19 in chips)
46866fab: posts small blind $2
Hero: posts big blind $4
*** HOLE CARDS ***
Dealt to 46866fab 
Dealt to a3758599 
Dealt to Hero [Ac Th]
Dealt to 62a5df5c 
Dealt to fcce531d 
fcce531d: raises $8 to $12
a3758599: folds
62a5df5c: folds
46866fab: calls $10
Hero: calls $8
*** FLOP *** [2d 7h 9h]
46866fab: checks
Hero: checks
fcce531d: bets $18
46866fab: calls $18
Hero: folds
*** TURN *** [2d 7h 9h] [Kh]
46866fab: checks
fcce531d: bets $23.76
46866fab: calls $23.76
*** RIVER *** [2d 7h 9h Kh] [4d]
46866fab: checks
fcce531d: checks
46866fab: shows [Ks Jc]
fcce531d: shows [Tc 8h]
*** SHOWDOWN ***
46866fab collected $119.52 from pot
*** SUMMARY ***
Total pot $119.52
Board [2d 7h 9h Kh 4d]
Seat 1: 46866fab(small blind) showed [Ks Jc] and won ($119.52) with Pair of Kings
Seat 5: a3758599 folded before Flop (didn't bet)
Seat 2: Hero(big blind) folded on the Flop
Seat 6: 62a5df5c folded before Flop (didn't bet)
Seat 4: fcce531d showed [Tc 8h] and lost with King-High



Poker Hand #ring_941448901: NLH No Limit ($2/$4) - 2025/06/17 18:45:10
Table 'MR NLH 2/4' 7-max Seat #5 is the button
Seat 1: 46866fab ($150.74 in chips)
Seat 5: a3758599 ($1,470.22 in chips)
Seat 2: Hero ($1,495.84 in chips)
Seat 6: 62a5df5c ($1,136.88 in chips)
Seat 4: fcce531d ($129.19 in chips)
62a5df5c: posts small blind $2
46866fab: posts big blind $4
*** HOLE CARDS ***
Dealt to 46866fab 
Dealt to a3758599 
Dealt to Hero [7d 9s]
Dealt to 62a5df5c 
Dealt to fcce531d 
Hero: folds
fcce531d: raises $8 to $12
a3758599: folds
62a5df5c: folds
46866fab: folds
Uncalled bet ($8) returned to fcce531d
fcce531d: shows [Ad Ah]
*** SHOWDOWN ***
fcce531d collected $10 from pot
*** SUMMARY ***
Total pot $10
Seat 1: 46866fab(big blind) folded before Flop
Seat 5: a3758599 folded before Flop (didn't bet)
Seat 2: Hero folded before Flop (didn't bet)
Seat 6: 62a5df5c(small blind) folded before Flop
Seat 4: fcce531d showed [Ad Ah] and won ($10)



Poker Hand #ring_941447487: NLH No Limit ($2/$4) - 2025/06/17 18:44:18
Table 'MR NLH 2/4' 7-max Seat #4 is the button
Seat 1: 46866fab ($160.74 in chips)
Seat 5: a3758599 ($999.49 in chips)
Seat 2: Hero ($1,495.84 in chips)
Seat 6: 62a5df5c ($1,140.88 in chips)
Seat 4: fcce531d ($632.88 in chips)
a3758599: posts small blind $2
62a5df5c: posts big blind $4
*** HOLE CARDS ***
Dealt to 46866fab 
Dealt to a3758599 
Dealt to Hero [3c 7c]
Dealt to 62a5df5c 
Dealt to fcce531d 
46866fab: raises $6 to $10
Hero: folds
fcce531d: calls $10
a3758599: raises $34 to $44
62a5df5c: folds
46866fab: folds
fcce531d: calls $34
*** FLOP *** [Td Qc Kd]
a3758599: bets $67.32
fcce531d: calls $67.32
*** TURN *** [Td Qc Kd] [7h]
a3758599: bets $189.32
fcce531d: calls $189.32
*** RIVER *** [Td Qc Kd 7h] [Qd]
a3758599: bets $203.05
fcce531d: calls $203.05
fcce531d: shows [9d Tc]
a3758599: shows [Ks Ac]
*** SHOWDOWN ***
a3758599 collected $1,021.38 from pot
*** SUMMARY ***
Total pot $1,021.38
Board [Td Qc Kd 7h Qd]
Seat 1: 46866fab folded before Flop
Seat 5: a3758599(small blind) showed [Ks Ac] and won ($1,021.38) with Pair of Kings and Pair of Queens
Seat 2: Hero folded before Flop (didn't bet)
Seat 6: 62a5df5c(big blind) folded before Flop
Seat 4: fcce531d showed [9d Tc] and lost with Pair of Queens and Pair of Tens



Poker Hand #ring_941444948: NLH No Limit ($2/$4) - 2025/06/17 18:42:42
Table 'MR NLH 2/4' 7-max Seat #2 is the button
Seat 1: 46866fab ($160.74 in chips)
Seat 5: a3758599 ($801.34 in chips)
Seat 2: Hero ($1,639.12 in chips)
Seat 6: 62a5df5c ($1,140.88 in chips)
Seat 4: fcce531d ($704.88 in chips)
fcce531d: posts small blind $2
a3758599: posts big blind $4
*** HOLE CARDS ***
Dealt to 46866fab 
Dealt to a3758599 
Dealt to Hero [Ks Qs]
Dealt to 62a5df5c 
Dealt to fcce531d 
62a5df5c: folds
46866fab: folds
Hero: raises $8 to $12
fcce531d: calls $10
a3758599: raises $60 to $72
Hero: calls $60
fcce531d: calls $60
*** FLOP *** [2s Qd 6c]
fcce531d: checks
a3758599: bets $71.28
Hero: calls $71.28
fcce531d: folds
*** TURN *** [2s Qd 6c] [Jd]
a3758599: bets $658.06 and is all-in
Hero: folds
Uncalled bet ($658.06) returned to a3758599
fcce531d: shows [Js]
*** SHOWDOWN ***
a3758599 collected $358.56 from pot
*** SUMMARY ***
Total pot $358.56
Board [2s Qd 6c Jd]
Seat 1: 46866fab folded before Flop (didn't bet)
Seat 5: a3758599(big blind)won ($358.56) with Ace-High
Seat 2: Hero folded on the Turn
Seat 6: 62a5df5c folded before Flop (didn't bet)
Seat 4: fcce531d(small blind) folded on the Flop



Poker Hand #ring_941444293: NLH No Limit ($2/$4) - 2025/06/17 18:42:17
Table 'MR NLH 2/4' 7-max Seat #1 is the button
Seat 1: 46866fab ($160.74 in chips)
Seat 5: a3758599 ($801.34 in chips)
Seat 2: Hero ($1,643.12 in chips)
Seat 6: 62a5df5c ($1,140.88 in chips)
Seat 4: fcce531d ($700.88 in chips)
Hero: posts small blind $2
fcce531d: posts big blind $4
*** HOLE CARDS ***
Dealt to 46866fab 
Dealt to a3758599 
Dealt to Hero [3d Jc]
Dealt to 62a5df5c 
Dealt to fcce531d 
a3758599: folds
62a5df5c: folds
46866fab: folds
Hero: calls $2
fcce531d: raises $12 to $16
Hero: folds
Uncalled bet ($12) returned to fcce531d
*** SHOWDOWN ***
fcce531d collected $8 from pot
*** SUMMARY ***
Total pot $8
Seat 1: 46866fab folded before Flop (didn't bet)
Seat 5: a3758599 folded before Flop (didn't bet)
Seat 2: Hero(small blind) folded before Flop
Seat 6: 62a5df5c folded before Flop (didn't bet)
Seat 4: fcce531d(big blind)won ($8)



Poker Hand #ring_941443215: NLH No Limit ($2/$4) - 2025/06/17 18:41:35
Table 'MR NLH 2/4' 7-max Seat #6 is the button
Seat 1: 46866fab ($164.74 in chips)
Seat 5: a3758599 ($800 in chips)
Seat 2: Hero ($1,647.12 in chips)
Seat 6: 62a5df5c ($1,140.88 in chips)
Seat 4: fcce531d ($699.54 in chips)
46866fab: posts small blind $2
Hero: posts big blind $4
*** HOLE CARDS ***
Dealt to 46866fab 
Dealt to a3758599 
Dealt to Hero [6h 9c]
Dealt to 62a5df5c 
Dealt to fcce531d 
fcce531d: calls $4
a3758599: calls $4
62a5df5c: folds
46866fab: calls $2
Hero: checks
*** FLOP *** [Ks 8s 8h]
46866fab: checks
Hero: checks
fcce531d: bets $16
a3758599: calls $16
46866fab: folds
Hero: folds
*** TURN *** [Ks 8s 8h] [Ad]
fcce531d: bets $24
a3758599: calls $24
*** RIVER *** [Ks 8s 8h Ad] [6s]
fcce531d: checks
a3758599: checks
fcce531d: shows [2d Kd]
a3758599: shows [Kh 4h]
*** SHOWDOWN ***
fcce531d collected $48 from pot
a3758599 collected $48 from pot
*** SUMMARY ***
Total pot $96
Board [Ks 8s 8h Ad 6s]
Seat 1: 46866fab(small blind) folded on the Flop
Seat 5: a3758599 showed [Kh 4h] and won ($48) with Pair of Kings and Pair of Eights
Seat 2: Hero(big blind) folded on the Flop
Seat 6: 62a5df5c folded before Flop (didn't bet)
Seat 4: fcce531d showed [2d Kd] and won ($48) with Pair of Kings and Pair of Eights



Poker Hand #ring_941442259: NLH No Limit ($2/$4) - 2025/06/17 18:41:00
Table 'MR NLH 2/4' 7-max Seat #5 is the button
Seat 1: 46866fab ($168.74 in chips)
Seat 5: a3758599 ($800 in chips)
Seat 2: Hero ($1,595.12 in chips)
Seat 6: 62a5df5c ($1,188.88 in chips)
Seat 4: fcce531d ($699.54 in chips)
62a5df5c: posts small blind $2
46866fab: posts big blind $4
*** HOLE CARDS ***
Dealt to 46866fab 
Dealt to a3758599 
Dealt to Hero [Kh Ks]
Dealt to 62a5df5c 
Dealt to fcce531d 
Hero: raises $8 to $12
fcce531d: folds
a3758599: folds
62a5df5c: raises $36 to $48
46866fab: folds
Hero: raises $80 to $128
62a5df5c: folds
Uncalled bet ($80) returned to Hero
*** SHOWDOWN ***
Hero collected $100 from pot
*** SUMMARY ***
Total pot $100
Seat 1: 46866fab(big blind) folded before Flop
Seat 5: a3758599 folded before Flop (didn't bet)
Seat 2: Herowon ($100)
Seat 6: 62a5df5c(small blind) folded before Flop
Seat 4: fcce531d folded before Flop (didn't bet)



Poker Hand #ring_941441031: NLH No Limit ($2/$4) - 2025/06/17 18:40:14
Table 'MR NLH 2/4' 7-max Seat #4 is the button
Seat 1: 46866fab ($168.74 in chips)
Seat 5: a3758599 ($1,159.36 in chips)
Seat 2: Hero ($1,595.12 in chips)
Seat 6: 62a5df5c ($1,192.88 in chips)
Seat 4: fcce531d ($364.77 in chips)
a3758599: posts small blind $2
62a5df5c: posts big blind $4
*** HOLE CARDS ***
Dealt to 46866fab 
Dealt to a3758599 
Dealt to Hero [4d Th]
Dealt to 62a5df5c 
Dealt to fcce531d 
46866fab: folds
Hero: folds
fcce531d: raises $8 to $12
a3758599: raises $36 to $48
62a5df5c: folds
fcce531d: calls $36
*** FIRST FLOP *** [5h 3d 8c]
a3758599: bets $66
fcce531d: calls $66
*** FIRST TURN *** [5h 3d 8c] [5d]
a3758599: bets $1,045.36 and is all-in
fcce531d: calls $250.77 and is all-in
Uncalled bet ($794.59) returned to a3758599
fcce531d: shows [9h 8d]
a3758599: shows [4h 4s]
*** FIRST RIVER *** [5h 3d 8c 5d] [Js]
*** SECOND RIVER *** [5h 3d 8c 5d] [Ts]
Hero: shows [4d]
*** FIRST SHOWDOWN ***
fcce531d collected $367.27 from pot
*** SECOND SHOWDOWN ***
fcce531d collected $366.27 from pot
*** SUMMARY ***
Total pot $733.54
Hand was run two timesFIRST Board [5h 3d 8c 5d Js]
SECOND Board [Ts]
Seat 1: 46866fab folded before Flop (didn't bet)
Seat 5: a3758599(small blind) showed [4h 4s] and lost with Pair of Fives and Pair of Fours / Pair of Fives and Pair of Fours
Seat 2: Hero folded before Flop (didn't bet)
Seat 6: 62a5df5c(big blind) folded before Flop
Seat 4: fcce531d showed [9h 8d] and won ($733.54) with Pair of Eights and Pair of Fives / Pair of Eights and Pair of Fives



Poker Hand #ring_941440018: NLH No Limit ($2/$4) - 2025/06/17 18:39:37
Table 'MR NLH 2/4' 7-max Seat #2 is the button
Seat 1: 46866fab ($168.74 in chips)
Seat 5: a3758599 ($1,163.36 in chips)
Seat 2: Hero ($1,595.12 in chips)
Seat 6: 62a5df5c ($1,155.62 in chips)
Seat 4: fcce531d ($402.61 in chips)
fcce531d: posts small blind $2
a3758599: posts big blind $4
*** HOLE CARDS ***
Dealt to 46866fab 
Dealt to a3758599 
Dealt to Hero [4h Ts]
Dealt to 62a5df5c 
Dealt to fcce531d 
62a5df5c: raises $6 to $10
46866fab: folds
Hero: folds
fcce531d: raises $12 to $22
a3758599: folds
62a5df5c: calls $12
*** FLOP *** [2d Tc 3d]
fcce531d: checks
62a5df5c: bets $15.84
fcce531d: calls $15.84
*** TURN *** [2d Tc 3d] [8s]
fcce531d: checks
62a5df5c: checks
*** RIVER *** [2d Tc 3d 8s] [2c]
fcce531d: checks
62a5df5c: checks
fcce531d: shows [9s Ac]
62a5df5c: shows [7s 7d]
*** SHOWDOWN ***
62a5df5c collected $79.68 from pot
*** SUMMARY ***
Total pot $79.68
Board [2d Tc 3d 8s 2c]
Seat 1: 46866fab folded before Flop (didn't bet)
Seat 5: a3758599(big blind) folded before Flop
Seat 2: Hero folded before Flop (didn't bet)
Seat 6: 62a5df5c showed [7s 7d] and won ($79.68) with Pair of Sevens and Pair of Twos
Seat 4: fcce531d(small blind) showed [9s Ac] and lost with Pair of Twos



Poker Hand #ring_941438738: NLH No Limit ($2/$4) - 2025/06/17 18:38:47
Table 'MR NLH 2/4' 7-max Seat #1 is the button
Seat 1: 46866fab ($168.74 in chips)
Seat 5: a3758599 ($1,240.78 in chips)
Seat 2: Hero ($1,597.12 in chips)
Seat 6: 62a5df5c ($1,155.62 in chips)
Seat 4: fcce531d ($331.24 in chips)
Hero: posts small blind $2
fcce531d: posts big blind $4
*** HOLE CARDS ***
Dealt to 46866fab 
Dealt to a3758599 
Dealt to Hero [7h Tc]
Dealt to 62a5df5c 
Dealt to fcce531d 
a3758599: raises $8 to $12
62a5df5c: folds
46866fab: folds
Hero: folds
fcce531d: calls $8
*** FLOP *** [6c 7s Ts]
fcce531d: checks
a3758599: bets $17.16
fcce531d: calls $17.16
*** TURN *** [6c 7s Ts] [2s]
fcce531d: checks
a3758599: bets $48.26
fcce531d: calls $48.26
*** RIVER *** [6c 7s Ts 2s] [4c]
fcce531d: checks
a3758599: checks
fcce531d: shows [Td 4d]
a3758599: shows [Qc Kd]
*** SHOWDOWN ***
fcce531d collected $156.84 from pot
*** SUMMARY ***
Total pot $156.84
Board [6c 7s Ts 2s 4c]
Seat 1: 46866fab folded before Flop (didn't bet)
Seat 5: a3758599 showed [Qc Kd] and lost with King-High
Seat 2: Hero(small blind) folded before Flop
Seat 6: 62a5df5c folded before Flop (didn't bet)
Seat 4: fcce531d(big blind) showed [Td 4d] and won ($156.84) with Pair of Tens and Pair of Fours



Poker Hand #ring_941438056: NLH No Limit ($2/$4) - 2025/06/17 18:38:21
Table 'MR NLH 2/4' 7-max Seat #6 is the button
Seat 1: 46866fab ($170.74 in chips)
Seat 5: a3758599 ($1,240.78 in chips)
Seat 2: Hero ($1,601.12 in chips)
Seat 6: 62a5df5c ($1,155.62 in chips)
Seat 4: fcce531d ($325.24 in chips)
46866fab: posts small blind $2
Hero: posts big blind $4
*** HOLE CARDS ***
Dealt to 46866fab 
Dealt to a3758599 
Dealt to Hero [4c 8s]
Dealt to 62a5df5c 
Dealt to fcce531d 
fcce531d: raises $12 to $16
a3758599: folds
62a5df5c: folds
46866fab: folds
Hero: folds
Uncalled bet ($12) returned to fcce531d
*** SHOWDOWN ***
fcce531d collected $10 from pot
*** SUMMARY ***
Total pot $10
Seat 1: 46866fab(small blind) folded before Flop
Seat 5: a3758599 folded before Flop (didn't bet)
Seat 2: Hero(big blind) folded before Flop
Seat 6: 62a5df5c folded before Flop (didn't bet)
Seat 4: fcce531dwon ($10)



Poker Hand #ring_941436812: NLH No Limit ($2/$4) - 2025/06/17 18:37:33
Table 'MR NLH 2/4' 7-max Seat #5 is the button
Seat 1: 46866fab ($188 in chips)
Seat 5: a3758599 ($1,223.16 in chips)
Seat 2: Hero ($1,601.12 in chips)
Seat 6: 62a5df5c ($1,157.62 in chips)
Seat 4: fcce531d ($325.24 in chips)
62a5df5c: posts small blind $2
46866fab: posts big blind $4
*** HOLE CARDS ***
Dealt to 46866fab 
Dealt to a3758599 
Dealt to Hero [6c 8d]
Dealt to 62a5df5c 
Dealt to fcce531d 
Hero: folds
fcce531d: folds
a3758599: raises $6 to $10
62a5df5c: folds
46866fab: calls $6
*** FLOP *** [8s 8h Kd]
46866fab: checks
a3758599: bets $7.26
46866fab: calls $7.26
*** TURN *** [8s 8h Kd] [Ad]
46866fab: checks
a3758599: bets $29.22
46866fab: folds
Uncalled bet ($29.22) returned to a3758599
*** SHOWDOWN ***
a3758599 collected $36.52 from pot
*** SUMMARY ***
Total pot $36.52
Board [8s 8h Kd Ad]
Seat 1: 46866fab(big blind) folded on the Turn
Seat 5: a3758599won ($36.52) with Pair of Eights
Seat 2: Hero folded before Flop (didn't bet)
Seat 6: 62a5df5c(small blind) folded before Flop
Seat 4: fcce531d folded before Flop (didn't bet)



Poker Hand #ring_941436121: NLH No Limit ($2/$4) - 2025/06/17 18:37:05
Table 'MR NLH 2/4' 7-max Seat #4 is the button
Seat 1: 46866fab ($188 in chips)
Seat 5: a3758599 ($1,225.16 in chips)
Seat 2: Hero ($1,601.12 in chips)
Seat 6: 62a5df5c ($1,161.62 in chips)
Seat 4: fcce531d ($319.69 in chips)
a3758599: posts small blind $2
62a5df5c: posts big blind $4
*** HOLE CARDS ***
Dealt to 46866fab 
Dealt to a3758599 
Dealt to Hero [2c Td]
Dealt to 62a5df5c 
Dealt to fcce531d 
46866fab: folds
Hero: folds
fcce531d: calls $4
a3758599: folds
62a5df5c: checks
*** FLOP *** [3d 4d Jd]
62a5df5c: checks
fcce531d: bets $7.5
62a5df5c: folds
Uncalled bet ($7.5) returned to fcce531d
*** SHOWDOWN ***
fcce531d collected $10 from pot
*** SUMMARY ***
Total pot $10
Board [3d 4d Jd]
Seat 1: 46866fab folded before Flop (didn't bet)
Seat 5: a3758599(small blind) folded before Flop
Seat 2: Hero folded before Flop (didn't bet)
Seat 6: 62a5df5c(big blind) folded on the Flop
Seat 4: fcce531dwon ($10) with Queen-High



Poker Hand #ring_941434689: NLH No Limit ($2/$4) - 2025/06/17 18:36:10
Table 'MR NLH 2/4' 7-max Seat #0 is the button
Seat 1: 46866fab ($188 in chips)
Seat 5: a3758599 ($1,273.16 in chips)
Seat 2: Hero ($1,601.12 in chips)
Seat 6: 62a5df5c ($1,161.62 in chips)
Seat 4: fcce531d ($277.01 in chips)
fcce531d: posts small blind $2
a3758599: posts big blind $4
*** HOLE CARDS ***
Dealt to 46866fab 
Dealt to a3758599 
Dealt to Hero [3d Jc]
Dealt to 62a5df5c 
Dealt to fcce531d 
62a5df5c: folds
46866fab: folds
Hero: folds
fcce531d: raises $12 to $16
a3758599: raises $32 to $48
fcce531d: calls $32
*** FLOP *** [8d Kh 8h]
fcce531d: checks
a3758599: checks
*** TURN *** [8d Kh 8h] [4d]
fcce531d: bets $96
a3758599: folds
Uncalled bet ($96) returned to fcce531d
*** SHOWDOWN ***
fcce531d collected $96 from pot
*** SUMMARY ***
Total pot $96
Board [8d Kh 8h 4d]
Seat 1: 46866fab folded before Flop (didn't bet)
Seat 5: a3758599(big blind) folded on the Turn
Seat 2: Hero folded before Flop (didn't bet)
Seat 6: 62a5df5c folded before Flop (didn't bet)
Seat 4: fcce531d(small blind)won ($96) with Pair of Kings and Pair of Eights



Poker Hand #ring_941431625: NLH No Limit ($2/$4) - 2025/06/17 18:34:11
Table 'MR NLH 2/4' 7-max Seat #2 is the button
Seat 1: 46866fab ($200 in chips)
Seat 7: c39b25cd ($238.36 in chips)
Seat 5: a3758599 ($1,273.16 in chips)
Seat 2: Hero ($1,391.37 in chips)
Seat 6: 62a5df5c ($1,161.62 in chips)
Seat 4: fcce531d ($496 in chips)
fcce531d: posts big blind $4
46866fab: posts big blind $4
*** HOLE CARDS ***
Dealt to 46866fab 
Dealt to c39b25cd 
Dealt to a3758599 
Dealt to Hero [Qh 8c]
Dealt to 62a5df5c 
Dealt to fcce531d 
a3758599: folds
62a5df5c: folds
c39b25cd: folds
46866fab: checks
Hero: calls $4
fcce531d: raises $8 to $12
46866fab: calls $8
Hero: calls $8
*** FLOP *** [Jh 7s Qc]
fcce531d: bets $27
46866fab: folds
Hero: calls $27
*** TURN *** [Jh 7s Qc] [2d]
fcce531d: bets $67.5
Hero: calls $67.5
*** RIVER *** [Jh 7s Qc 2d] [Tc]
fcce531d: bets $112.49
Hero: calls $112.49
Hero: shows [Qh 8c]
fcce531d: shows [3h 6h]
*** SHOWDOWN ***
Hero collected $449.98 from pot
*** SUMMARY ***
Total pot $449.98
Board [Jh 7s Qc 2d Tc]
Seat 1: 46866fab folded on the Flop
Seat 7: c39b25cd folded before Flop (didn't bet)
Seat 5: a3758599 folded before Flop (didn't bet)
Seat 2: Hero showed [Qh 8c] and won ($449.98) with Pair of Queens
Seat 6: 62a5df5c folded before Flop (didn't bet)
Seat 4: fcce531d(big blind) showed [3h 6h] and lost with Queen-High



Poker Hand #ring_941430067: NLH No Limit ($2/$4) - 2025/06/17 18:33:12
Table 'MR NLH 2/4' 7-max Seat #0 is the button
Seat 7: c39b25cd ($258.36 in chips)
Seat 3: 691b2b4e ($1,404.75 in chips)
Seat 5: a3758599 ($1,273.16 in chips)
Seat 2: Hero ($1,366.53 in chips)
Seat 6: 62a5df5c ($1,161.62 in chips)
Seat 4: fcce531d ($500 in chips)
Hero: posts small blind $2
691b2b4e: posts big blind $4
fcce531d: posts big blind $4
*** HOLE CARDS ***
Dealt to c39b25cd 
Dealt to 691b2b4e 
Dealt to a3758599 
Dealt to Hero [Th 5h]
Dealt to 62a5df5c 
Dealt to fcce531d 
fcce531d: checks
a3758599: folds
62a5df5c: folds
c39b25cd: calls $4
Hero: calls $2
691b2b4e: checks
*** FLOP *** [4h 9h 7h]
Hero: checks
691b2b4e: checks
fcce531d: checks
c39b25cd: bets $16
Hero: raises $38.4 to $54.4
691b2b4e: folds
fcce531d: folds
c39b25cd: folds
Uncalled bet ($38.4) returned to Hero
*** SHOWDOWN ***
Hero collected $48 from pot
*** SUMMARY ***
Total pot $48
Board [4h 9h 7h]
Seat 7: c39b25cd folded on the Flop
Seat 3: 691b2b4e(big blind) folded on the Flop
Seat 5: a3758599 folded before Flop (didn't bet)
Seat 2: Hero(small blind)won ($48) with Ten High Flush
Seat 6: 62a5df5c folded before Flop (didn't bet)
Seat 4: fcce531d folded on the Flop



Poker Hand #ring_941427442: NLH No Limit ($2/$4) - 2025/06/17 18:31:33
Table 'MR NLH 2/4' 7-max Seat #7 is the button
Seat 7: c39b25cd ($268.36 in chips)
Seat 3: 691b2b4e ($1,404.75 in chips)
Seat 5: a3758599 ($1,273.16 in chips)
Seat 2: Hero ($823.14 in chips)
Seat 6: 62a5df5c ($1,171.62 in chips)
Seat 1: dfb84765 ($577.24 in chips)
dfb84765: posts small blind $2
Hero: posts big blind $4
*** HOLE CARDS ***
Dealt to c39b25cd 
Dealt to 691b2b4e 
Dealt to a3758599 
Dealt to Hero [7h Ah]
Dealt to 62a5df5c 
Dealt to dfb84765 
691b2b4e: folds
a3758599: folds
62a5df5c: raises $6 to $10
c39b25cd: calls $10
dfb84765: calls $8
Hero: calls $6
*** FLOP *** [3h 7s 8h]
dfb84765: checks
Hero: bets $20
62a5df5c: folds
c39b25cd: folds
dfb84765: calls $20
*** TURN *** [3h 7s 8h] [9c]
dfb84765: checks
Hero: bets $64
dfb84765: raises $122.72 to $186.72
Hero: calls $122.72
*** RIVER *** [3h 7s 8h 9c] [Th]
dfb84765: bets $267.53
Hero: raises $267.53 to $535.06
dfb84765: calls $92.99 and is all-in
Uncalled bet ($174.54) returned to Hero
dfb84765: shows [Jc Tc]
Hero: shows [7h Ah]
*** SHOWDOWN ***
Hero collected $1,174.48 from pot
*** SUMMARY ***
Total pot $1,174.48
Board [3h 7s 8h 9c Th]
Seat 7: c39b25cd folded on the Flop
Seat 3: 691b2b4e folded before Flop (didn't bet)
Seat 5: a3758599 folded before Flop (didn't bet)
Seat 2: Hero(big blind) showed [7h Ah] and won ($1,174.48) with Ace High Flush
Seat 6: 62a5df5c folded on the Flop
Seat 1: dfb84765(small blind) showed [Jc Tc] and lost with Jacks-High Straight



Poker Hand #ring_941426267: NLH No Limit ($2/$4) - 2025/06/17 18:30:50
Table 'MR NLH 2/4' 7-max Seat #6 is the button
Seat 7: c39b25cd ($223.68 in chips)
Seat 3: 691b2b4e ($1,450.75 in chips)
Seat 5: a3758599 ($1,273.16 in chips)
Seat 2: Hero ($823.14 in chips)
Seat 6: 62a5df5c ($1,171.62 in chips)
Seat 1: dfb84765 ($581.24 in chips)
c39b25cd: posts small blind $2
dfb84765: posts big blind $4
*** HOLE CARDS ***
Dealt to c39b25cd 
Dealt to 691b2b4e 
Dealt to a3758599 
Dealt to Hero [3d Ah]
Dealt to 62a5df5c 
Dealt to dfb84765 
Hero: folds
691b2b4e: raises $10 to $14
a3758599: folds
62a5df5c: folds
c39b25cd: raises $32 to $46
dfb84765: folds
691b2b4e: calls $32
*** FLOP *** [8c 4d Ac]
c39b25cd: checks
691b2b4e: checks
*** TURN *** [8c 4d Ac] [Ts]
c39b25cd: bets $48
691b2b4e: folds
Uncalled bet ($48) returned to c39b25cd
*** SHOWDOWN ***
c39b25cd collected $96 from pot
*** SUMMARY ***
Total pot $96
Board [8c 4d Ac Ts]
Seat 7: c39b25cd(small blind)won ($96) with Pair of Jacks
Seat 3: 691b2b4e folded on the Turn
Seat 5: a3758599 folded before Flop (didn't bet)
Seat 2: Hero folded before Flop (didn't bet)
Seat 6: 62a5df5c folded before Flop (didn't bet)
Seat 1: dfb84765(big blind) folded before Flop



Poker Hand #ring_941424796: NLH No Limit ($2/$4) - 2025/06/17 18:29:53
Table 'MR NLH 2/4' 7-max Seat #5 is the button
Seat 7: c39b25cd ($258.68 in chips)
Seat 3: 691b2b4e ($1,220.98 in chips)
Seat 5: a3758599 ($1,273.16 in chips)
Seat 2: Hero ($823.14 in chips)
Seat 6: 62a5df5c ($1,173.62 in chips)
Seat 1: dfb84765 ($796 in chips)
62a5df5c: posts small blind $2
c39b25cd: posts big blind $4
*** HOLE CARDS ***
Dealt to c39b25cd 
Dealt to 691b2b4e 
Dealt to a3758599 
Dealt to Hero [6h 4c]
Dealt to 62a5df5c 
Dealt to dfb84765 
dfb84765: raises $12 to $16
Hero: folds
691b2b4e: raises $19 to $35
a3758599: folds
62a5df5c: folds
c39b25cd: calls $31
dfb84765: calls $19
*** FLOP *** [7c 9s Ac]
c39b25cd: checks
dfb84765: checks
691b2b4e: checks
*** TURN *** [7c 9s Ac] [Qc]
c39b25cd: checks
dfb84765: bets $63.13
691b2b4e: raises $116.63 to $179.76
c39b25cd: folds
dfb84765: calls $116.63
*** RIVER *** [7c 9s Ac Qc] [8d]
dfb84765: checks
691b2b4e: checks
dfb84765: shows [Jc As]
691b2b4e: shows [6s Ts]
*** SHOWDOWN ***
691b2b4e collected $466.52 from pot
*** SUMMARY ***
Total pot $466.52
Board [7c 9s Ac Qc 8d]
Seat 7: c39b25cd(big blind) folded on the Turn
Seat 3: 691b2b4e showed [6s Ts] and won ($466.52) with Tens-High Straight
Seat 5: a3758599 folded before Flop (didn't bet)
Seat 2: Hero folded before Flop (didn't bet)
Seat 6: 62a5df5c(small blind) folded before Flop
Seat 1: dfb84765 showed [Jc As] and lost with Pair of Aces



Poker Hand #ring_941422593: NLH No Limit ($2/$4) - 2025/06/17 18:28:28
Table 'MR NLH 2/4' 7-max Seat #4 is the button
Seat 7: c39b25cd ($280.68 in chips)
Seat 3: 691b2b4e ($1,299.98 in chips)
Seat 5: a3758599 ($1,295.16 in chips)
Seat 2: Hero ($823.14 in chips)
Seat 6: 62a5df5c ($800 in chips)
Seat 4: 124fbc2f ($278.38 in chips)
Seat 1: dfb84765 ($800 in chips)
a3758599: posts small blind $2
62a5df5c: posts big blind $4
dfb84765: posts big blind $4
*** HOLE CARDS ***
Dealt to c39b25cd 
Dealt to 691b2b4e 
Dealt to a3758599 
Dealt to Hero [7s 6c]
Dealt to 62a5df5c 
Dealt to 124fbc2f 
Dealt to dfb84765 
c39b25cd: calls $4
dfb84765: checks
Hero: folds
691b2b4e: raises $18 to $22
124fbc2f: calls $22
a3758599: calls $20
62a5df5c: calls $18
c39b25cd: calls $18
dfb84765: folds
*** FLOP *** [Tc 5h Qc]
a3758599: checks
62a5df5c: checks
c39b25cd: checks
691b2b4e: bets $57
124fbc2f: raises $199.38 to $256.38 and is all-in
a3758599: folds
62a5df5c: raises $521.62 to $778 and is all-in
c39b25cd: folds
691b2b4e: folds
Uncalled bet ($521.62) returned to 62a5df5c
124fbc2f: shows [Qd 7d] (Pair of Queens)
62a5df5c: shows [Qh Th] (Pair of Queens and Pair of Tens)
*** TURN *** [Tc 5h Qc] [4s]
*** RIVER *** [Tc 5h Qc 4s] [4h]
*** SHOWDOWN ***
62a5df5c collected $683.76 from pot
*** SUMMARY ***
Total pot $683.76
Board [Tc 5h Qc 4s 4h]
Seat 7: c39b25cd folded on the Flop
Seat 3: 691b2b4e folded on the Flop
Seat 5: a3758599(small blind) folded on the Flop
Seat 2: Hero folded before Flop (didn't bet)
Seat 6: 62a5df5c(big blind) showed [Qh Th] and won ($683.76) with Pair of Queens and Pair of Tens
Seat 4: 124fbc2f showed [Qd 7d] and lost with Pair of Queens and Pair of Fours
Seat 1: dfb84765 folded before Flop



Poker Hand #ring_941421089: NLH No Limit ($2/$4) - 2025/06/17 18:27:32
Table 'MR NLH 2/4' 7-max Seat #3 is the button
Seat 7: c39b25cd ($280.68 in chips)
Seat 3: 691b2b4e ($1,184.42 in chips)
Seat 5: a3758599 ($1,299.16 in chips)
Seat 2: Hero ($841.14 in chips)
Seat 4: 124fbc2f ($383.38 in chips)
124fbc2f: posts small blind $2
a3758599: posts big blind $4
*** HOLE CARDS ***
Dealt to c39b25cd 
Dealt to 691b2b4e 
Dealt to a3758599 
Dealt to Hero [Ad 8s]
Dealt to 124fbc2f 
c39b25cd: folds
Hero: calls $4
691b2b4e: raises $14 to $18
124fbc2f: calls $16
a3758599: folds
Hero: calls $14
*** FLOP *** [9s Qh 5c]
124fbc2f: bets $29
Hero: folds
691b2b4e: raises $58 to $87
124fbc2f: calls $58
*** TURN *** [9s Qh 5c] [Ks]
124fbc2f: checks
691b2b4e: bets $174
124fbc2f: folds
Uncalled bet ($174) returned to 691b2b4e
*** SHOWDOWN ***
691b2b4e collected $232 from pot
*** SUMMARY ***
Total pot $232
Board [9s Qh 5c Ks]
Seat 7: c39b25cd folded before Flop (didn't bet)
Seat 3: 691b2b4ewon ($232) with King-High
Seat 5: a3758599(big blind) folded before Flop
Seat 2: Hero folded on the Flop
Seat 4: 124fbc2f(small blind) folded on the Turn



Poker Hand #ring_941419510: NLH No Limit ($2/$4) - 2025/06/17 18:26:33
Table 'MR NLH 2/4' 7-max Seat #2 is the button
Seat 7: c39b25cd ($280.68 in chips)
Seat 3: 691b2b4e ($1,186.42 in chips)
Seat 5: a3758599 ($1,235.64 in chips)
Seat 2: Hero ($905.74 in chips)
Seat 4: 124fbc2f ($387.38 in chips)
691b2b4e: posts small blind $2
124fbc2f: posts big blind $4
*** HOLE CARDS ***
Dealt to c39b25cd 
Dealt to 691b2b4e 
Dealt to a3758599 
Dealt to Hero [Ac Qc]
Dealt to 124fbc2f 
a3758599: raises $6 to $10
c39b25cd: folds
Hero: raises $20.8 to $30.8
691b2b4e: folds
124fbc2f: folds
a3758599: calls $20.8
*** FLOP *** [7h 8d Js]
a3758599: checks
Hero: bets $33.8
a3758599: calls $33.8
*** TURN *** [7h 8d Js] [6d]
a3758599: checks
Hero: checks
*** RIVER *** [7h 8d Js 6d] [8s]
a3758599: bets $108.16
Hero: folds
Uncalled bet ($108.16) returned to a3758599
*** SHOWDOWN ***
a3758599 collected $135.2 from pot
*** SUMMARY ***
Total pot $135.2
Board [7h 8d Js 6d 8s]
Seat 7: c39b25cd folded before Flop (didn't bet)
Seat 3: 691b2b4e(small blind) folded before Flop
Seat 5: a3758599won ($135.2) with Eights-High Straight
Seat 2: Hero folded on the River
Seat 4: 124fbc2f(big blind) folded before Flop



Poker Hand #ring_941417580: NLH No Limit ($2/$4) - 2025/06/17 18:25:19
Table 'MR NLH 2/4' 7-max Seat #7 is the button
Seat 7: c39b25cd ($280.68 in chips)
Seat 3: 691b2b4e ($1,074.58 in chips)
Seat 5: a3758599 ($1,235.64 in chips)
Seat 2: Hero ($1,012.94 in chips)
Seat 4: 124fbc2f ($403.38 in chips)
Hero: posts small blind $2
691b2b4e: posts big blind $4
*** HOLE CARDS ***
Dealt to c39b25cd 
Dealt to 691b2b4e 
Dealt to a3758599 
Dealt to Hero [3h 3d]
Dealt to 124fbc2f 
124fbc2f: calls $4
a3758599: folds
c39b25cd: folds
Hero: calls $2
691b2b4e: raises $12 to $16
124fbc2f: calls $12
Hero: calls $12
*** FLOP *** [5d Qh 4c]
Hero: checks
691b2b4e: bets $48
124fbc2f: folds
Hero: calls $48
*** TURN *** [5d Qh 4c] [Ac]
Hero: bets $43.2
691b2b4e: calls $43.2
*** RIVER *** [5d Qh 4c Ac] [8s]
Hero: checks
691b2b4e: bets $115.2
Hero: folds
Uncalled bet ($115.2) returned to 691b2b4e
124fbc2f: shows [As]
*** SHOWDOWN ***
691b2b4e collected $230.4 from pot
*** SUMMARY ***
Total pot $230.4
Board [5d Qh 4c Ac 8s]
Seat 7: c39b25cd folded before Flop (didn't bet)
Seat 3: 691b2b4e(big blind)won ($230.4) with Pair of Aces
Seat 5: a3758599 folded before Flop (didn't bet)
Seat 2: Hero(small blind) folded on the River
Seat 4: 124fbc2f folded on the Flop



Poker Hand #ring_941416563: NLH No Limit ($2/$4) - 2025/06/17 18:24:40
Table 'MR NLH 2/4' 7-max Seat #5 is the button
Seat 7: c39b25cd ($236 in chips)
Seat 3: 691b2b4e ($1,120.58 in chips)
Seat 5: a3758599 ($1,235.64 in chips)
Seat 2: Hero ($1,016.94 in chips)
Seat 4: 124fbc2f ($403.38 in chips)
c39b25cd: posts small blind $2
Hero: posts big blind $4
*** HOLE CARDS ***
Dealt to c39b25cd 
Dealt to 691b2b4e 
Dealt to a3758599 
Dealt to Hero [5s 4c]
Dealt to 124fbc2f 
691b2b4e: raises $10 to $14
124fbc2f: folds
a3758599: folds
c39b25cd: raises $32 to $46
Hero: folds
691b2b4e: calls $32
*** FLOP *** [4d Kd 5c]
c39b25cd: bets $48
691b2b4e: folds
Uncalled bet ($48) returned to c39b25cd
*** SHOWDOWN ***
c39b25cd collected $96 from pot
*** SUMMARY ***
Total pot $96
Board [4d Kd 5c]
Seat 7: c39b25cd(small blind)won ($96) with King-High
Seat 3: 691b2b4e folded on the Flop
Seat 5: a3758599 folded before Flop (didn't bet)
Seat 2: Hero(big blind) folded before Flop
Seat 4: 124fbc2f folded before Flop (didn't bet)



Poker Hand #ring_941415352: NLH No Limit ($2/$4) - 2025/06/17 18:23:52
Table 'MR NLH 2/4' 7-max Seat #4 is the button
Seat 7: c39b25cd ($69.06 in chips)
Seat 3: 691b2b4e ($1,189.64 in chips)
Seat 5: a3758599 ($1,237.64 in chips)
Seat 2: Hero ($1,016.94 in chips)
Seat 4: 124fbc2f ($273.67 in chips)
a3758599: posts small blind $2
c39b25cd: posts big blind $4
*** HOLE CARDS ***
Dealt to c39b25cd 
Dealt to 691b2b4e 
Dealt to a3758599 
Dealt to Hero [5h 2c]
Dealt to 124fbc2f 
Hero: folds
691b2b4e: raises $10 to $14
124fbc2f: calls $14
a3758599: folds
c39b25cd: raises $55.06 to $69.06 and is all-in
691b2b4e: calls $55.06
124fbc2f: raises $204.61 to $273.67 and is all-in
691b2b4e: folds
Uncalled bet ($204.61) returned to 124fbc2f
124fbc2f: shows [9h Ah]
c39b25cd: shows [9s 6d]
*** FIRST FLOP *** [Ts 8s 2s]
*** SECOND FLOP *** [Qd 2d 4s]
*** FIRST TURN *** [Ts 8s 2s] [Qc]
*** SECOND TURN *** [Qd 2d 4s] [Tc]
*** FIRST RIVER *** [Ts 8s 2s Qc] [4d]
*** SECOND RIVER *** [Qd 2d 4s Tc] [8h]
*** FIRST SHOWDOWN ***
124fbc2f collected $105.1 from pot
*** SECOND SHOWDOWN ***
124fbc2f collected $104.08 from pot
*** SUMMARY ***
Total pot $209.18
Hand was run two timesFIRST Board [Ts 8s 2s Qc 4d]
SECOND Board [Qd 2d 4s Tc 8h]
Seat 7: c39b25cd(big blind) showed [9s 6d] and lost with Queen-High / Queen-High
Seat 3: 691b2b4e folded before Flop
Seat 5: a3758599(small blind) folded before Flop
Seat 2: Hero folded before Flop (didn't bet)
Seat 4: 124fbc2f showed [9h Ah] and won ($209.18) with Ace-High / Ace-High



Poker Hand #ring_941413521: NLH No Limit ($2/$4) - 2025/06/17 18:22:42
Table 'MR NLH 2/4' 7-max Seat #3 is the button
Seat 7: c39b25cd ($307.76 in chips)
Seat 3: 691b2b4e ($1,201.64 in chips)
Seat 5: a3758599 ($1,241.64 in chips)
Seat 2: Hero ($773.98 in chips)
Seat 4: 124fbc2f ($285.67 in chips)
124fbc2f: posts small blind $2
a3758599: posts big blind $4
*** HOLE CARDS ***
Dealt to c39b25cd 
Dealt to 691b2b4e 
Dealt to a3758599 
Dealt to Hero [Th Tc]
Dealt to 124fbc2f 
c39b25cd: raises $8 to $12
Hero: calls $12
691b2b4e: calls $12
124fbc2f: calls $10
a3758599: folds
*** FLOP *** [Ts Qc 8c]
124fbc2f: checks
c39b25cd: bets $39
Hero: calls $39
691b2b4e: folds
124fbc2f: folds
*** TURN *** [Ts Qc 8c] [8h]
c39b25cd: bets $42.9
Hero: calls $42.9
*** RIVER *** [Ts Qc 8c 8h] [5d]
c39b25cd: checks
Hero: bets $144.8
c39b25cd: calls $144.8
Hero: shows [Th Tc]
c39b25cd: shows [9c Qd]
*** SHOWDOWN ***
Hero collected $505.4 from pot
*** SUMMARY ***
Total pot $505.4
Board [Ts Qc 8c 8h 5d]
Seat 7: c39b25cd showed [9c Qd] and lost with Pair of Queens and Pair of Eights
Seat 3: 691b2b4e folded on the Flop
Seat 5: a3758599(big blind) folded before Flop
Seat 2: Hero showed [Th Tc] and won ($505.4) with Tens Full over Eights
Seat 4: 124fbc2f(small blind) folded on the Flop



Poker Hand #ring_941412349: NLH No Limit ($2/$4) - 2025/06/17 18:21:56
Table 'MR NLH 2/4' 7-max Seat #2 is the button
Seat 7: c39b25cd ($269.76 in chips)
Seat 3: 691b2b4e ($1,235.64 in chips)
Seat 5: a3758599 ($1,241.64 in chips)
Seat 2: Hero ($773.98 in chips)
Seat 4: 124fbc2f ($289.67 in chips)
691b2b4e: posts small blind $2
124fbc2f: posts big blind $4
*** HOLE CARDS ***
Dealt to c39b25cd 
Dealt to 691b2b4e 
Dealt to a3758599 
Dealt to Hero [6c 2d]
Dealt to 124fbc2f 
a3758599: folds
c39b25cd: raises $12 to $16
Hero: folds
691b2b4e: raises $18 to $34
124fbc2f: folds
c39b25cd: raises $235.76 to $269.76 and is all-in
691b2b4e: folds
Uncalled bet ($235.76) returned to c39b25cd
*** SHOWDOWN ***
c39b25cd collected $72 from pot
*** SUMMARY ***
Total pot $72
Seat 7: c39b25cdwon ($72)
Seat 3: 691b2b4e(small blind) folded before Flop
Seat 5: a3758599 folded before Flop (didn't bet)
Seat 2: Hero folded before Flop (didn't bet)
Seat 4: 124fbc2f(big blind) folded before Flop



Poker Hand #ring_941410751: NLH No Limit ($2/$4) - 2025/06/17 18:20:54
Table 'MR NLH 2/4' 7-max Seat #1 is the button
Seat 7: c39b25cd ($315.76 in chips)
Seat 3: 691b2b4e ($1,148.94 in chips)
Seat 5: a3758599 ($1,241.64 in chips)
Seat 2: Hero ($775.98 in chips)
Seat 1: 7e39addf ($619.86 in chips)
Seat 4: 124fbc2f ($335.67 in chips)
Hero: posts small blind $2
691b2b4e: posts big blind $4
c39b25cd: posts big blind $4
*** HOLE CARDS ***
Dealt to c39b25cd 
Dealt to 691b2b4e 
Dealt to a3758599 
Dealt to Hero [3d 6h]
Dealt to 7e39addf 
Dealt to 124fbc2f 
124fbc2f: raises $14 to $18
a3758599: folds
c39b25cd: calls $14
7e39addf: folds
Hero: folds
691b2b4e: raises $28 to $46
124fbc2f: calls $28
c39b25cd: calls $28
*** FLOP *** [7s Th 3c]
691b2b4e: bets $70
124fbc2f: folds
c39b25cd: folds
Uncalled bet ($70) returned to 691b2b4e
691b2b4e: shows [7c]
124fbc2f: shows [Qd Kd]
*** SHOWDOWN ***
691b2b4e collected $140 from pot
*** SUMMARY ***
Total pot $140
Board [7s Th 3c]
Seat 7: c39b25cd folded on the Flop
Seat 3: 691b2b4e(big blind) showed [7c] and won ($140) with Pair of Sevens
Seat 5: a3758599 folded before Flop (didn't bet)
Seat 2: Hero(small blind) folded before Flop
Seat 1: 7e39addf folded before Flop (didn't bet)
Seat 4: 124fbc2f folded on the Flop



Poker Hand #ring_941409061: NLH No Limit ($2/$4) - 2025/06/17 18:19:49
Table 'MR NLH 2/4' 7-max Seat #5 is the button
Seat 3: 691b2b4e ($1,162.94 in chips)
Seat 5: a3758599 ($1,241.64 in chips)
Seat 2: Hero ($761.33 in chips)
Seat 1: 7e39addf ($621.86 in chips)
Seat 4: 124fbc2f ($335.67 in chips)
7e39addf: posts small blind $2
Hero: posts big blind $4
*** HOLE CARDS ***
Dealt to 691b2b4e 
Dealt to a3758599 
Dealt to Hero [As 2c]
Dealt to 7e39addf 
Dealt to 124fbc2f 
691b2b4e: raises $10 to $14
124fbc2f: folds
a3758599: folds
7e39addf: folds
Hero: calls $10
*** FLOP *** [7h Ah Kh]
Hero: checks
691b2b4e: checks
*** TURN *** [7h Ah Kh] [Kd]
Hero: checks
691b2b4e: checks
*** RIVER *** [7h Ah Kh Kd] [7s]
Hero: checks
691b2b4e: checks
Hero: shows [As 2c]
691b2b4e: shows [3c Qs]
*** SHOWDOWN ***
Hero collected $30 from pot
*** SUMMARY ***
Total pot $30
Board [7h Ah Kh Kd 7s]
Seat 3: 691b2b4e showed [3c Qs] and lost with Pair of Kings and Pair of Sevens
Seat 5: a3758599 folded before Flop (didn't bet)
Seat 2: Hero(big blind) showed [As 2c] and won ($30) with Pair of Aces and Pair of Kings
Seat 1: 7e39addf(small blind) folded before Flop
Seat 4: 124fbc2f folded before Flop (didn't bet)



Poker Hand #ring_941407386: NLH No Limit ($2/$4) - 2025/06/17 18:18:43
Table 'MR NLH 2/4' 7-max Seat #4 is the button
Seat 3: 691b2b4e ($1,180.94 in chips)
Seat 5: a3758599 ($1,243.64 in chips)
Seat 2: Hero ($779.33 in chips)
Seat 1: 7e39addf ($519.68 in chips)
Seat 4: 124fbc2f ($409.17 in chips)
a3758599: posts small blind $2
7e39addf: posts big blind $4
*** HOLE CARDS ***
Dealt to 691b2b4e 
Dealt to a3758599 
Dealt to Hero [Td Qd]
Dealt to 7e39addf 
Dealt to 124fbc2f 
Hero: calls $4
691b2b4e: raises $14 to $18
124fbc2f: calls $18
a3758599: folds
7e39addf: calls $14
Hero: calls $14
*** FLOP *** [5d 3c Kh]
7e39addf: checks
Hero: checks
691b2b4e: checks
124fbc2f: bets $55.5
7e39addf: calls $55.5
Hero: folds
691b2b4e: folds
*** TURN *** [5d 3c Kh] [Ac]
7e39addf: checks
124fbc2f: checks
*** RIVER *** [5d 3c Kh Ac] [5h]
7e39addf: checks
124fbc2f: checks
7e39addf: shows [Tc Kc]
124fbc2f: shows [4c 4h]
*** SHOWDOWN ***
7e39addf collected $185 from pot
*** SUMMARY ***
Total pot $185
Board [5d 3c Kh Ac 5h]
Seat 3: 691b2b4e folded on the Flop
Seat 5: a3758599(small blind) folded before Flop
Seat 2: Hero folded on the Flop
Seat 1: 7e39addf(big blind) showed [Tc Kc] and won ($185) with Pair of Kings and Pair of Fives
Seat 4: 124fbc2f showed [4c 4h] and lost with Pair of Fives and Pair of Fours



Poker Hand #ring_941406780: NLH No Limit ($2/$4) - 2025/06/17 18:18:20
Table 'MR NLH 2/4' 7-max Seat #3 is the button
Seat 3: 691b2b4e ($1,174.94 in chips)
Seat 5: a3758599 ($1,247.64 in chips)
Seat 2: Hero ($779.33 in chips)
Seat 1: 7e39addf ($519.68 in chips)
Seat 4: 124fbc2f ($411.17 in chips)
124fbc2f: posts small blind $2
a3758599: posts big blind $4
*** HOLE CARDS ***
Dealt to 691b2b4e 
Dealt to a3758599 
Dealt to Hero [As 2d]
Dealt to 7e39addf 
Dealt to 124fbc2f 
7e39addf: folds
Hero: folds
691b2b4e: raises $10 to $14
124fbc2f: folds
a3758599: folds
Uncalled bet ($10) returned to 691b2b4e
*** SHOWDOWN ***
691b2b4e collected $10 from pot
*** SUMMARY ***
Total pot $10
Seat 3: 691b2b4ewon ($10)
Seat 5: a3758599(big blind) folded before Flop
Seat 2: Hero folded before Flop (didn't bet)
Seat 1: 7e39addf folded before Flop (didn't bet)
Seat 4: 124fbc2f(small blind) folded before Flop



Poker Hand #ring_941406161: NLH No Limit ($2/$4) - 2025/06/17 18:17:55
Table 'MR NLH 2/4' 7-max Seat #2 is the button
Seat 3: 691b2b4e ($1,176.94 in chips)
Seat 5: a3758599 ($1,257.64 in chips)
Seat 2: Hero ($779.33 in chips)
Seat 1: 7e39addf ($503.68 in chips)
Seat 4: 124fbc2f ($415.17 in chips)
691b2b4e: posts small blind $2
124fbc2f: posts big blind $4
*** HOLE CARDS ***
Dealt to 691b2b4e 
Dealt to a3758599 
Dealt to Hero [Ad 3h]
Dealt to 7e39addf 
Dealt to 124fbc2f 
a3758599: raises $6 to $10
7e39addf: raises $13 to $23
Hero: folds
691b2b4e: folds
124fbc2f: folds
a3758599: folds
Uncalled bet ($13) returned to 7e39addf
*** SHOWDOWN ***
7e39addf collected $26 from pot
*** SUMMARY ***
Total pot $26
Seat 3: 691b2b4e(small blind) folded before Flop
Seat 5: a3758599 folded before Flop
Seat 2: Hero folded before Flop (didn't bet)
Seat 1: 7e39addfwon ($26)
Seat 4: 124fbc2f(big blind) folded before Flop



Poker Hand #ring_941405089: NLH No Limit ($2/$4) - 2025/06/17 18:17:14
Table 'MR NLH 2/4' 7-max Seat #1 is the button
Seat 3: 691b2b4e ($1,087.7 in chips)
Seat 5: a3758599 ($1,257.64 in chips)
Seat 2: Hero ($811.33 in chips)
Seat 1: 7e39addf ($535.68 in chips)
Seat 4: 124fbc2f ($447.17 in chips)
Hero: posts small blind $2
691b2b4e: posts big blind $4
*** HOLE CARDS ***
Dealt to 691b2b4e 
Dealt to a3758599 
Dealt to Hero [5c 6d]
Dealt to 7e39addf 
Dealt to 124fbc2f 
124fbc2f: calls $4
a3758599: folds
7e39addf: raises $8 to $12
Hero: calls $10
691b2b4e: raises $20 to $32
124fbc2f: calls $28
7e39addf: calls $20
Hero: calls $20
*** FLOP *** [Qs 2s 6s]
Hero: checks
691b2b4e: bets $96
124fbc2f: folds
7e39addf: folds
Hero: folds
Uncalled bet ($96) returned to 691b2b4e
691b2b4e: shows [As]
124fbc2f: shows [Js]
*** SHOWDOWN ***
691b2b4e collected $128 from pot
*** SUMMARY ***
Total pot $128
Board [Qs 2s 6s]
Seat 3: 691b2b4e(big blind) showed [As] and won ($128) with Ace-High
Seat 5: a3758599 folded before Flop (didn't bet)
Seat 2: Hero(small blind) folded on the Flop
Seat 1: 7e39addf folded on the Flop
Seat 4: 124fbc2f folded on the Flop



Poker Hand #ring_941404494: NLH No Limit ($2/$4) - 2025/06/17 18:16:50
Table 'MR NLH 2/4' 7-max Seat #5 is the button
Seat 3: 691b2b4e ($1,073.05 in chips)
Seat 5: a3758599 ($1,257.64 in chips)
Seat 2: Hero ($825.33 in chips)
Seat 1: 7e39addf ($537.68 in chips)
Seat 4: 124fbc2f ($447.17 in chips)
7e39addf: posts small blind $2
Hero: posts big blind $4
*** HOLE CARDS ***
Dealt to 691b2b4e 
Dealt to a3758599 
Dealt to Hero [7c 5h]
Dealt to 7e39addf 
Dealt to 124fbc2f 
691b2b4e: raises $10 to $14
124fbc2f: folds
a3758599: folds
7e39addf: folds
Hero: calls $10
*** FLOP *** [2h Ts Qd]
Hero: checks
691b2b4e: bets $30
Hero: folds
Uncalled bet ($30) returned to 691b2b4e
*** SHOWDOWN ***
691b2b4e collected $30 from pot
*** SUMMARY ***
Total pot $30
Board [2h Ts Qd]
Seat 3: 691b2b4ewon ($30) with Pair of Tens
Seat 5: a3758599 folded before Flop (didn't bet)
Seat 2: Hero(big blind) folded on the Flop
Seat 1: 7e39addf(small blind) folded before Flop
Seat 4: 124fbc2f folded before Flop (didn't bet)



Poker Hand #ring_941402993: NLH No Limit ($2/$4) - 2025/06/17 18:15:51
Table 'MR NLH 2/4' 7-max Seat #4 is the button
Seat 3: 691b2b4e ($1,227.55 in chips)
Seat 5: a3758599 ($1,259.64 in chips)
Seat 2: Hero ($680 in chips)
Seat 1: 7e39addf ($541.68 in chips)
Seat 4: 124fbc2f ($447.17 in chips)
a3758599: posts small blind $2
7e39addf: posts big blind $4
*** HOLE CARDS ***
Dealt to 691b2b4e 
Dealt to a3758599 
Dealt to Hero [8d Td]
Dealt to 7e39addf 
Dealt to 124fbc2f 
Hero: calls $4
691b2b4e: raises $14 to $18
124fbc2f: folds
a3758599: folds
7e39addf: folds
Hero: calls $14
*** FLOP *** [Tc 8h Ks]
Hero: checks
691b2b4e: bets $31.5
Hero: calls $31.5
*** TURN *** [Tc 8h Ks] [2c]
Hero: checks
691b2b4e: bets $105
Hero: calls $105
*** RIVER *** [Tc 8h Ks 2c] [4s]
Hero: bets $94.5
691b2b4e: folds
Uncalled bet ($94.5) returned to Hero
*** SHOWDOWN ***
Hero collected $315 from pot
*** SUMMARY ***
Total pot $315
Board [Tc 8h Ks 2c 4s]
Seat 3: 691b2b4e folded on the River
Seat 5: a3758599(small blind) folded before Flop
Seat 2: Herowon ($315) with Pair of Tens and Pair of Eights
Seat 1: 7e39addf(big blind) folded before Flop
Seat 4: 124fbc2f folded before Flop (didn't bet)



Poker Hand #ring_941402182: NLH No Limit ($2/$4) - 2025/06/17 18:15:20
Table 'MR NLH 2/4' 7-max Seat #3 is the button
Seat 3: 691b2b4e ($1,198.25 in chips)
Seat 5: a3758599 ($1,263.64 in chips)
Seat 2: Hero ($680 in chips)
Seat 1: 7e39addf ($568.68 in chips)
Seat 4: 124fbc2f ($449.17 in chips)
124fbc2f: posts small blind $2
a3758599: posts big blind $4
*** HOLE CARDS ***
Dealt to 691b2b4e 
Dealt to a3758599 
Dealt to Hero [Qs 6h]
Dealt to 7e39addf 
Dealt to 124fbc2f 
7e39addf: raises $8 to $12
Hero: folds
691b2b4e: raises $15 to $27
124fbc2f: folds
a3758599: folds
7e39addf: calls $15
*** FLOP *** [Ks Ts 4d]
7e39addf: checks
691b2b4e: bets $60
7e39addf: folds
Uncalled bet ($60) returned to 691b2b4e
*** SHOWDOWN ***
691b2b4e collected $60 from pot
*** SUMMARY ***
Total pot $60
Board [Ks Ts 4d]
Seat 3: 691b2b4ewon ($60) with King-High
Seat 5: a3758599(big blind) folded before Flop
Seat 2: Hero folded before Flop (didn't bet)
Seat 1: 7e39addf folded on the Flop
Seat 4: 124fbc2f(small blind) folded before Flop



Poker Hand #ring_941401431: NLH No Limit ($2/$4) - 2025/06/17 18:14:50
Table 'MR NLH 2/4' 7-max Seat #2 is the button
Seat 3: 691b2b4e ($1,169.41 in chips)
Seat 2: Hero ($696 in chips)
Seat 1: 7e39addf ($568.68 in chips)
Seat 4: 124fbc2f ($465.17 in chips)
691b2b4e: posts small blind $2
124fbc2f: posts big blind $4
*** HOLE CARDS ***
Dealt to 691b2b4e 
Dealt to Hero [Td 9c]
Dealt to 7e39addf 
Dealt to 124fbc2f 
7e39addf: folds
Hero: calls $4
691b2b4e: raises $12 to $16
124fbc2f: calls $12
Hero: calls $12
*** FLOP *** [Ad Qs 5d]
691b2b4e: checks
124fbc2f: checks
Hero: checks
*** TURN *** [Ad Qs 5d] [7s]
691b2b4e: bets $48
124fbc2f: folds
Hero: folds
Uncalled bet ($48) returned to 691b2b4e
*** SHOWDOWN ***
691b2b4e collected $48 from pot
*** SUMMARY ***
Total pot $48
Board [Ad Qs 5d 7s]
Seat 3: 691b2b4e(small blind)won ($48) with Ace-High
Seat 2: Hero folded on the Turn
Seat 1: 7e39addf folded before Flop (didn't bet)
Seat 4: 124fbc2f(big blind) folded on the Turn



Poker Hand #ring_941400301: NLH No Limit ($2/$4) - 2025/06/17 18:14:07
Table 'MR NLH 2/4' 7-max Seat #1 is the button
Seat 3: 691b2b4e ($1,080.89 in chips)
Seat 2: Hero ($744 in chips)
Seat 1: 7e39addf ($616.68 in chips)
Seat 4: 124fbc2f ($465.17 in chips)
Hero: posts small blind $2
691b2b4e: posts big blind $4
*** HOLE CARDS ***
Dealt to 691b2b4e 
Dealt to Hero [Ah 6h]
Dealt to 7e39addf 
Dealt to 124fbc2f 
124fbc2f: folds
7e39addf: raises $8 to $12
Hero: calls $10
691b2b4e: calls $8
*** FLOP *** [Tc 6d 9c]
Hero: checks
691b2b4e: bets $36
7e39addf: calls $36
Hero: calls $36
*** TURN *** [Tc 6d 9c] [7h]
Hero: checks
691b2b4e: bets $108
7e39addf: folds
Hero: folds
Uncalled bet ($108) returned to 691b2b4e
*** SHOWDOWN ***
691b2b4e collected $144 from pot
*** SUMMARY ***
Total pot $144
Board [Tc 6d 9c 7h]
Seat 3: 691b2b4e(big blind)won ($144) with Pair of Nines and Pair of Sevens
Seat 2: Hero(small blind) folded on the Turn
Seat 1: 7e39addf folded on the Turn
Seat 4: 124fbc2f folded before Flop (didn't bet)



Poker Hand #ring_941398928: NLH No Limit ($2/$4) - 2025/06/17 18:13:13
Table 'MR NLH 2/4' 7-max Seat #4 is the button
Seat 3: 691b2b4e ($1,039.94 in chips)
Seat 2: Hero ($788 in chips)
Seat 1: 7e39addf ($618.68 in chips)
Seat 4: 124fbc2f ($465.17 in chips)
7e39addf: posts small blind $2
Hero: posts big blind $4
*** HOLE CARDS ***
Dealt to 691b2b4e 
Dealt to Hero [2d As]
Dealt to 7e39addf 
Dealt to 124fbc2f 
691b2b4e: raises $10 to $14
124fbc2f: folds
7e39addf: folds
Hero: calls $10
*** FLOP *** [2s 8h Td]
Hero: checks
691b2b4e: bets $30
Hero: calls $30
*** TURN *** [2s 8h Td] [6h]
Hero: checks
691b2b4e: bets $67.5
Hero: folds
Uncalled bet ($67.5) returned to 691b2b4e
*** SHOWDOWN ***
691b2b4e collected $90 from pot
*** SUMMARY ***
Total pot $90
Board [2s 8h Td 6h]
Seat 3: 691b2b4ewon ($90) with Tens-High Straight
Seat 2: Hero(big blind) folded on the Turn
Seat 1: 7e39addf(small blind) folded before Flop
Seat 4: 124fbc2f folded before Flop (didn't bet)



Poker Hand #ring_941397976: NLH No Limit ($2/$4) - 2025/06/17 18:12:35
Table 'MR NLH 2/4' 7-max Seat #3 is the button
Seat 3: 691b2b4e ($1,023.38 in chips)
Seat 2: Hero ($788 in chips)
Seat 1: 7e39addf ($622.68 in chips)
Seat 4: 124fbc2f ($479.17 in chips)
124fbc2f: posts small blind $2
7e39addf: posts big blind $4
*** HOLE CARDS ***
Dealt to 691b2b4e 
Dealt to Hero [9c 4h]
Dealt to 7e39addf 
Dealt to 124fbc2f 
Hero: folds
691b2b4e: raises $10 to $14
124fbc2f: calls $12
7e39addf: folds
*** FLOP *** [Qc Qd Ks]
124fbc2f: checks
691b2b4e: bets $32
124fbc2f: folds
Uncalled bet ($32) returned to 691b2b4e
*** SHOWDOWN ***
691b2b4e collected $32 from pot
*** SUMMARY ***
Total pot $32
Board [Qc Qd Ks]
Seat 3: 691b2b4ewon ($32) with Pair of Queens and Pair of Fives
Seat 2: Hero folded before Flop (didn't bet)
Seat 1: 7e39addf(big blind) folded before Flop
Seat 4: 124fbc2f(small blind) folded on the Flop



Poker Hand #ring_941397175: NLH No Limit ($2/$4) - 2025/06/17 18:12:02
Table 'MR NLH 2/4' 7-max Seat #2 is the button
Seat 3: 691b2b4e ($942.48 in chips)
Seat 2: Hero ($788 in chips)
Seat 1: 7e39addf ($622.68 in chips)
Seat 4: 124fbc2f ($569.17 in chips)
691b2b4e: posts small blind $2
124fbc2f: posts big blind $4
*** HOLE CARDS ***
Dealt to 691b2b4e 
Dealt to Hero [3c 7c]
Dealt to 7e39addf 
Dealt to 124fbc2f 
7e39addf: folds
Hero: folds
691b2b4e: raises $8 to $12
124fbc2f: calls $8
*** FLOP *** [5h 6d Ts]
691b2b4e: bets $24
124fbc2f: calls $24
*** TURN *** [5h 6d Ts] [7h]
691b2b4e: bets $54
124fbc2f: calls $54
*** RIVER *** [5h 6d Ts 7h] [Kh]
691b2b4e: bets $135
124fbc2f: folds
Uncalled bet ($135) returned to 691b2b4e
*** SHOWDOWN ***
691b2b4e collected $180 from pot
*** SUMMARY ***
Total pot $180
Board [5h 6d Ts 7h Kh]
Seat 3: 691b2b4e(small blind)won ($180) with Tens-High Straight
Seat 2: Hero folded before Flop (didn't bet)
Seat 1: 7e39addf folded before Flop (didn't bet)
Seat 4: 124fbc2f(big blind) folded on the River



Poker Hand #ring_941396577: NLH No Limit ($2/$4) - 2025/06/17 18:11:40
Table 'MR NLH 2/4' 7-max Seat #1 is the button
Seat 3: 691b2b4e ($946.48 in chips)
Seat 2: Hero ($784 in chips)
Seat 1: 7e39addf ($622.68 in chips)
Seat 4: 124fbc2f ($569.17 in chips)
Hero: posts small blind $2
691b2b4e: posts big blind $4
*** HOLE CARDS ***
Dealt to 691b2b4e 
Dealt to Hero [9s Qh]
Dealt to 7e39addf 
Dealt to 124fbc2f 
124fbc2f: folds
7e39addf: folds
Hero: raises $6 to $10
691b2b4e: folds
Uncalled bet ($6) returned to Hero
*** SHOWDOWN ***
Hero collected $8 from pot
*** SUMMARY ***
Total pot $8
Seat 3: 691b2b4e(big blind) folded before Flop
Seat 2: Hero(small blind)won ($8)
Seat 1: 7e39addf folded before Flop (didn't bet)
Seat 4: 124fbc2f folded before Flop (didn't bet)



Poker Hand #ring_941395972: NLH No Limit ($2/$4) - 2025/06/17 18:11:16
Table 'MR NLH 2/4' 7-max Seat #4 is the button
Seat 3: 691b2b4e ($940.48 in chips)
Seat 2: Hero ($788 in chips)
Seat 1: 7e39addf ($624.68 in chips)
Seat 4: 124fbc2f ($569.17 in chips)
7e39addf: posts small blind $2
Hero: posts big blind $4
*** HOLE CARDS ***
Dealt to 691b2b4e 
Dealt to Hero [9h 2d]
Dealt to 7e39addf 
Dealt to 124fbc2f 
691b2b4e: raises $10 to $14
124fbc2f: folds
7e39addf: folds
Hero: folds
Uncalled bet ($10) returned to 691b2b4e
*** SHOWDOWN ***
691b2b4e collected $10 from pot
*** SUMMARY ***
Total pot $10
Seat 3: 691b2b4ewon ($10)
Seat 2: Hero(big blind) folded before Flop
Seat 1: 7e39addf(small blind) folded before Flop
Seat 4: 124fbc2f folded before Flop (didn't bet)



Poker Hand #ring_941395098: NLH No Limit ($2/$4) - 2025/06/17 18:10:42
Table 'MR NLH 2/4' 7-max Seat #3 is the button
Seat 3: 691b2b4e ($899.36 in chips)
Seat 2: Hero ($788 in chips)
Seat 1: 7e39addf ($628.68 in chips)
Seat 4: 124fbc2f ($611.25 in chips)
124fbc2f: posts small blind $2
7e39addf: posts big blind $4
*** HOLE CARDS ***
Dealt to 691b2b4e 
Dealt to Hero [4h 9h]
Dealt to 7e39addf 
Dealt to 124fbc2f 
Hero: folds
691b2b4e: raises $10 to $14
124fbc2f: calls $12
7e39addf: folds
*** FLOP *** [Jd Qh 9c]
124fbc2f: bets $10.56
691b2b4e: calls $10.56
*** TURN *** [Jd Qh 9c] [Qs]
124fbc2f: bets $17.52
691b2b4e: raises $88.16 to $105.68
124fbc2f: folds
Uncalled bet ($88.16) returned to 691b2b4e
*** SHOWDOWN ***
691b2b4e collected $88.16 from pot
*** SUMMARY ***
Total pot $88.16
Board [Jd Qh 9c Qs]
Seat 3: 691b2b4ewon ($88.16) with Pair of Queens
Seat 2: Hero folded before Flop (didn't bet)
Seat 1: 7e39addf(big blind) folded before Flop
Seat 4: 124fbc2f(small blind) folded on the Turn



Poker Hand #ring_941394293: NLH No Limit ($2/$4) - 2025/06/17 18:10:09
Table 'MR NLH 2/4' 7-max Seat #2 is the button
Seat 3: 691b2b4e ($851.87 in chips)
Seat 2: Hero ($788 in chips)
Seat 1: 7e39addf ($654.68 in chips)
Seat 4: 124fbc2f ($637.25 in chips)
691b2b4e: posts small blind $2
124fbc2f: posts big blind $4
*** HOLE CARDS ***
Dealt to 691b2b4e 
Dealt to Hero [8d 5c]
Dealt to 7e39addf 
Dealt to 124fbc2f 
7e39addf: raises $8 to $12
Hero: folds
691b2b4e: raises $14 to $26
124fbc2f: calls $22
7e39addf: calls $14
*** FLOP *** [4h 3h 3d]
691b2b4e: checks
124fbc2f: checks
7e39addf: checks
*** TURN *** [4h 3h 3d] [Qs]
691b2b4e: bets $78
124fbc2f: folds
7e39addf: folds
Uncalled bet ($78) returned to 691b2b4e
*** SHOWDOWN ***
691b2b4e collected $78 from pot
*** SUMMARY ***
Total pot $78
Board [4h 3h 3d Qs]
Seat 3: 691b2b4e(small blind)won ($78) with Pair of Treys
Seat 2: Hero folded before Flop (didn't bet)
Seat 1: 7e39addf folded on the Turn
Seat 4: 124fbc2f(big blind) folded on the Turn



Poker Hand #ring_941393139: NLH No Limit ($2/$4) - 2025/06/17 18:09:24
Table 'MR NLH 2/4' 7-max Seat #1 is the button
Seat 3: 691b2b4e ($840.95 in chips)
Seat 2: Hero ($130.73 in chips)
Seat 1: 7e39addf ($654.68 in chips)
Hero: posts small blind $2
691b2b4e: posts big blind $4
*** HOLE CARDS ***
Dealt to 691b2b4e 
Dealt to Hero [Jh 4h]
Dealt to 7e39addf 
7e39addf: folds
Hero: calls $2
691b2b4e: raises $8 to $12
Hero: calls $8
*** FLOP *** [3c 2h 4s]
Hero: checks
691b2b4e: checks
*** TURN *** [3c 2h 4s] [As]
Hero: checks
691b2b4e: bets $44.01
Hero: folds
Uncalled bet ($44.01) returned to 691b2b4e
*** SHOWDOWN ***
691b2b4e collected $24 from pot
*** SUMMARY ***
Total pot $24
Board [3c 2h 4s As]
Seat 3: 691b2b4e(big blind)won ($24) with Ace-High
Seat 2: Hero(small blind) folded on the Turn
Seat 1: 7e39addf folded before Flop (didn't bet)



Poker Hand #ring_941392048: NLH No Limit ($2/$4) - 2025/06/17 18:08:41
Table 'MR NLH 2/4' 7-max Seat #4 is the button
Seat 3: 691b2b4e ($800 in chips)
Seat 2: Hero ($174.73 in chips)
Seat 1: 7e39addf ($656.68 in chips)
Seat 4: 124fbc2f ($637.25 in chips)
7e39addf: posts small blind $2
Hero: posts big blind $4
691b2b4e: posts big blind $4
*** HOLE CARDS ***
Dealt to 691b2b4e 
Dealt to Hero [Qs Kh]
Dealt to 7e39addf 
Dealt to 124fbc2f 
691b2b4e: raises $10 to $14
124fbc2f: folds
7e39addf: folds
Hero: calls $10
*** FLOP *** [Jh 6h 2s]
Hero: checks
691b2b4e: bets $30
Hero: calls $30
*** TURN *** [Jh 6h 2s] [2d]
Hero: checks
691b2b4e: bets $90
Hero: folds
Uncalled bet ($90) returned to 691b2b4e
*** SHOWDOWN ***
691b2b4e collected $90 from pot
*** SUMMARY ***
Total pot $90
Board [Jh 6h 2s 2d]
Seat 3: 691b2b4ewon ($90) with Pair of Twos
Seat 2: Hero(big blind) folded on the Turn
Seat 1: 7e39addf(small blind) folded before Flop
Seat 4: 124fbc2f folded before Flop (didn't bet)



Poker Hand #ring_941391077: NLH No Limit ($2/$4) - 2025/06/17 18:08:02
Table 'MR NLH 2/4' 7-max Seat #2 is the button
Seat 2: Hero ($174.73 in chips)
Seat 1: 7e39addf ($660.68 in chips)
Seat 4: 124fbc2f ($633.61 in chips)
124fbc2f: posts small blind $2
7e39addf: posts big blind $4
*** HOLE CARDS ***
Dealt to Hero [6c Jh]
Dealt to 7e39addf 
Dealt to 124fbc2f 
Hero: folds
124fbc2f: calls $2
7e39addf: checks
*** FLOP *** [5d 5h Ah]
124fbc2f: checks
7e39addf: checks
*** TURN *** [5d 5h Ah] [9s]
124fbc2f: checks
7e39addf: checks
*** RIVER *** [5d 5h Ah 9s] [7s]
124fbc2f: bets $8
7e39addf: folds
Uncalled bet ($8) returned to 124fbc2f
*** SHOWDOWN ***
124fbc2f collected $8 from pot
*** SUMMARY ***
Total pot $8
Board [5d 5h Ah 9s 7s]
Seat 2: Hero folded before Flop (didn't bet)
Seat 1: 7e39addf(big blind) folded on the River
Seat 4: 124fbc2f(small blind)won ($8) with Pair of Nines and Pair of Fives



Poker Hand #ring_941390359: NLH No Limit ($2/$4) - 2025/06/17 18:07:34
Table 'MR NLH 2/4' 7-max Seat #1 is the button
Seat 2: Hero ($204.73 in chips)
Seat 1: 7e39addf ($660.68 in chips)
Seat 4: 124fbc2f ($606.31 in chips)
Hero: posts small blind $2
124fbc2f: posts big blind $4
*** HOLE CARDS ***
Dealt to Hero [5c 6c]
Dealt to 7e39addf 
Dealt to 124fbc2f 
7e39addf: folds
Hero: calls $2
124fbc2f: raises $8 to $12
Hero: calls $8
*** FLOP *** [6h Ks Qh]
Hero: checks
124fbc2f: bets $18
Hero: calls $18
*** TURN *** [6h Ks Qh] [Js]
Hero: checks
124fbc2f: bets $45
Hero: folds
Uncalled bet ($45) returned to 124fbc2f
124fbc2f: shows [7h Jh]
*** SHOWDOWN ***
124fbc2f collected $60 from pot
*** SUMMARY ***
Total pot $60
Board [6h Ks Qh Js]
Seat 2: Hero(small blind) folded on the Turn
Seat 1: 7e39addf folded before Flop (didn't bet)
Seat 4: 124fbc2f(big blind) showed [7h Jh] and won ($60) with Pair of Jacks



Poker Hand #ring_941389962: NLH No Limit ($2/$4) - 2025/06/17 18:07:19
Table 'MR NLH 2/4' 7-max Seat #4 is the button
Seat 2: Hero ($208.73 in chips)
Seat 1: 7e39addf ($662.68 in chips)
Seat 4: 124fbc2f ($600.31 in chips)
7e39addf: posts small blind $2
Hero: posts big blind $4
*** HOLE CARDS ***
Dealt to Hero [2d 9d]
Dealt to 7e39addf 
Dealt to 124fbc2f 
124fbc2f: raises $12 to $16
7e39addf: folds
Hero: folds
Uncalled bet ($12) returned to 124fbc2f
Hero: shows [9d]
124fbc2f: shows [7h]
*** SHOWDOWN ***
124fbc2f collected $10 from pot
*** SUMMARY ***
Total pot $10
Seat 2: Hero(big blind) folded before Flop
Seat 1: 7e39addf(small blind) folded before Flop
Seat 4: 124fbc2f showed [7h] and won ($10)



Poker Hand #ring_941389701: NLH No Limit ($2/$4) - 2025/06/17 18:07:08
Table 'MR NLH 2/4' 7-max Seat #2 is the button
Seat 2: Hero ($208.73 in chips)
Seat 1: 7e39addf ($660.68 in chips)
Seat 4: 124fbc2f ($602.31 in chips)
124fbc2f: posts small blind $2
7e39addf: posts big blind $4
*** HOLE CARDS ***
Dealt to Hero [3s 7h]
Dealt to 7e39addf 
Dealt to 124fbc2f 
Hero: folds
124fbc2f: folds
*** SHOWDOWN ***
7e39addf collected $6 from pot
*** SUMMARY ***
Total pot $6
Seat 2: Hero folded before Flop (didn't bet)
Seat 1: 7e39addf(big blind)won ($6)
Seat 4: 124fbc2f(small blind) folded before Flop



Poker Hand #ring_941389398: NLH No Limit ($2/$4) - 2025/06/17 18:06:56
Table 'MR NLH 2/4' 7-max Seat #1 is the button
Seat 2: Hero ($210.73 in chips)
Seat 1: 7e39addf ($660.68 in chips)
Seat 4: 124fbc2f ($600.31 in chips)
Hero: posts small blind $2
124fbc2f: posts big blind $4
*** HOLE CARDS ***
Dealt to Hero [9s 3h]
Dealt to 7e39addf 
Dealt to 124fbc2f 
7e39addf: folds
Hero: folds
*** SHOWDOWN ***
124fbc2f collected $6 from pot
*** SUMMARY ***
Total pot $6
Seat 2: Hero(small blind) folded before Flop
Seat 1: 7e39addf folded before Flop (didn't bet)
Seat 4: 124fbc2f(big blind)won ($6)



Poker Hand #ring_941388430: NLH No Limit ($2/$4) - 2025/06/17 18:06:19
Table 'MR NLH 2/4' 7-max Seat #0 is the button
Seat 2: Hero ($202.73 in chips)
Seat 1: 7e39addf ($664.68 in chips)
Seat 4: 124fbc2f ($604.31 in chips)
7e39addf: posts small blind $2
Hero: posts big blind $4
124fbc2f: posts big blind $4
*** HOLE CARDS ***
Dealt to Hero [8c 8h]
Dealt to 7e39addf 
Dealt to 124fbc2f 
124fbc2f: checks
7e39addf: calls $2
Hero: raises $16 to $20
124fbc2f: folds
7e39addf: folds
Uncalled bet ($16) returned to Hero
*** SHOWDOWN ***
Hero collected $12 from pot
*** SUMMARY ***
Total pot $12
Seat 2: Hero(big blind)won ($12)
Seat 1: 7e39addf(small blind) folded before Flop
Seat 4: 124fbc2f folded before Flop



Poker Hand #ring_941387799: NLH No Limit ($2/$4) - 2025/06/17 18:05:54
Table 'MR NLH 2/4' 7-max Seat #2 is the button
Seat 2: Hero ($202.73 in chips)
Seat 1: 7e39addf ($662.68 in chips)
Seat 6: 37ccf2b9 ($710.78 in chips)
37ccf2b9: posts small blind $2
7e39addf: posts big blind $4
*** HOLE CARDS ***
Dealt to Hero [2s Kd]
Dealt to 7e39addf 
Dealt to 37ccf2b9 
Hero: folds
37ccf2b9: folds
*** SHOWDOWN ***
7e39addf collected $6 from pot
*** SUMMARY ***
Total pot $6
Seat 2: Hero folded before Flop (didn't bet)
Seat 1: 7e39addf(big blind)won ($6)
Seat 6: 37ccf2b9(small blind) folded before Flop



Poker Hand #ring_941386294: NLH No Limit ($2/$4) - 2025/06/17 18:04:52
Table 'MR NLH 2/4' 7-max Seat #1 is the button
Seat 2: Hero ($214.73 in chips)
Seat 1: 7e39addf ($340.95 in chips)
Seat 6: 37ccf2b9 ($1,051.73 in chips)
Hero: posts small blind $2
37ccf2b9: posts big blind $4
*** HOLE CARDS ***
Dealt to Hero [Kd 9d]
Dealt to 7e39addf 
Dealt to 37ccf2b9 
7e39addf: raises $8 to $12
Hero: calls $10
37ccf2b9: raises $38 to $50
7e39addf: raises $112 to $162
Hero: folds
37ccf2b9: raises $889.73 to $1,051.73 and is all-in
7e39addf: calls $178.95 and is all-in
Uncalled bet ($710.78) returned to 37ccf2b9
7e39addf: shows [Ah Ac]
37ccf2b9: shows [Qd Ad]
*** FLOP *** [5s 8c Jc]
*** TURN *** [5s 8c Jc] [Tc]
*** RIVER *** [5s 8c Jc Tc] [6c]
*** SHOWDOWN ***
7e39addf collected $693.9 from pot
*** SUMMARY ***
Total pot $693.9
Board [5s 8c Jc Tc 6c]
Seat 2: Hero(small blind) folded before Flop
Seat 1: 7e39addf showed [Ah Ac] and won ($693.9) with Ace High Flush
Seat 6: 37ccf2b9(big blind) showed [Qd Ad] and lost with Ace-High



Poker Hand #ring_941385798: NLH No Limit ($2/$4) - 2025/06/17 18:04:33
Table 'MR NLH 2/4' 7-max Seat #6 is the button
Seat 2: Hero ($211.09 in chips)
Seat 1: 7e39addf ($344.95 in chips)
Seat 6: 37ccf2b9 ($1,051.73 in chips)
7e39addf: posts small blind $2
Hero: posts big blind $4
*** HOLE CARDS ***
Dealt to Hero [2h 7d]
Dealt to 7e39addf 
Dealt to 37ccf2b9 
37ccf2b9: folds
7e39addf: calls $2
Hero: checks
*** FLOP *** [Tc Td 3s]
7e39addf: checks
Hero: bets $4
7e39addf: folds
Uncalled bet ($4) returned to Hero
Hero: shows [2h 7d]
*** SHOWDOWN ***
Hero collected $8 from pot
*** SUMMARY ***
Total pot $8
Board [Tc Td 3s]
Seat 2: Hero(big blind) showed [2h 7d] and won ($8) with Pair of Tens
Seat 1: 7e39addf(small blind) folded on the Flop
Seat 6: 37ccf2b9 folded before Flop (didn't bet)



Poker Hand #ring_941385011: NLH No Limit ($2/$4) - 2025/06/17 18:04:02
Table 'MR NLH 2/4' 7-max Seat #2 is the button
Seat 2: Hero ($223.09 in chips)
Seat 1: 7e39addf ($348.95 in chips)
Seat 6: 37ccf2b9 ($1,036.99 in chips)
37ccf2b9: posts small blind $2
7e39addf: posts big blind $4
*** HOLE CARDS ***
Dealt to Hero [Th Kc]
Dealt to 7e39addf 
Dealt to 37ccf2b9 
Hero: raises $8 to $12
37ccf2b9: calls $10
7e39addf: folds
*** FLOP *** [5h 4s 7d]
37ccf2b9: checks
Hero: checks
*** TURN *** [5h 4s 7d] [8c]
37ccf2b9: bets $19.6
Hero: folds
Uncalled bet ($19.6) returned to 37ccf2b9
*** SHOWDOWN ***
37ccf2b9 collected $28 from pot
*** SUMMARY ***
Total pot $28
Board [5h 4s 7d 8c]
Seat 2: Hero folded on the Turn
Seat 1: 7e39addf(big blind) folded before Flop
Seat 6: 37ccf2b9(small blind)won ($28) with Ten-High



Poker Hand #ring_941384380: NLH No Limit ($2/$4) - 2025/06/17 18:03:36
Table 'MR NLH 2/4' 7-max Seat #1 is the button
Seat 2: Hero ($209.09 in chips)
Seat 1: 7e39addf ($358.95 in chips)
Seat 6: 37ccf2b9 ($1,040.99 in chips)
Hero: posts small blind $2
37ccf2b9: posts big blind $4
*** HOLE CARDS ***
Dealt to Hero [Kd Ad]
Dealt to 7e39addf 
Dealt to 37ccf2b9 
7e39addf: raises $6 to $10
Hero: raises $27.6 to $37.6
37ccf2b9: folds
7e39addf: folds
Uncalled bet ($27.6) returned to Hero
*** SHOWDOWN ***
Hero collected $24 from pot
*** SUMMARY ***
Total pot $24
Seat 2: Hero(small blind)won ($24)
Seat 1: 7e39addf folded before Flop
Seat 6: 37ccf2b9(big blind) folded before Flop



Poker Hand #ring_941383960: NLH No Limit ($2/$4) - 2025/06/17 18:03:20
Table 'MR NLH 2/4' 7-max Seat #6 is the button
Seat 2: Hero ($213.09 in chips)
Seat 1: 7e39addf ($360.95 in chips)
Seat 6: 37ccf2b9 ($1,034.99 in chips)
7e39addf: posts small blind $2
Hero: posts big blind $4
*** HOLE CARDS ***
Dealt to Hero [Qh 8s]
Dealt to 7e39addf 
Dealt to 37ccf2b9 
37ccf2b9: raises $12 to $16
7e39addf: folds
Hero: folds
Uncalled bet ($12) returned to 37ccf2b9
*** SHOWDOWN ***
37ccf2b9 collected $10 from pot
*** SUMMARY ***
Total pot $10
Seat 2: Hero(big blind) folded before Flop
Seat 1: 7e39addf(small blind) folded before Flop
Seat 6: 37ccf2b9won ($10)



Poker Hand #ring_941383446: NLH No Limit ($2/$4) - 2025/06/17 18:02:59
Table 'MR NLH 2/4' 7-max Seat #2 is the button
Seat 2: Hero ($213.09 in chips)
Seat 1: 7e39addf ($358.95 in chips)
Seat 6: 37ccf2b9 ($1,036.99 in chips)
37ccf2b9: posts small blind $2
7e39addf: posts big blind $4
*** HOLE CARDS ***
Dealt to Hero [Qh 9s]
Dealt to 7e39addf 
Dealt to 37ccf2b9 
Hero: folds
37ccf2b9: folds
*** SHOWDOWN ***
7e39addf collected $6 from pot
*** SUMMARY ***
Total pot $6
Seat 2: Hero folded before Flop (didn't bet)
Seat 1: 7e39addf(big blind)won ($6)
Seat 6: 37ccf2b9(small blind) folded before Flop



Poker Hand #ring_941382247: NLH No Limit ($2/$4) - 2025/06/17 18:02:10
Table 'MR NLH 2/4' 7-max Seat #1 is the button
Seat 2: Hero ($202.17 in chips)
Seat 1: 7e39addf ($358.95 in chips)
Seat 6: 37ccf2b9 ($1,048.99 in chips)
Hero: posts small blind $2
37ccf2b9: posts big blind $4
*** HOLE CARDS ***
Dealt to Hero [Qh Kd]
Dealt to 7e39addf 
Dealt to 37ccf2b9 
7e39addf: folds
Hero: raises $8 to $12
37ccf2b9: calls $8
*** FLOP *** [Ks 8h Ac]
Hero: checks
37ccf2b9: checks
*** TURN *** [Ks 8h Ac] [9d]
Hero: checks
37ccf2b9: checks
*** RIVER *** [Ks 8h Ac 9d] [Td]
Hero: bets $12
37ccf2b9: folds
Uncalled bet ($12) returned to Hero
*** SHOWDOWN ***
Hero collected $24 from pot
*** SUMMARY ***
Total pot $24
Board [Ks 8h Ac 9d Td]
Seat 2: Hero(small blind)won ($24) with Pair of Kings
Seat 1: 7e39addf folded before Flop (didn't bet)
Seat 6: 37ccf2b9(big blind) folded on the River



Poker Hand #ring_941381075: NLH No Limit ($2/$4) - 2025/06/17 18:01:23
Table 'MR NLH 2/4' 7-max Seat #6 is the button
Seat 2: Hero ($233.37 in chips)
Seat 1: 7e39addf ($330.55 in chips)
Seat 6: 37ccf2b9 ($1,048.99 in chips)
7e39addf: posts small blind $2
Hero: posts big blind $4
*** HOLE CARDS ***
Dealt to Hero [Qd 3d]
Dealt to 7e39addf 
Dealt to 37ccf2b9 
37ccf2b9: folds
7e39addf: calls $2
Hero: checks
*** FLOP *** [7c 9s 9d]
7e39addf: checks
Hero: checks
*** TURN *** [7c 9s 9d] [5d]
7e39addf: bets $6.4
Hero: calls $6.4
*** RIVER *** [7c 9s 9d 5d] [Qs]
7e39addf: bets $20.8
Hero: calls $20.8
7e39addf: shows [9c Kd]
Hero: shows [Qd 3d]
*** SHOWDOWN ***
7e39addf collected $62.4 from pot
*** SUMMARY ***
Total pot $62.4
Board [7c 9s 9d 5d Qs]
Seat 2: Hero(big blind) showed [Qd 3d] and lost with Pair of Queens and Pair of Nines
Seat 1: 7e39addf(small blind) showed [9c Kd] and won ($62.4) with Three Nines
Seat 6: 37ccf2b9 folded before Flop (didn't bet)



Poker Hand #ring_941380750: NLH No Limit ($2/$4) - 2025/06/17 18:01:09
Table 'MR NLH 2/4' 7-max Seat #2 is the button
Seat 2: Hero ($233.37 in chips)
Seat 1: 7e39addf ($328.55 in chips)
Seat 6: 37ccf2b9 ($1,050.99 in chips)
37ccf2b9: posts small blind $2
7e39addf: posts big blind $4
*** HOLE CARDS ***
Dealt to Hero [7c Th]
Dealt to 7e39addf 
Dealt to 37ccf2b9 
Hero: folds
37ccf2b9: folds
*** SHOWDOWN ***
7e39addf collected $6 from pot
*** SUMMARY ***
Total pot $6
Seat 2: Hero folded before Flop (didn't bet)
Seat 1: 7e39addf(big blind)won ($6)
Seat 6: 37ccf2b9(small blind) folded before Flop



Poker Hand #ring_941380366: NLH No Limit ($2/$4) - 2025/06/17 18:00:53
Table 'MR NLH 2/4' 7-max Seat #1 is the button
Seat 2: Hero ($235.37 in chips)
Seat 1: 7e39addf ($328.55 in chips)
Seat 6: 37ccf2b9 ($1,048.99 in chips)
Hero: posts small blind $2
37ccf2b9: posts big blind $4
*** HOLE CARDS ***
Dealt to Hero [9h 5c]
Dealt to 7e39addf 
Dealt to 37ccf2b9 
7e39addf: folds
Hero: folds
*** SHOWDOWN ***
37ccf2b9 collected $6 from pot
*** SUMMARY ***
Total pot $6
Seat 2: Hero(small blind) folded before Flop
Seat 1: 7e39addf folded before Flop (didn't bet)
Seat 6: 37ccf2b9(big blind)won ($6)



Poker Hand #ring_941380027: NLH No Limit ($2/$4) - 2025/06/17 18:00:39
Table 'MR NLH 2/4' 7-max Seat #6 is the button
Seat 2: Hero ($233.37 in chips)
Seat 1: 7e39addf ($330.55 in chips)
Seat 6: 37ccf2b9 ($1,048.99 in chips)
7e39addf: posts small blind $2
Hero: posts big blind $4
*** HOLE CARDS ***
Dealt to Hero [Ks Qd]
Dealt to 7e39addf 
Dealt to 37ccf2b9 
37ccf2b9: folds
7e39addf: folds
Hero: shows [Ks Qd]
*** SHOWDOWN ***
Hero collected $6 from pot
*** SUMMARY ***
Total pot $6
Seat 2: Hero(big blind) showed [Ks Qd] and won ($6)
Seat 1: 7e39addf(small blind) folded before Flop
Seat 6: 37ccf2b9 folded before Flop (didn't bet)



Poker Hand #ring_941379312: NLH No Limit ($2/$4) - 2025/06/17 18:00:10
Table 'MR NLH 2/4' 7-max Seat #2 is the button
Seat 2: Hero ($245.37 in chips)
Seat 1: 7e39addf ($317.72 in chips)
Seat 6: 37ccf2b9 ($1,050.99 in chips)
37ccf2b9: posts small blind $2
7e39addf: posts big blind $4
*** HOLE CARDS ***
Dealt to Hero [Jh Ac]
Dealt to 7e39addf 
Dealt to 37ccf2b9 
Hero: raises $8 to $12
37ccf2b9: folds
7e39addf: calls $8
*** FLOP *** [6d 5s Td]
7e39addf: checks
Hero: checks
*** TURN *** [6d 5s Td] [2d]
7e39addf: bets $20.8
Hero: folds
Uncalled bet ($20.8) returned to 7e39addf
*** SHOWDOWN ***
7e39addf collected $26 from pot
*** SUMMARY ***
Total pot $26
Board [6d 5s Td 2d]
Seat 2: Hero folded on the Turn
Seat 1: 7e39addf(big blind)won ($26) with Jack High Flush
Seat 6: 37ccf2b9(small blind) folded before Flop



Poker Hand #ring_941378830: NLH No Limit ($2/$4) - 2025/06/17 17:59:52
Table 'MR NLH 2/4' 7-max Seat #1 is the button
Seat 2: Hero ($247.37 in chips)
Seat 1: 7e39addf ($311.72 in chips)
Seat 6: 37ccf2b9 ($1,054.99 in chips)
Hero: posts small blind $2
37ccf2b9: posts big blind $4
*** HOLE CARDS ***
Dealt to Hero [9d 4s]
Dealt to 7e39addf 
Dealt to 37ccf2b9 
7e39addf: raises $8 to $12
Hero: folds
37ccf2b9: folds
Uncalled bet ($8) returned to 7e39addf
*** SHOWDOWN ***
7e39addf collected $10 from pot
*** SUMMARY ***
Total pot $10
Seat 2: Hero(small blind) folded before Flop
Seat 1: 7e39addfwon ($10)
Seat 6: 37ccf2b9(big blind) folded before Flop



Poker Hand #ring_941378117: NLH No Limit ($2/$4) - 2025/06/17 17:59:22
Table 'MR NLH 2/4' 7-max Seat #6 is the button
Seat 2: Hero ($229.37 in chips)
Seat 1: 7e39addf ($313.72 in chips)
Seat 6: 37ccf2b9 ($1,070.99 in chips)
7e39addf: posts small blind $2
Hero: posts big blind $4
*** HOLE CARDS ***
Dealt to Hero [9c 9h]
Dealt to 7e39addf 
Dealt to 37ccf2b9 
37ccf2b9: raises $12 to $16
7e39addf: folds
Hero: raises $32 to $48
37ccf2b9: folds
Uncalled bet ($32) returned to Hero
*** SHOWDOWN ***
Hero collected $34 from pot
*** SUMMARY ***
Total pot $34
Seat 2: Hero(big blind)won ($34)
Seat 1: 7e39addf(small blind) folded before Flop
Seat 6: 37ccf2b9 folded before Flop



Poker Hand #ring_941376996: NLH No Limit ($2/$4) - 2025/06/17 17:58:37
Table 'MR NLH 2/4' 7-max Seat #2 is the button
Seat 2: Hero ($204.71 in chips)
Seat 1: 7e39addf ($338.72 in chips)
Seat 6: 37ccf2b9 ($1,072.99 in chips)
37ccf2b9: posts small blind $2
7e39addf: posts big blind $4
*** HOLE CARDS ***
Dealt to Hero [Tc Ad]
Dealt to 7e39addf 
Dealt to 37ccf2b9 
Hero: raises $8 to $12
37ccf2b9: folds
7e39addf: calls $8
*** FLOP *** [Qd Qs Jd]
7e39addf: checks
Hero: bets $13
7e39addf: calls $13
*** TURN *** [Qd Qs Jd] [6s]
7e39addf: checks
Hero: bets $41.6
7e39addf: folds
Uncalled bet ($41.6) returned to Hero
*** SHOWDOWN ***
Hero collected $52 from pot
*** SUMMARY ***
Total pot $52
Board [Qd Qs Jd 6s]
Seat 2: Herowon ($52) with Pair of Queens
Seat 1: 7e39addf(big blind) folded on the Turn
Seat 6: 37ccf2b9(small blind) folded before Flop



Poker Hand #ring_941376563: NLH No Limit ($2/$4) - 2025/06/17 17:58:19
Table 'MR NLH 2/4' 7-max Seat #1 is the button
Seat 2: Hero ($206.71 in chips)
Seat 1: 7e39addf ($332.72 in chips)
Seat 6: 37ccf2b9 ($1,076.99 in chips)
Hero: posts small blind $2
37ccf2b9: posts big blind $4
*** HOLE CARDS ***
Dealt to Hero [7s Ac]
Dealt to 7e39addf 
Dealt to 37ccf2b9 
7e39addf: raises $6 to $10
Hero: folds
37ccf2b9: folds
Uncalled bet ($6) returned to 7e39addf
*** SHOWDOWN ***
7e39addf collected $10 from pot
*** SUMMARY ***
Total pot $10
Seat 2: Hero(small blind) folded before Flop
Seat 1: 7e39addfwon ($10)
Seat 6: 37ccf2b9(big blind) folded before Flop



Poker Hand #ring_941376163: NLH No Limit ($2/$4) - 2025/06/17 17:58:02
Table 'MR NLH 2/4' 7-max Seat #6 is the button
Seat 2: Hero ($210.71 in chips)
Seat 1: 7e39addf ($334.72 in chips)
Seat 6: 37ccf2b9 ($1,070.99 in chips)
7e39addf: posts small blind $2
Hero: posts big blind $4
*** HOLE CARDS ***
Dealt to Hero [4h 7d]
Dealt to 7e39addf 
Dealt to 37ccf2b9 
37ccf2b9: raises $12 to $16
7e39addf: folds
Hero: folds
Uncalled bet ($12) returned to 37ccf2b9
*** SHOWDOWN ***
37ccf2b9 collected $10 from pot
*** SUMMARY ***
Total pot $10
Seat 2: Hero(big blind) folded before Flop
Seat 1: 7e39addf(small blind) folded before Flop
Seat 6: 37ccf2b9won ($10)



Poker Hand #ring_941375021: NLH No Limit ($2/$4) - 2025/06/17 17:57:17
Table 'MR NLH 2/4' 7-max Seat #2 is the button
Seat 2: Hero ($222.71 in chips)
Seat 1: 7e39addf ($346.72 in chips)
Seat 6: 37ccf2b9 ($1,048.61 in chips)
37ccf2b9: posts small blind $2
7e39addf: posts big blind $4
*** HOLE CARDS ***
Dealt to Hero [2s As]
Dealt to 7e39addf 
Dealt to 37ccf2b9 
Hero: raises $8 to $12
37ccf2b9: calls $10
7e39addf: calls $8
*** FLOP *** [Qh 8d Jd]
37ccf2b9: checks
7e39addf: checks
Hero: checks
*** TURN *** [Qh 8d Jd] [Jc]
37ccf2b9: checks
7e39addf: checks
Hero: checks
*** RIVER *** [Qh 8d Jd Jc] [3s]
37ccf2b9: checks
7e39addf: checks
Hero: checks
7e39addf: shows [4s Ts]
Hero: shows [2s As]
37ccf2b9: shows [9c 3c]
*** SHOWDOWN ***
37ccf2b9 collected $36 from pot
*** SUMMARY ***
Total pot $36
Board [Qh 8d Jd Jc 3s]
Seat 2: Hero showed [2s As] and lost with Pair of Jacks
Seat 1: 7e39addf(big blind) showed [4s Ts] and lost with Pair of Jacks
Seat 6: 37ccf2b9(small blind) showed [9c 3c] and won ($36) with Pair of Jacks and Pair of Treys



Poker Hand #ring_941374511: NLH No Limit ($2/$4) - 2025/06/17 17:56:57
Table 'MR NLH 2/4' 7-max Seat #1 is the button
Seat 7: edbb0055 ($1,263.64 in chips)
Seat 2: Hero ($224.71 in chips)
Seat 1: 7e39addf ($346.72 in chips)
Seat 6: 37ccf2b9 ($1,046.61 in chips)
Hero: posts small blind $2
37ccf2b9: posts big blind $4
*** HOLE CARDS ***
Dealt to edbb0055 
Dealt to Hero [4c 2d]
Dealt to 7e39addf 
Dealt to 37ccf2b9 
edbb0055: folds
7e39addf: folds
Hero: folds
*** SHOWDOWN ***
37ccf2b9 collected $6 from pot
*** SUMMARY ***
Total pot $6
Seat 7: edbb0055 folded before Flop (didn't bet)
Seat 2: Hero(small blind) folded before Flop
Seat 1: 7e39addf folded before Flop (didn't bet)
Seat 6: 37ccf2b9(big blind)won ($6)



Poker Hand #ring_941373653: NLH No Limit ($2/$4) - 2025/06/17 17:56:22
Table 'MR NLH 2/4' 7-max Seat #7 is the button
Seat 7: edbb0055 ($1,307.64 in chips)
Seat 2: Hero ($228.71 in chips)
Seat 1: 7e39addf ($348.72 in chips)
Seat 6: 37ccf2b9 ($996.61 in chips)
7e39addf: posts small blind $2
Hero: posts big blind $4
*** HOLE CARDS ***
Dealt to edbb0055 
Dealt to Hero [8h 5c]
Dealt to 7e39addf 
Dealt to 37ccf2b9 
37ccf2b9: raises $12 to $16
edbb0055: raises $28 to $44
7e39addf: folds
Hero: folds
37ccf2b9: raises $84.6 to $128.6
edbb0055: folds
Uncalled bet ($84.6) returned to 37ccf2b9
*** SHOWDOWN ***
37ccf2b9 collected $94 from pot
*** SUMMARY ***
Total pot $94
Seat 7: edbb0055 folded before Flop
Seat 2: Hero(big blind) folded before Flop
Seat 1: 7e39addf(small blind) folded before Flop
Seat 6: 37ccf2b9won ($94)



Poker Hand #ring_941373302: NLH No Limit ($2/$4) - 2025/06/17 17:56:07
Table 'MR NLH 2/4' 7-max Seat #6 is the button
Seat 7: edbb0055 ($1,309.64 in chips)
Seat 2: Hero ($228.71 in chips)
Seat 1: 7e39addf ($352.72 in chips)
Seat 6: 37ccf2b9 ($990.61 in chips)
edbb0055: posts small blind $2
7e39addf: posts big blind $4
*** HOLE CARDS ***
Dealt to edbb0055 
Dealt to Hero [Jc 5d]
Dealt to 7e39addf 
Dealt to 37ccf2b9 
Hero: folds
37ccf2b9: raises $12 to $16
edbb0055: folds
7e39addf: folds
Uncalled bet ($12) returned to 37ccf2b9
*** SHOWDOWN ***
37ccf2b9 collected $10 from pot
*** SUMMARY ***
Total pot $10
Seat 7: edbb0055(small blind) folded before Flop
Seat 2: Hero folded before Flop (didn't bet)
Seat 1: 7e39addf(big blind) folded before Flop
Seat 6: 37ccf2b9won ($10)



Poker Hand #ring_941372127: NLH No Limit ($2/$4) - 2025/06/17 17:55:19
Table 'MR NLH 2/4' 7-max Seat #2 is the button
Seat 7: edbb0055 ($1,291.64 in chips)
Seat 2: Hero ($240.71 in chips)
Seat 1: 7e39addf ($356.72 in chips)
Seat 6: 37ccf2b9 ($992.61 in chips)
37ccf2b9: posts small blind $2
edbb0055: posts big blind $4
7e39addf: posts big blind $4
*** HOLE CARDS ***
Dealt to edbb0055 
Dealt to Hero [4s Ks]
Dealt to 7e39addf 
Dealt to 37ccf2b9 
7e39addf: checks
Hero: raises $8 to $12
37ccf2b9: folds
edbb0055: raises $24 to $36
7e39addf: folds
Hero: folds
Uncalled bet ($24) returned to edbb0055
*** SHOWDOWN ***
edbb0055 collected $30 from pot
*** SUMMARY ***
Total pot $30
Seat 7: edbb0055(big blind)won ($30)
Seat 2: Hero folded before Flop
Seat 1: 7e39addf folded before Flop
Seat 6: 37ccf2b9(small blind) folded before Flop



Poker Hand #ring_941370826: NLH No Limit ($2/$4) - 2025/06/17 17:54:26
Table 'MR NLH 2/4' 7-max Seat #7 is the button
Seat 7: edbb0055 ($1,291.64 in chips)
Seat 2: Hero ($218.87 in chips)
Seat 6: 37ccf2b9 ($1,016.61 in chips)
Hero: posts small blind $2
37ccf2b9: posts big blind $4
*** HOLE CARDS ***
Dealt to edbb0055 
Dealt to Hero [7s 8s]
Dealt to 37ccf2b9 
edbb0055: folds
Hero: raises $8 to $12
37ccf2b9: calls $8
*** FLOP *** [3c 4h 8h]
Hero: checks
37ccf2b9: checks
*** TURN *** [3c 4h 8h] [Qs]
Hero: bets $12
37ccf2b9: calls $12
*** RIVER *** [3c 4h 8h Qs] [9d]
Hero: checks
37ccf2b9: checks
Hero: shows [7s 8s]
37ccf2b9: shows [5c Ac]
*** SHOWDOWN ***
Hero collected $48 from pot
*** SUMMARY ***
Total pot $48
Board [3c 4h 8h Qs 9d]
Seat 7: edbb0055 folded before Flop (didn't bet)
Seat 2: Hero(small blind) showed [7s 8s] and won ($48) with Pair of Eights
Seat 6: 37ccf2b9(big blind) showed [5c Ac] and lost with Ace-High



Poker Hand #ring_941370526: NLH No Limit ($2/$4) - 2025/06/17 17:54:14
Table 'MR NLH 2/4' 7-max Seat #6 is the button
Seat 7: edbb0055 ($1,293.64 in chips)
Seat 2: Hero ($216.87 in chips)
Seat 6: 37ccf2b9 ($1,016.61 in chips)
edbb0055: posts small blind $2
Hero: posts big blind $4
*** HOLE CARDS ***
Dealt to edbb0055 
Dealt to Hero [Ks 4c]
Dealt to 37ccf2b9 
37ccf2b9: folds
edbb0055: folds
*** SHOWDOWN ***
Hero collected $6 from pot
*** SUMMARY ***
Total pot $6
Seat 7: edbb0055(small blind) folded before Flop
Seat 2: Hero(big blind)won ($6)
Seat 6: 37ccf2b9 folded before Flop (didn't bet)



Poker Hand #ring_941369163: NLH No Limit ($2/$4) - 2025/06/17 17:53:19
Table 'MR NLH 2/4' 7-max Seat #2 is the button
Seat 7: edbb0055 ($1,268.59 in chips)
Seat 2: Hero ($216.87 in chips)
Seat 6: 37ccf2b9 ($1,044.13 in chips)
37ccf2b9: posts small blind $2
edbb0055: posts big blind $4
*** HOLE CARDS ***
Dealt to edbb0055 
Dealt to Hero [4c 6s]
Dealt to 37ccf2b9 
Hero: folds
37ccf2b9: raises $12 to $16
edbb0055: calls $12
*** FLOP *** [Jd 9c 3c]
37ccf2b9: bets $11.52
edbb0055: calls $11.52
*** TURN *** [Jd 9c 3c] [6c]
37ccf2b9: checks
edbb0055: bets $36.33
37ccf2b9: folds
Uncalled bet ($36.33) returned to edbb0055
*** SHOWDOWN ***
edbb0055 collected $55.04 from pot
*** SUMMARY ***
Total pot $55.04
Board [Jd 9c 3c 6c]
Seat 7: edbb0055(big blind)won ($55.04) with Pair of Jacks
Seat 2: Hero folded before Flop (didn't bet)
Seat 6: 37ccf2b9(small blind) folded on the Turn



Poker Hand #ring_941368740: NLH No Limit ($2/$4) - 2025/06/17 17:53:02
Table 'MR NLH 2/4' 7-max Seat #7 is the button
Seat 7: edbb0055 ($1,268.59 in chips)
Seat 2: Hero ($218.87 in chips)
Seat 6: 37ccf2b9 ($1,042.13 in chips)
Hero: posts small blind $2
37ccf2b9: posts big blind $4
*** HOLE CARDS ***
Dealt to edbb0055 
Dealt to Hero [3c Qh]
Dealt to 37ccf2b9 
edbb0055: folds
Hero: folds
*** SHOWDOWN ***
37ccf2b9 collected $6 from pot
*** SUMMARY ***
Total pot $6
Seat 7: edbb0055 folded before Flop (didn't bet)
Seat 2: Hero(small blind) folded before Flop
Seat 6: 37ccf2b9(big blind)won ($6)



Poker Hand #ring_941366934: NLH No Limit ($2/$4) - 2025/06/17 17:51:48
Table 'MR NLH 2/4' 7-max Seat #6 is the button
Seat 7: edbb0055 ($1,270.59 in chips)
Seat 2: Hero ($295.39 in chips)
Seat 6: 37ccf2b9 ($970.58 in chips)
edbb0055: posts small blind $2
Hero: posts big blind $4
*** HOLE CARDS ***
Dealt to edbb0055 
Dealt to Hero [Ad Jh]
Dealt to 37ccf2b9 
37ccf2b9: raises $12 to $16
edbb0055: folds
Hero: calls $12
*** FLOP *** [4h 4s Kh]
Hero: checks
37ccf2b9: bets $15.3
Hero: calls $15.3
*** TURN *** [4h 4s Kh] [6d]
Hero: checks
37ccf2b9: checks
*** RIVER *** [4h 4s Kh 6d] [5d]
Hero: checks
37ccf2b9: bets $45.22
Hero: calls $45.22
Hero: shows [Ad Jh]
37ccf2b9: shows [3s Ks]
*** SHOWDOWN ***
37ccf2b9 collected $155.04 from pot
*** SUMMARY ***
Total pot $155.04
Board [4h 4s Kh 6d 5d]
Seat 7: edbb0055(small blind) folded before Flop
Seat 2: Hero(big blind) showed [Ad Jh] and lost with Pair of Fours
Seat 6: 37ccf2b9 showed [3s Ks] and won ($155.04) with Pair of Kings and Pair of Fours



Poker Hand #ring_941366354: NLH No Limit ($2/$4) - 2025/06/17 17:51:23
Table 'MR NLH 2/4' 7-max Seat #2 is the button
Seat 7: edbb0055 ($1,268.59 in chips)
Seat 2: Hero ($295.39 in chips)
Seat 6: 37ccf2b9 ($972.58 in chips)
37ccf2b9: posts small blind $2
edbb0055: posts big blind $4
*** HOLE CARDS ***
Dealt to edbb0055 
Dealt to Hero [2c 5d]
Dealt to 37ccf2b9 
Hero: folds
37ccf2b9: folds
*** SHOWDOWN ***
edbb0055 collected $6 from pot
*** SUMMARY ***
Total pot $6
Seat 7: edbb0055(big blind)won ($6)
Seat 2: Hero folded before Flop (didn't bet)
Seat 6: 37ccf2b9(small blind) folded before Flop



Poker Hand #ring_941365801: NLH No Limit ($2/$4) - 2025/06/17 17:51:00
Table 'MR NLH 2/4' 7-max Seat #7 is the button
Seat 7: edbb0055 ($1,268.59 in chips)
Seat 2: Hero ($291.39 in chips)
Seat 6: 37ccf2b9 ($976.58 in chips)
Hero: posts small blind $2
37ccf2b9: posts big blind $4
*** HOLE CARDS ***
Dealt to edbb0055 
Dealt to Hero [Kd As]
Dealt to 37ccf2b9 
edbb0055: folds
Hero: raises $8 to $12
37ccf2b9: folds
Uncalled bet ($8) returned to Hero
*** SHOWDOWN ***
Hero collected $8 from pot
*** SUMMARY ***
Total pot $8
Seat 7: edbb0055 folded before Flop (didn't bet)
Seat 2: Hero(small blind)won ($8)
Seat 6: 37ccf2b9(big blind) folded before Flop



Poker Hand #ring_941364685: NLH No Limit ($2/$4) - 2025/06/17 17:50:13
Table 'MR NLH 2/4' 7-max Seat #6 is the button
Seat 7: edbb0055 ($1,257.67 in chips)
Seat 2: Hero ($303.39 in chips)
Seat 6: 37ccf2b9 ($976.58 in chips)
edbb0055: posts small blind $2
Hero: posts big blind $4
*** HOLE CARDS ***
Dealt to edbb0055 
Dealt to Hero [9c Qh]
Dealt to 37ccf2b9 
37ccf2b9: folds
edbb0055: raises $8 to $12
Hero: calls $8
*** FLOP *** [2h 7d 6d]
edbb0055: checks
Hero: checks
*** TURN *** [2h 7d 6d] [7c]
edbb0055: bets $19.2
Hero: folds
Uncalled bet ($19.2) returned to edbb0055
*** SHOWDOWN ***
edbb0055 collected $24 from pot
*** SUMMARY ***
Total pot $24
Board [2h 7d 6d 7c]
Seat 7: edbb0055(small blind)won ($24) with Pair of Sevens
Seat 2: Hero(big blind) folded on the Turn
Seat 6: 37ccf2b9 folded before Flop (didn't bet)



Poker Hand #ring_941363841: NLH No Limit ($2/$4) - 2025/06/17 17:49:38
Table 'MR NLH 2/4' 7-max Seat #2 is the button
Seat 7: edbb0055 ($1,273.67 in chips)
Seat 2: Hero ($303.39 in chips)
Seat 6: 37ccf2b9 ($962.02 in chips)
37ccf2b9: posts small blind $2
edbb0055: posts big blind $4
*** HOLE CARDS ***
Dealt to edbb0055 
Dealt to Hero [3h 7c]
Dealt to 37ccf2b9 
Hero: folds
37ccf2b9: raises $12 to $16
edbb0055: calls $12
*** FLOP *** [4d 6h Qh]
37ccf2b9: checks
edbb0055: checks
*** TURN *** [4d 6h Qh] [4h]
37ccf2b9: bets $11.52
edbb0055: folds
Uncalled bet ($11.52) returned to 37ccf2b9
*** SHOWDOWN ***
37ccf2b9 collected $32 from pot
*** SUMMARY ***
Total pot $32
Board [4d 6h Qh 4h]
Seat 7: edbb0055(big blind) folded on the Turn
Seat 2: Hero folded before Flop (didn't bet)
Seat 6: 37ccf2b9(small blind)won ($32) with Pair of Fours



Poker Hand #ring_941362750: NLH No Limit ($2/$4) - 2025/06/17 17:48:52
Table 'MR NLH 2/4' 7-max Seat #0 is the button
Seat 7: edbb0055 ($1,273.67 in chips)
Seat 2: Hero ($294.29 in chips)
Seat 6: 37ccf2b9 ($972.02 in chips)
Hero: posts small blind $2
37ccf2b9: posts big blind $4
*** HOLE CARDS ***
Dealt to edbb0055 
Dealt to Hero [Qs 3s]
Dealt to 37ccf2b9 
edbb0055: folds
Hero: raises $6 to $10
37ccf2b9: calls $6
*** FLOP *** [3c Jh Jc]
Hero: checks
37ccf2b9: checks
*** TURN *** [3c Jh Jc] [Js]
Hero: bets $10
37ccf2b9: folds
Uncalled bet ($10) returned to Hero
*** SHOWDOWN ***
Hero collected $20 from pot
*** SUMMARY ***
Total pot $20
Board [3c Jh Jc Js]
Seat 7: edbb0055 folded before Flop (didn't bet)
Seat 2: Hero(small blind)won ($20) with Jacks Full over Treys
Seat 6: 37ccf2b9(big blind) folded on the Turn



Poker Hand #ring_941362341: NLH No Limit ($2/$4) - 2025/06/17 17:48:35
Table 'MR NLH 2/4' 7-max Seat #7 is the button
Seat 7: edbb0055 ($1,269.67 in chips)
Seat 2: Hero ($298.29 in chips)
Seat 6: 37ccf2b9 ($972.02 in chips)
Hero: posts big blind $4
*** HOLE CARDS ***
Dealt to edbb0055 
Dealt to Hero [3h 7c]
Dealt to 37ccf2b9 
37ccf2b9: folds
edbb0055: raises $6 to $10
Hero: folds
Uncalled bet ($6) returned to edbb0055
*** SHOWDOWN ***
edbb0055 collected $8 from pot
*** SUMMARY ***
Total pot $8
Seat 7: edbb0055won ($8)
Seat 2: Hero(big blind) folded before Flop
Seat 6: 37ccf2b9 folded before Flop (didn't bet)



Poker Hand #ring_941361800: NLH No Limit ($2/$4) - 2025/06/17 17:48:12
Table 'MR NLH 2/4' 7-max Seat #6 is the button
Seat 1: 3d37aca4 ($795 in chips)
Seat 7: edbb0055 ($1,265.67 in chips)
Seat 2: Hero ($298.29 in chips)
Seat 6: 37ccf2b9 ($972.02 in chips)
edbb0055: posts small blind $2
3d37aca4: posts big blind $4
*** HOLE CARDS ***
Dealt to 3d37aca4 
Dealt to edbb0055 
Dealt to Hero [5d Ac]
Dealt to 37ccf2b9 
Hero: folds
37ccf2b9: folds
edbb0055: raises $8 to $12
3d37aca4: folds
Uncalled bet ($8) returned to edbb0055
*** SHOWDOWN ***
edbb0055 collected $8 from pot
*** SUMMARY ***
Total pot $8
Seat 1: 3d37aca4(big blind) folded before Flop
Seat 7: edbb0055(small blind)won ($8)
Seat 2: Hero folded before Flop (didn't bet)
Seat 6: 37ccf2b9 folded before Flop (didn't bet)



Poker Hand #ring_941360548: NLH No Limit ($2/$4) - 2025/06/17 17:47:20
Table 'MR NLH 2/4' 7-max Seat #2 is the button
Seat 1: 3d37aca4 ($822 in chips)
Seat 7: edbb0055 ($1,269.67 in chips)
Seat 2: Hero ($268.99 in chips)
Seat 6: 37ccf2b9 ($974.02 in chips)
37ccf2b9: posts small blind $2
edbb0055: posts big blind $4
*** HOLE CARDS ***
Dealt to 3d37aca4 
Dealt to edbb0055 
Dealt to Hero [6h Qh]
Dealt to 37ccf2b9 
3d37aca4: raises $8 to $12
Hero: calls $12
37ccf2b9: folds
edbb0055: folds
*** FLOP *** [Jd Kc 6c]
3d37aca4: checks
Hero: bets $15
3d37aca4: calls $15
*** TURN *** [Jd Kc 6c] [Th]
3d37aca4: checks
Hero: bets $48
3d37aca4: folds
Uncalled bet ($48) returned to Hero
*** SHOWDOWN ***
Hero collected $60 from pot
*** SUMMARY ***
Total pot $60
Board [Jd Kc 6c Th]
Seat 1: 3d37aca4 folded on the Turn
Seat 7: edbb0055(big blind) folded before Flop
Seat 2: Herowon ($60) with Pair of Sixes
Seat 6: 37ccf2b9(small blind) folded before Flop



Poker Hand #ring_941360158: NLH No Limit ($2/$4) - 2025/06/17 17:47:04
Table 'MR NLH 2/4' 7-max Seat #1 is the button
Seat 1: 3d37aca4 ($816 in chips)
Seat 7: edbb0055 ($1,269.67 in chips)
Seat 2: Hero ($270.99 in chips)
Seat 6: 37ccf2b9 ($978.02 in chips)
Hero: posts small blind $2
37ccf2b9: posts big blind $4
*** HOLE CARDS ***
Dealt to 3d37aca4 
Dealt to edbb0055 
Dealt to Hero [Qh 3h]
Dealt to 37ccf2b9 
edbb0055: folds
3d37aca4: raises $8 to $12
Hero: folds
37ccf2b9: folds
Uncalled bet ($8) returned to 3d37aca4
*** SHOWDOWN ***
3d37aca4 collected $10 from pot
*** SUMMARY ***
Total pot $10
Seat 1: 3d37aca4won ($10)
Seat 7: edbb0055 folded before Flop (didn't bet)
Seat 2: Hero(small blind) folded before Flop
Seat 6: 37ccf2b9(big blind) folded before Flop



Poker Hand #ring_941359395: NLH No Limit ($2/$4) - 2025/06/17 17:46:31
Table 'MR NLH 2/4' 7-max Seat #7 is the button
Seat 1: 3d37aca4 ($802 in chips)
Seat 7: edbb0055 ($1,279.67 in chips)
Seat 2: Hero ($274.99 in chips)
Seat 6: 37ccf2b9 ($978.02 in chips)
3d37aca4: posts small blind $2
Hero: posts big blind $4
*** HOLE CARDS ***
Dealt to 3d37aca4 
Dealt to edbb0055 
Dealt to Hero [6h 8s]
Dealt to 37ccf2b9 
37ccf2b9: folds
edbb0055: raises $6 to $10
3d37aca4: raises $40 to $50
Hero: folds
edbb0055: folds
Uncalled bet ($40) returned to 3d37aca4
*** SHOWDOWN ***
3d37aca4 collected $24 from pot
*** SUMMARY ***
Total pot $24
Seat 1: 3d37aca4(small blind)won ($24)
Seat 7: edbb0055 folded before Flop
Seat 2: Hero(big blind) folded before Flop
Seat 6: 37ccf2b9 folded before Flop (didn't bet)



Poker Hand #ring_941358827: NLH No Limit ($2/$4) - 2025/06/17 17:46:07
Table 'MR NLH 2/4' 7-max Seat #6 is the button
Seat 1: 3d37aca4 ($800 in chips)
Seat 7: edbb0055 ($1,281.67 in chips)
Seat 2: Hero ($274.99 in chips)
Seat 6: 37ccf2b9 ($978.02 in chips)
edbb0055: posts small blind $2
3d37aca4: posts big blind $4
*** HOLE CARDS ***
Dealt to 3d37aca4 
Dealt to edbb0055 
Dealt to Hero [4s 2s]
Dealt to 37ccf2b9 
Hero: folds
37ccf2b9: folds
edbb0055: folds
*** SHOWDOWN ***
3d37aca4 collected $6 from pot
*** SUMMARY ***
Total pot $6
Seat 1: 3d37aca4(big blind)won ($6)
Seat 7: edbb0055(small blind) folded before Flop
Seat 2: Hero folded before Flop (didn't bet)
Seat 6: 37ccf2b9 folded before Flop (didn't bet)



Poker Hand #ring_941356380: NLH No Limit ($2/$4) - 2025/06/17 17:44:25
Table 'MR NLH 2/4' 7-max Seat #2 is the button
Seat 7: edbb0055 ($1,167.82 in chips)
Seat 2: Hero ($398 in chips)
Seat 6: 37ccf2b9 ($980.02 in chips)
37ccf2b9: posts small blind $2
edbb0055: posts big blind $4
*** HOLE CARDS ***
Dealt to edbb0055 
Dealt to Hero [Tc Kc]
Dealt to 37ccf2b9 
Hero: raises $8 to $12
37ccf2b9: folds
edbb0055: raises $32 to $44
Hero: calls $32
*** FLOP *** [Qh 8d Kd]
edbb0055: bets $29.7
Hero: calls $29.7
*** TURN *** [Qh 8d Kd] [8h]
edbb0055: bets $49.31
Hero: calls $49.31
*** RIVER *** [Qh 8d Kd 8h] [Qd]
edbb0055: bets $198.42
Hero: folds
Uncalled bet ($198.42) returned to edbb0055
*** SHOWDOWN ***
edbb0055 collected $248.02 from pot
*** SUMMARY ***
Total pot $248.02
Board [Qh 8d Kd 8h Qd]
Seat 7: edbb0055(big blind)won ($248.02) with Queens Full over Eights
Seat 2: Hero folded on the River
Seat 6: 37ccf2b9(small blind) folded before Flop



Poker Hand #ring_941355673: NLH No Limit ($2/$4) - 2025/06/17 17:43:54
Table 'MR NLH 2/4' 7-max Seat #1 is the button
Seat 7: edbb0055 ($1,167.82 in chips)
Seat 2: Hero ($400 in chips)
Seat 1: ce1b2de7 ($356.72 in chips)
Seat 6: 37ccf2b9 ($978.02 in chips)
Hero: posts small blind $2
37ccf2b9: posts big blind $4
*** HOLE CARDS ***
Dealt to edbb0055 
Dealt to Hero [3d 7c]
Dealt to ce1b2de7 
Dealt to 37ccf2b9 
edbb0055: folds
ce1b2de7: folds
Hero: folds
*** SHOWDOWN ***
37ccf2b9 collected $6 from pot
*** SUMMARY ***
Total pot $6
Seat 7: edbb0055 folded before Flop (didn't bet)
Seat 2: Hero(small blind) folded before Flop
Seat 1: ce1b2de7 folded before Flop (didn't bet)
Seat 6: 37ccf2b9(big blind)won ($6)



Poker Hand #ring_941354952: NLH No Limit ($2/$4) - 2025/06/17 17:43:24
Table 'MR NLH 2/4' 7-max Seat #7 is the button
Seat 7: edbb0055 ($1,161.82 in chips)
Seat 2: Hero ($404 in chips)
Seat 1: ce1b2de7 ($358.72 in chips)
Seat 6: 37ccf2b9 ($978.02 in chips)
ce1b2de7: posts small blind $2
Hero: posts big blind $4
*** HOLE CARDS ***
Dealt to edbb0055 
Dealt to Hero [2s Jc]
Dealt to ce1b2de7 
Dealt to 37ccf2b9 
37ccf2b9: folds
edbb0055: raises $6 to $10
ce1b2de7: folds
Hero: folds
Uncalled bet ($6) returned to edbb0055
*** SHOWDOWN ***
edbb0055 collected $10 from pot
*** SUMMARY ***
Total pot $10
Seat 7: edbb0055won ($10)
Seat 2: Hero(big blind) folded before Flop
Seat 1: ce1b2de7(small blind) folded before Flop
Seat 6: 37ccf2b9 folded before Flop (didn't bet)



