Poker Hand #ring_944762029: NLH No Limit ($2/$4) - 2025/06/19 15:48:09
Table 'MR NLH 2/4' 7-max Seat #6 is the button
Seat 4: b8334739 ($734.22 in chips)
Seat 6: 7e4d3115 ($806.92 in chips)
Seat 5: f732ede6 ($268.3 in chips)
Seat 2: 5434bdb6 ($1,024.76 in chips)
Seat 3: Hero ($1,208.05 in chips)
Seat 7: 94a69675 ($213.46 in chips)
94a69675: posts small blind $2
5434bdb6: posts big blind $4
*** HOLE CARDS ***
Dealt to b8334739 
Dealt to 7e4d3115 
Dealt to f732ede6 
Dealt to 5434bdb6 
Dealt to Hero [Jc 8s]
Dealt to 94a69675 
Hero: folds
b8334739: folds
f732ede6: folds
7e4d3115: raises $6 to $10
94a69675: folds
5434bdb6: folds
Uncalled bet ($6) returned to 7e4d3115
*** SHOWDOWN ***
7e4d3115 collected $10 from pot
*** SUMMARY ***
Total pot $10
Seat 4: b8334739 folded before Flop (didn't bet)
Seat 6: 7e4d3115won ($10)
Seat 5: f732ede6 folded before Flop (didn't bet)
Seat 2: 5434bdb6(big blind) folded before Flop
Seat 3: Hero folded before Flop (didn't bet)
Seat 7: 94a69675(small blind) folded before Flop



Poker Hand #ring_944761207: NLH No Limit ($2/$4) - 2025/06/19 15:47:29
Table 'MR NLH 2/4' 7-max Seat #5 is the button
Seat 4: b8334739 ($744.22 in chips)
Seat 6: 7e4d3115 ($808.92 in chips)
Seat 1: 16f8d6fa ($418.62 in chips)
Seat 5: f732ede6 ($268.3 in chips)
Seat 2: 5434bdb6 ($1,024.76 in chips)
Seat 3: Hero ($1,208.05 in chips)
Seat 7: 94a69675 ($217.46 in chips)
7e4d3115: posts small blind $2
94a69675: posts big blind $4
*** HOLE CARDS ***
Dealt to b8334739 
Dealt to 7e4d3115 
Dealt to 16f8d6fa 
Dealt to f732ede6 
Dealt to 5434bdb6 
Dealt to Hero [Qc 2s]
Dealt to 94a69675 
16f8d6fa: raises $6 to $10
5434bdb6: folds
Hero: folds
b8334739: calls $10
f732ede6: folds
7e4d3115: folds
94a69675: folds
*** FLOP *** [Tc 6s 2d]
16f8d6fa: bets $19.5
b8334739: folds
Uncalled bet ($19.5) returned to 16f8d6fa
*** SHOWDOWN ***
16f8d6fa collected $26 from pot
*** SUMMARY ***
Total pot $26
Board [Tc 6s 2d]
Seat 4: b8334739 folded on the Flop
Seat 6: 7e4d3115(small blind) folded before Flop
Seat 1: 16f8d6fawon ($26) with King-High
Seat 5: f732ede6 folded before Flop (didn't bet)
Seat 2: 5434bdb6 folded before Flop (didn't bet)
Seat 3: Hero folded before Flop (didn't bet)
Seat 7: 94a69675(big blind) folded before Flop



Poker Hand #ring_944760489: NLH No Limit ($2/$4) - 2025/06/19 15:46:53
Table 'MR NLH 2/4' 7-max Seat #4 is the button
Seat 4: b8334739 ($744.22 in chips)
Seat 6: 7e4d3115 ($812.92 in chips)
Seat 1: 16f8d6fa ($418.62 in chips)
Seat 5: f732ede6 ($270.3 in chips)
Seat 2: 5434bdb6 ($1,024.76 in chips)
Seat 3: Hero ($1,208.05 in chips)
Seat 7: 94a69675 ($211.46 in chips)
f732ede6: posts small blind $2
7e4d3115: posts big blind $4
*** HOLE CARDS ***
Dealt to b8334739 
Dealt to 7e4d3115 
Dealt to 16f8d6fa 
Dealt to f732ede6 
Dealt to 5434bdb6 
Dealt to Hero [Qh 7h]
Dealt to 94a69675 
94a69675: raises $8 to $12
16f8d6fa: folds
5434bdb6: folds
Hero: folds
b8334739: folds
f732ede6: folds
7e4d3115: folds
Uncalled bet ($8) returned to 94a69675
*** SHOWDOWN ***
94a69675 collected $10 from pot
*** SUMMARY ***
Total pot $10
Seat 4: b8334739 folded before Flop (didn't bet)
Seat 6: 7e4d3115(big blind) folded before Flop
Seat 1: 16f8d6fa folded before Flop (didn't bet)
Seat 5: f732ede6(small blind) folded before Flop
Seat 2: 5434bdb6 folded before Flop (didn't bet)
Seat 3: Hero folded before Flop (didn't bet)
Seat 7: 94a69675won ($10)



Poker Hand #ring_944759058: NLH No Limit ($2/$4) - 2025/06/19 15:45:42
Table 'MR NLH 2/4' 7-max Seat #3 is the button
Seat 4: b8334739 ($754.22 in chips)
Seat 6: 7e4d3115 ($800 in chips)
Seat 1: 16f8d6fa ($418.62 in chips)
Seat 5: f732ede6 ($274.3 in chips)
Seat 2: 5434bdb6 ($1,024.76 in chips)
Seat 3: Hero ($1,208.05 in chips)
Seat 7: 94a69675 ($211.46 in chips)
b8334739: posts small blind $2
f732ede6: posts big blind $4
*** HOLE CARDS ***
Dealt to b8334739 
Dealt to 7e4d3115 
Dealt to 16f8d6fa 
Dealt to f732ede6 
Dealt to 5434bdb6 
Dealt to Hero [4s 8c]
Dealt to 94a69675 
7e4d3115: raises $6 to $10
94a69675: folds
16f8d6fa: folds
5434bdb6: folds
Hero: folds
b8334739: calls $8
f732ede6: folds
*** FLOP *** [4h 8h 5h]
b8334739: checks
7e4d3115: checks
*** TURN *** [4h 8h 5h] [Js]
b8334739: checks
7e4d3115: checks
*** RIVER *** [4h 8h 5h Js] [Ks]
b8334739: checks
7e4d3115: bets $7.92
b8334739: folds
Uncalled bet ($7.92) returned to 7e4d3115
*** SHOWDOWN ***
7e4d3115 collected $24 from pot
*** SUMMARY ***
Total pot $24
Board [4h 8h 5h Js Ks]
Seat 4: b8334739(small blind) folded on the River
Seat 6: 7e4d3115won ($24) with Pair of Kings
Seat 1: 16f8d6fa folded before Flop (didn't bet)
Seat 5: f732ede6(big blind) folded before Flop
Seat 2: 5434bdb6 folded before Flop (didn't bet)
Seat 3: Hero folded before Flop (didn't bet)
Seat 7: 94a69675 folded before Flop (didn't bet)



Poker Hand #ring_944757917: NLH No Limit ($2/$4) - 2025/06/19 15:44:45
Table 'MR NLH 2/4' 7-max Seat #2 is the button
Seat 4: b8334739 ($742.94 in chips)
Seat 6: 7e4d3115 ($800 in chips)
Seat 1: 16f8d6fa ($418.62 in chips)
Seat 5: f732ede6 ($278.3 in chips)
Seat 2: 5434bdb6 ($1,028.76 in chips)
Seat 3: Hero ($1,212.05 in chips)
Seat 7: 94a69675 ($211.46 in chips)
Hero: posts small blind $2
b8334739: posts big blind $4
*** HOLE CARDS ***
Dealt to b8334739 
Dealt to 7e4d3115 
Dealt to 16f8d6fa 
Dealt to f732ede6 
Dealt to 5434bdb6 
Dealt to Hero [7d 6s]
Dealt to 94a69675 
f732ede6: calls $4
7e4d3115: folds
94a69675: folds
16f8d6fa: folds
5434bdb6: calls $4
Hero: calls $2
b8334739: checks
*** FLOP *** [Kc Tc Qh]
Hero: checks
b8334739: checks
f732ede6: checks
5434bdb6: checks
*** TURN *** [Kc Tc Qh] [5c]
Hero: checks
b8334739: bets $16
f732ede6: folds
5434bdb6: folds
Hero: folds
Uncalled bet ($16) returned to b8334739
*** SHOWDOWN ***
b8334739 collected $16 from pot
*** SUMMARY ***
Total pot $16
Board [Kc Tc Qh 5c]
Seat 4: b8334739(big blind)won ($16) with King High Flush
Seat 6: 7e4d3115 folded before Flop (didn't bet)
Seat 1: 16f8d6fa folded before Flop (didn't bet)
Seat 5: f732ede6 folded on the Turn
Seat 2: 5434bdb6 folded on the Turn
Seat 3: Hero(small blind) folded on the Turn
Seat 7: 94a69675 folded before Flop (didn't bet)



Poker Hand #ring_944756726: NLH No Limit ($2/$4) - 2025/06/19 15:43:45
Table 'MR NLH 2/4' 7-max Seat #1 is the button
Seat 4: b8334739 ($742.94 in chips)
Seat 6: 7e4d3115 ($800 in chips)
Seat 1: 16f8d6fa ($418.62 in chips)
Seat 5: f732ede6 ($278.3 in chips)
Seat 2: 5434bdb6 ($1,030.76 in chips)
Seat 3: Hero ($1,169.19 in chips)
Seat 7: 94a69675 ($247.06 in chips)
5434bdb6: posts small blind $2
Hero: posts big blind $4
*** HOLE CARDS ***
Dealt to b8334739 
Dealt to 7e4d3115 
Dealt to 16f8d6fa 
Dealt to f732ede6 
Dealt to 5434bdb6 
Dealt to Hero [7h Ts]
Dealt to 94a69675 
b8334739: folds
f732ede6: folds
7e4d3115: raises $6 to $10
94a69675: calls $10
16f8d6fa: folds
5434bdb6: folds
Hero: calls $6
*** FLOP *** [7d Kh Tc]
Hero: checks
7e4d3115: checks
94a69675: checks
*** TURN *** [7d Kh Tc] [Qd]
Hero: bets $25.6
7e4d3115: folds
94a69675: calls $25.6
*** RIVER *** [7d Kh Tc Qd] [4s]
Hero: bets $95.68
94a69675: folds
Uncalled bet ($95.68) returned to Hero
f732ede6: shows [Jh]
*** SHOWDOWN ***
Hero collected $83.2 from pot
*** SUMMARY ***
Total pot $83.2
Board [7d Kh Tc Qd 4s]
Seat 4: b8334739 folded before Flop (didn't bet)
Seat 6: 7e4d3115 folded on the Turn
Seat 1: 16f8d6fa folded before Flop (didn't bet)
Seat 5: f732ede6 folded before Flop (didn't bet)
Seat 2: 5434bdb6(small blind) folded before Flop
Seat 3: Hero(big blind)won ($83.2) with Pair of Tens and Pair of Sevens
Seat 7: 94a69675 folded on the River



Poker Hand #ring_944755673: NLH No Limit ($2/$4) - 2025/06/19 15:42:54
Table 'MR NLH 2/4' 7-max Seat #7 is the button
Seat 4: b8334739 ($742.94 in chips)
Seat 6: 7e4d3115 ($800 in chips)
Seat 1: 16f8d6fa ($420.62 in chips)
Seat 5: f732ede6 ($282.3 in chips)
Seat 2: 5434bdb6 ($1,034.76 in chips)
Seat 3: Hero ($1,169.19 in chips)
Seat 7: 94a69675 ($193.37 in chips)
16f8d6fa: posts small blind $2
5434bdb6: posts big blind $4
*** HOLE CARDS ***
Dealt to b8334739 
Dealt to 7e4d3115 
Dealt to 16f8d6fa 
Dealt to f732ede6 
Dealt to 5434bdb6 
Dealt to Hero [9c Ah]
Dealt to 94a69675 
Hero: folds
b8334739: folds
f732ede6: calls $4
7e4d3115: raises $12 to $16
94a69675: raises $33.6 to $49.6
16f8d6fa: folds
5434bdb6: folds
f732ede6: folds
7e4d3115: calls $33.6
*** FLOP *** [3h Ac 6d]
7e4d3115: checks
94a69675: bets $36.04
7e4d3115: folds
Uncalled bet ($36.04) returned to 94a69675
*** SHOWDOWN ***
94a69675 collected $109.2 from pot
*** SUMMARY ***
Total pot $109.2
Board [3h Ac 6d]
Seat 4: b8334739 folded before Flop (didn't bet)
Seat 6: 7e4d3115 folded on the Flop
Seat 1: 16f8d6fa(small blind) folded before Flop
Seat 5: f732ede6 folded before Flop
Seat 2: 5434bdb6(big blind) folded before Flop
Seat 3: Hero folded before Flop (didn't bet)
Seat 7: 94a69675won ($109.2) with Pair of Aces



Poker Hand #ring_944754623: NLH No Limit ($2/$4) - 2025/06/19 15:42:02
Table 'MR NLH 2/4' 7-max Seat #6 is the button
Seat 4: b8334739 ($742.94 in chips)
Seat 6: 7e4d3115 ($798 in chips)
Seat 1: 16f8d6fa ($403 in chips)
Seat 5: f732ede6 ($282.3 in chips)
Seat 2: 5434bdb6 ($1,034.76 in chips)
Seat 3: Hero ($1,169.19 in chips)
Seat 7: 94a69675 ($195.37 in chips)
94a69675: posts small blind $2
16f8d6fa: posts big blind $4
*** HOLE CARDS ***
Dealt to b8334739 
Dealt to 7e4d3115 
Dealt to 16f8d6fa 
Dealt to f732ede6 
Dealt to 5434bdb6 
Dealt to Hero [Qd Js]
Dealt to 94a69675 
5434bdb6: folds
Hero: folds
b8334739: folds
f732ede6: folds
7e4d3115: raises $6 to $10
94a69675: folds
16f8d6fa: calls $6
*** FLOP *** [5h 3c Kh]
16f8d6fa: checks
7e4d3115: bets $7.26
16f8d6fa: raises $20.74 to $28
7e4d3115: folds
Uncalled bet ($20.74) returned to 16f8d6fa
*** SHOWDOWN ***
16f8d6fa collected $36.52 from pot
*** SUMMARY ***
Total pot $36.52
Board [5h 3c Kh]
Seat 4: b8334739 folded before Flop (didn't bet)
Seat 6: 7e4d3115 folded on the Flop
Seat 1: 16f8d6fa(big blind)won ($36.52) with Pair of Kings
Seat 5: f732ede6 folded before Flop (didn't bet)
Seat 2: 5434bdb6 folded before Flop (didn't bet)
Seat 3: Hero folded before Flop (didn't bet)
Seat 7: 94a69675(small blind) folded before Flop



Poker Hand #ring_944754208: NLH No Limit ($2/$4) - 2025/06/19 15:41:41
Table 'MR NLH 2/4' 7-max Seat #5 is the button
Seat 4: b8334739 ($742.94 in chips)
Seat 6: 7e4d3115 ($800 in chips)
Seat 1: 16f8d6fa ($403 in chips)
Seat 5: f732ede6 ($282.3 in chips)
Seat 2: 5434bdb6 ($1,034.76 in chips)
Seat 3: Hero ($1,169.19 in chips)
Seat 7: 94a69675 ($193.37 in chips)
7e4d3115: posts small blind $2
94a69675: posts big blind $4
*** HOLE CARDS ***
Dealt to b8334739 
Dealt to 7e4d3115 
Dealt to 16f8d6fa 
Dealt to f732ede6 
Dealt to 5434bdb6 
Dealt to Hero [5c 2h]
Dealt to 94a69675 
16f8d6fa: folds
5434bdb6: folds
Hero: folds
b8334739: folds
f732ede6: folds
7e4d3115: folds
*** SHOWDOWN ***
94a69675 collected $6 from pot
*** SUMMARY ***
Total pot $6
Seat 4: b8334739 folded before Flop (didn't bet)
Seat 6: 7e4d3115(small blind) folded before Flop
Seat 1: 16f8d6fa folded before Flop (didn't bet)
Seat 5: f732ede6 folded before Flop (didn't bet)
Seat 2: 5434bdb6 folded before Flop (didn't bet)
Seat 3: Hero folded before Flop (didn't bet)
Seat 7: 94a69675(big blind)won ($6)



Poker Hand #ring_944752819: NLH No Limit ($2/$4) - 2025/06/19 15:40:34
Table 'MR NLH 2/4' 7-max Seat #4 is the button
Seat 4: b8334739 ($745.58 in chips)
Seat 6: 7e4d3115 ($798 in chips)
Seat 1: 16f8d6fa ($403 in chips)
Seat 5: f732ede6 ($284.3 in chips)
Seat 2: 5434bdb6 ($1,034.76 in chips)
Seat 3: Hero ($1,169.19 in chips)
Seat 7: 94a69675 ($196 in chips)
f732ede6: posts small blind $2
7e4d3115: posts big blind $4
*** HOLE CARDS ***
Dealt to b8334739 
Dealt to 7e4d3115 
Dealt to 16f8d6fa 
Dealt to f732ede6 
Dealt to 5434bdb6 
Dealt to Hero [3d Ts]
Dealt to 94a69675 
94a69675: raises $8 to $12
16f8d6fa: folds
5434bdb6: folds
Hero: folds
b8334739: calls $12
f732ede6: folds
7e4d3115: calls $8
*** FIRST FLOP *** [Td Jh 7c]
7e4d3115: checks
94a69675: bets $19
b8334739: raises $38 to $57
7e4d3115: folds
94a69675: raises $127 to $184 and is all-in
b8334739: calls $127
b8334739: shows [Ks Qh] (King-High)
94a69675: shows [Qs Qc] (Pair of Queens)
*** FIRST TURN *** [Td Jh 7c] [6d]
*** SECOND TURN *** [Td Jh 7c] [Kd]
*** FIRST RIVER *** [Td Jh 7c 6d] [8c]
*** SECOND RIVER *** [Td Jh 7c Kd] [2h]
f732ede6: shows [4c Js]
*** FIRST SHOWDOWN ***
94a69675 collected $203.51 from pot
*** SECOND SHOWDOWN ***
b8334739 collected $202.49 from pot
*** SUMMARY ***
Total pot $406
Hand was run two timesFIRST Board [Td Jh 7c 6d 8c]
SECOND Board [Kd 2h]
Seat 4: b8334739 showed [Ks Qh] and won ($202.49) with King-High / Pair of Kings
Seat 6: 7e4d3115(big blind) folded on the Flop
Seat 1: 16f8d6fa folded before Flop (didn't bet)
Seat 5: f732ede6(small blind) folded before Flop
Seat 2: 5434bdb6 folded before Flop (didn't bet)
Seat 3: Hero folded before Flop (didn't bet)
Seat 7: 94a69675 showed [Qs Qc] and won ($203.51) with Pair of Queens / Pair of Queens



Poker Hand #ring_944751898: NLH No Limit ($2/$4) - 2025/06/19 15:39:48
Table 'MR NLH 2/4' 7-max Seat #3 is the button
Seat 4: b8334739 ($778.58 in chips)
Seat 6: 7e4d3115 ($798 in chips)
Seat 1: 16f8d6fa ($403 in chips)
Seat 5: f732ede6 ($288.3 in chips)
Seat 2: 5434bdb6 ($1,034.76 in chips)
Seat 3: Hero ($1,136.34 in chips)
Seat 7: 94a69675 ($196 in chips)
b8334739: posts small blind $2
f732ede6: posts big blind $4
*** HOLE CARDS ***
Dealt to b8334739 
Dealt to 7e4d3115 
Dealt to 16f8d6fa 
Dealt to f732ede6 
Dealt to 5434bdb6 
Dealt to Hero [Jc Td]
Dealt to 94a69675 
7e4d3115: folds
94a69675: folds
16f8d6fa: folds
5434bdb6: folds
Hero: raises $8 to $12
b8334739: calls $10
f732ede6: folds
*** FLOP *** [Kh Kc Jd]
b8334739: checks
Hero: checks
*** TURN *** [Kh Kc Jd] [5d]
b8334739: bets $21
Hero: calls $21
*** RIVER *** [Kh Kc Jd 5d] [7h]
b8334739: checks
Hero: checks
Hero: shows [Jc Td]
b8334739: shows [8c 7c]
f732ede6: shows [4h 7s]
*** SHOWDOWN ***
Hero collected $70 from pot
*** SUMMARY ***
Total pot $70
Board [Kh Kc Jd 5d 7h]
Seat 4: b8334739(small blind) showed [8c 7c] and lost with Pair of Kings and Pair of Sevens
Seat 6: 7e4d3115 folded before Flop (didn't bet)
Seat 1: 16f8d6fa folded before Flop (didn't bet)
Seat 5: f732ede6(big blind) folded before Flop
Seat 2: 5434bdb6 folded before Flop (didn't bet)
Seat 3: Hero showed [Jc Td] and won ($70) with Pair of Kings and Pair of Jacks
Seat 7: 94a69675 folded before Flop (didn't bet)



Poker Hand #ring_944750729: NLH No Limit ($2/$4) - 2025/06/19 15:38:49
Table 'MR NLH 2/4' 7-max Seat #2 is the button
Seat 4: b8334739 ($790.58 in chips)
Seat 6: 7e4d3115 ($798 in chips)
Seat 1: 16f8d6fa ($403 in chips)
Seat 5: f732ede6 ($288.3 in chips)
Seat 2: 5434bdb6 ($1,034.76 in chips)
Seat 3: Hero ($1,125.42 in chips)
Seat 7: 94a69675 ($196 in chips)
Hero: posts small blind $2
b8334739: posts big blind $4
*** HOLE CARDS ***
Dealt to b8334739 
Dealt to 7e4d3115 
Dealt to 16f8d6fa 
Dealt to f732ede6 
Dealt to 5434bdb6 
Dealt to Hero [6d 7d]
Dealt to 94a69675 
f732ede6: folds
7e4d3115: folds
94a69675: folds
16f8d6fa: folds
5434bdb6: folds
Hero: raises $8 to $12
b8334739: calls $8
*** FLOP *** [Ts Kc Ah]
Hero: bets $12
b8334739: folds
Uncalled bet ($12) returned to Hero
*** SHOWDOWN ***
Hero collected $24 from pot
*** SUMMARY ***
Total pot $24
Board [Ts Kc Ah]
Seat 4: b8334739(big blind) folded on the Flop
Seat 6: 7e4d3115 folded before Flop (didn't bet)
Seat 1: 16f8d6fa folded before Flop (didn't bet)
Seat 5: f732ede6 folded before Flop (didn't bet)
Seat 2: 5434bdb6 folded before Flop (didn't bet)
Seat 3: Hero(small blind)won ($24) with Ace-High
Seat 7: 94a69675 folded before Flop (didn't bet)



Poker Hand #ring_944750210: NLH No Limit ($2/$4) - 2025/06/19 15:38:22
Table 'MR NLH 2/4' 7-max Seat #1 is the button
Seat 4: b8334739 ($790.58 in chips)
Seat 6: 7e4d3115 ($798 in chips)
Seat 1: 16f8d6fa ($393 in chips)
Seat 5: f732ede6 ($288.3 in chips)
Seat 2: 5434bdb6 ($1,036.76 in chips)
Seat 3: Hero ($1,129.42 in chips)
Seat 7: 94a69675 ($200 in chips)
5434bdb6: posts small blind $2
Hero: posts big blind $4
94a69675: posts big blind $4
*** HOLE CARDS ***
Dealt to b8334739 
Dealt to 7e4d3115 
Dealt to 16f8d6fa 
Dealt to f732ede6 
Dealt to 5434bdb6 
Dealt to Hero [As 6h]
Dealt to 94a69675 
b8334739: folds
f732ede6: folds
7e4d3115: folds
94a69675: checks
16f8d6fa: raises $14 to $18
5434bdb6: folds
Hero: folds
94a69675: folds
Uncalled bet ($14) returned to 16f8d6fa
*** SHOWDOWN ***
16f8d6fa collected $14 from pot
*** SUMMARY ***
Total pot $14
Seat 4: b8334739 folded before Flop (didn't bet)
Seat 6: 7e4d3115 folded before Flop (didn't bet)
Seat 1: 16f8d6fawon ($14)
Seat 5: f732ede6 folded before Flop (didn't bet)
Seat 2: 5434bdb6(small blind) folded before Flop
Seat 3: Hero(big blind) folded before Flop
Seat 7: 94a69675 folded before Flop



Poker Hand #ring_944749543: NLH No Limit ($2/$4) - 2025/06/19 15:37:49
Table 'MR NLH 2/4' 7-max Seat #0 is the button
Seat 4: b8334739 ($790.58 in chips)
Seat 6: 7e4d3115 ($798 in chips)
Seat 1: 16f8d6fa ($395 in chips)
Seat 5: f732ede6 ($288.3 in chips)
Seat 2: 5434bdb6 ($1,034.76 in chips)
Seat 3: Hero ($1,129.42 in chips)
16f8d6fa: posts small blind $2
5434bdb6: posts big blind $4
*** HOLE CARDS ***
Dealt to b8334739 
Dealt to 7e4d3115 
Dealt to 16f8d6fa 
Dealt to f732ede6 
Dealt to 5434bdb6 
Dealt to Hero [4d 7h]
Hero: folds
b8334739: folds
f732ede6: folds
7e4d3115: folds
16f8d6fa: folds
*** SHOWDOWN ***
5434bdb6 collected $6 from pot
*** SUMMARY ***
Total pot $6
Seat 4: b8334739 folded before Flop (didn't bet)
Seat 6: 7e4d3115 folded before Flop (didn't bet)
Seat 1: 16f8d6fa(small blind) folded before Flop
Seat 5: f732ede6 folded before Flop (didn't bet)
Seat 2: 5434bdb6(big blind)won ($6)
Seat 3: Hero folded before Flop (didn't bet)



Poker Hand #ring_944748672: NLH No Limit ($2/$4) - 2025/06/19 15:37:05
Table 'MR NLH 2/4' 7-max Seat #6 is the button
Seat 4: b8334739 ($802.58 in chips)
Seat 6: 7e4d3115 ($798 in chips)
Seat 1: 16f8d6fa ($383 in chips)
Seat 5: f732ede6 ($288.3 in chips)
Seat 2: 5434bdb6 ($1,034.76 in chips)
Seat 3: Hero ($1,129.42 in chips)
16f8d6fa: posts big blind $4
*** HOLE CARDS ***
Dealt to b8334739 
Dealt to 7e4d3115 
Dealt to 16f8d6fa 
Dealt to f732ede6 
Dealt to 5434bdb6 
Dealt to Hero [7d Qh]
5434bdb6: folds
Hero: folds
b8334739: raises $8 to $12
f732ede6: folds
7e4d3115: folds
16f8d6fa: raises $44 to $56
b8334739: folds
Uncalled bet ($44) returned to 16f8d6fa
*** SHOWDOWN ***
16f8d6fa collected $24 from pot
*** SUMMARY ***
Total pot $24
Seat 4: b8334739 folded before Flop
Seat 6: 7e4d3115 folded before Flop (didn't bet)
Seat 1: 16f8d6fa(big blind)won ($24)
Seat 5: f732ede6 folded before Flop (didn't bet)
Seat 2: 5434bdb6 folded before Flop (didn't bet)
Seat 3: Hero folded before Flop (didn't bet)



Poker Hand #ring_944747475: NLH No Limit ($2/$4) - 2025/06/19 15:36:02
Table 'MR NLH 2/4' 7-max Seat #5 is the button
Seat 4: b8334739 ($802.58 in chips)
Seat 6: 7e4d3115 ($800 in chips)
Seat 7: ac92f287 ($302.5 in chips)
Seat 1: 16f8d6fa ($406 in chips)
Seat 5: f732ede6 ($288.3 in chips)
Seat 2: 5434bdb6 ($942.49 in chips)
Seat 3: Hero ($1,129.42 in chips)
7e4d3115: posts small blind $2
ac92f287: posts big blind $4
*** HOLE CARDS ***
Dealt to b8334739 
Dealt to 7e4d3115 
Dealt to ac92f287 
Dealt to 16f8d6fa 
Dealt to f732ede6 
Dealt to 5434bdb6 
Dealt to Hero [Js 2h]
16f8d6fa: raises $6 to $10
5434bdb6: raises $13 to $23
Hero: folds
b8334739: folds
f732ede6: folds
7e4d3115: folds
ac92f287: calls $19
16f8d6fa: calls $13
*** FLOP *** [9d As 8d]
ac92f287: checks
16f8d6fa: checks
5434bdb6: bets $53.25
ac92f287: calls $53.25
16f8d6fa: folds
*** TURN *** [9d As 8d] [2s]
ac92f287: checks
5434bdb6: bets $866.24 and is all-in
ac92f287: folds
Uncalled bet ($866.24) returned to 5434bdb6
*** SHOWDOWN ***
5434bdb6 collected $177.5 from pot
*** SUMMARY ***
Total pot $177.5
Board [9d As 8d 2s]
Seat 4: b8334739 folded before Flop (didn't bet)
Seat 6: 7e4d3115(small blind) folded before Flop
Seat 7: ac92f287(big blind) folded on the Turn
Seat 1: 16f8d6fa folded on the Flop
Seat 5: f732ede6 folded before Flop (didn't bet)
Seat 2: 5434bdb6won ($177.5) with Pair of Aces
Seat 3: Hero folded before Flop (didn't bet)



Poker Hand #ring_944746347: NLH No Limit ($2/$4) - 2025/06/19 15:35:06
Table 'MR NLH 2/4' 7-max Seat #4 is the button
Seat 4: b8334739 ($802.58 in chips)
Seat 6: 7e4d3115 ($800 in chips)
Seat 7: ac92f287 ($259.55 in chips)
Seat 1: 16f8d6fa ($406 in chips)
Seat 5: f732ede6 ($290.3 in chips)
Seat 2: 5434bdb6 ($984.49 in chips)
Seat 3: Hero ($1,129.42 in chips)
f732ede6: posts small blind $2
7e4d3115: posts big blind $4
*** HOLE CARDS ***
Dealt to b8334739 
Dealt to 7e4d3115 
Dealt to ac92f287 
Dealt to 16f8d6fa 
Dealt to f732ede6 
Dealt to 5434bdb6 
Dealt to Hero [2c 9s]
ac92f287: calls $4
16f8d6fa: folds
5434bdb6: raises $8 to $12
Hero: folds
b8334739: folds
f732ede6: folds
7e4d3115: folds
ac92f287: calls $8
*** FLOP *** [5h 5d 8h]
ac92f287: checks
5434bdb6: checks
*** TURN *** [5h 5d 8h] [6d]
ac92f287: bets $30
5434bdb6: calls $30
*** RIVER *** [5h 5d 8h 6d] [Jd]
ac92f287: bets $90
5434bdb6: folds
Uncalled bet ($90) returned to ac92f287
f732ede6: shows [9d 3d]
ac92f287: shows [6s 6h]
*** SHOWDOWN ***
ac92f287 collected $90 from pot
*** SUMMARY ***
Total pot $90
Board [5h 5d 8h 6d Jd]
Seat 4: b8334739 folded before Flop (didn't bet)
Seat 6: 7e4d3115(big blind) folded before Flop
Seat 7: ac92f287 showed [6s 6h] and won ($90) with Sixes Full over Fives
Seat 1: 16f8d6fa folded before Flop (didn't bet)
Seat 5: f732ede6(small blind) folded before Flop
Seat 2: 5434bdb6 folded on the River
Seat 3: Hero folded before Flop (didn't bet)



Poker Hand #ring_944745012: NLH No Limit ($2/$4) - 2025/06/19 15:33:57
Table 'MR NLH 2/4' 7-max Seat #3 is the button
Seat 4: b8334739 ($804.58 in chips)
Seat 7: ac92f287 ($271.55 in chips)
Seat 1: 16f8d6fa ($406 in chips)
Seat 5: f732ede6 ($294.3 in chips)
Seat 2: 5434bdb6 ($996.49 in chips)
Seat 3: Hero ($1,102.31 in chips)
b8334739: posts small blind $2
f732ede6: posts big blind $4
*** HOLE CARDS ***
Dealt to b8334739 
Dealt to ac92f287 
Dealt to 16f8d6fa 
Dealt to f732ede6 
Dealt to 5434bdb6 
Dealt to Hero [5c 5s]
ac92f287: raises $8 to $12
16f8d6fa: folds
5434bdb6: calls $12
Hero: calls $12
b8334739: folds
f732ede6: folds
*** FLOP *** [Ad Th Tc]
ac92f287: checks
5434bdb6: checks
Hero: checks
*** TURN *** [Ad Th Tc] [7d]
ac92f287: checks
5434bdb6: checks
Hero: bets $33.6
ac92f287: folds
5434bdb6: folds
Uncalled bet ($33.6) returned to Hero
*** SHOWDOWN ***
Hero collected $42 from pot
*** SUMMARY ***
Total pot $42
Board [Ad Th Tc 7d]
Seat 4: b8334739(small blind) folded before Flop
Seat 7: ac92f287 folded on the Turn
Seat 1: 16f8d6fa folded before Flop (didn't bet)
Seat 5: f732ede6(big blind) folded before Flop
Seat 2: 5434bdb6 folded on the Turn
Seat 3: Herowon ($42) with Pair of Tens and Pair of Fives



Poker Hand #ring_944744529: NLH No Limit ($2/$4) - 2025/06/19 15:33:32
Table 'MR NLH 2/4' 7-max Seat #2 is the button
Seat 4: b8334739 ($802.58 in chips)
Seat 7: ac92f287 ($271.55 in chips)
Seat 1: 16f8d6fa ($406 in chips)
Seat 5: f732ede6 ($294.3 in chips)
Seat 2: 5434bdb6 ($996.49 in chips)
Seat 3: Hero ($1,104.31 in chips)
Hero: posts small blind $2
b8334739: posts big blind $4
*** HOLE CARDS ***
Dealt to b8334739 
Dealt to ac92f287 
Dealt to 16f8d6fa 
Dealt to f732ede6 
Dealt to 5434bdb6 
Dealt to Hero [5c 8s]
f732ede6: folds
ac92f287: folds
16f8d6fa: folds
5434bdb6: folds
Hero: folds
*** SHOWDOWN ***
b8334739 collected $6 from pot
*** SUMMARY ***
Total pot $6
Seat 4: b8334739(big blind)won ($6)
Seat 7: ac92f287 folded before Flop (didn't bet)
Seat 1: 16f8d6fa folded before Flop (didn't bet)
Seat 5: f732ede6 folded before Flop (didn't bet)
Seat 2: 5434bdb6 folded before Flop (didn't bet)
Seat 3: Hero(small blind) folded before Flop



Poker Hand #ring_944743682: NLH No Limit ($2/$4) - 2025/06/19 15:32:50
Table 'MR NLH 2/4' 7-max Seat #1 is the button
Seat 4: b8334739 ($844.58 in chips)
Seat 7: ac92f287 ($313.55 in chips)
Seat 1: 16f8d6fa ($406 in chips)
Seat 5: f732ede6 ($294.3 in chips)
Seat 2: 5434bdb6 ($915.34 in chips)
Seat 3: Hero ($1,108.31 in chips)
5434bdb6: posts small blind $2
Hero: posts big blind $4
*** HOLE CARDS ***
Dealt to b8334739 
Dealt to ac92f287 
Dealt to 16f8d6fa 
Dealt to f732ede6 
Dealt to 5434bdb6 
Dealt to Hero [Qs 4s]
b8334739: raises $8 to $12
f732ede6: folds
ac92f287: calls $12
16f8d6fa: folds
5434bdb6: raises $30 to $42
Hero: folds
b8334739: calls $30
ac92f287: calls $30
*** FLOP *** [5s Js Ac]
5434bdb6: bets $97.5
b8334739: folds
ac92f287: folds
Uncalled bet ($97.5) returned to 5434bdb6
*** SHOWDOWN ***
5434bdb6 collected $130 from pot
*** SUMMARY ***
Total pot $130
Board [5s Js Ac]
Seat 4: b8334739 folded on the Flop
Seat 7: ac92f287 folded on the Flop
Seat 1: 16f8d6fa folded before Flop (didn't bet)
Seat 5: f732ede6 folded before Flop (didn't bet)
Seat 2: 5434bdb6(small blind)won ($130) with Pair of Aces
Seat 3: Hero(big blind) folded before Flop



