Poker Hand #ring_938994733: NLH No Limit ($1/$2) - 2025/06/16 12:11:28
Table 'MR NLH 1/2' 7-max Seat #2 is the button
Seat 3: cbb00345 ($202.91 in chips)
Seat 6: e434cc6c ($446.71 in chips)
Seat 2: b6877b9d ($213.96 in chips)
Seat 7: 9faeca91 ($309.2 in chips)
Seat 4: b2dfcd74 ($506.73 in chips)
Seat 5: Hero ($241.19 in chips)
cbb00345: posts small blind $1
b2dfcd74: posts big blind $2
*** HOLE CARDS ***
Dealt to cbb00345 
Dealt to e434cc6c 
Dealt to b6877b9d 
Dealt to 9faeca91 
Dealt to b2dfcd74 
Dealt to Hero [3d 6h]
Hero: folds
e434cc6c: folds
9faeca91: raises $4 to $6
b6877b9d: folds
cbb00345: calls $5
b2dfcd74: calls $4
*** FLOP *** [Jh Kc Ks]
cbb00345: checks
b2dfcd74: checks
9faeca91: bets $9
cbb00345: calls $9
b2dfcd74: calls $9
*** TURN *** [Jh Kc Ks] [8d]
cbb00345: checks
b2dfcd74: checks
9faeca91: checks
*** RIVER *** [Jh Kc Ks 8d] [3c]
cbb00345: checks
b2dfcd74: bets $22.5
9faeca91: calls $22.5
cbb00345: folds
b2dfcd74: shows [9h Kh]
9faeca91: shows [9c Ac]
*** SHOWDOWN ***
b2dfcd74 collected $90 from pot
*** SUMMARY ***
Total pot $90
Board [Jh Kc Ks 8d 3c]
Seat 3: cbb00345(small blind) folded on the River
Seat 6: e434cc6c folded before Flop (didn't bet)
Seat 2: b6877b9d folded before Flop (didn't bet)
Seat 7: 9faeca91 showed [9c Ac] and lost with Pair of Kings
Seat 4: b2dfcd74(big blind) showed [9h Kh] and won ($90) with Three Kings
Seat 5: Hero folded before Flop (didn't bet)



Poker Hand #ring_938993725: NLH No Limit ($1/$2) - 2025/06/16 12:10:09
Table 'MR NLH 1/2' 7-max Seat #7 is the button
Seat 3: cbb00345 ($204.91 in chips)
Seat 6: e434cc6c ($446.71 in chips)
Seat 2: b6877b9d ($214.96 in chips)
Seat 7: 9faeca91 ($274.07 in chips)
Seat 4: b2dfcd74 ($506.73 in chips)
Seat 5: Hero ($277.19 in chips)
b6877b9d: posts small blind $1
cbb00345: posts big blind $2
*** HOLE CARDS ***
Dealt to cbb00345 
Dealt to e434cc6c 
Dealt to b6877b9d 
Dealt to 9faeca91 
Dealt to b2dfcd74 
Dealt to Hero [As Kc]
b2dfcd74: folds
Hero: raises $4 to $6
e434cc6c: folds
9faeca91: calls $6
b6877b9d: folds
cbb00345: folds
*** FLOP *** [Jh 9h 9c]
Hero: bets $7.5
9faeca91: calls $7.5
*** TURN *** [Jh 9h 9c] [Qd]
Hero: checks
9faeca91: bets $22.5
Hero: calls $22.5
*** RIVER *** [Jh 9h 9c Qd] [8d]
Hero: checks
9faeca91: bets $29
Hero: folds
Uncalled bet ($29) returned to 9faeca91
*** SHOWDOWN ***
9faeca91 collected $75 from pot
*** SUMMARY ***
Total pot $75
Board [Jh 9h 9c Qd 8d]
Seat 3: cbb00345(big blind) folded before Flop
Seat 6: e434cc6c folded before Flop (didn't bet)
Seat 2: b6877b9d(small blind) folded before Flop
Seat 7: 9faeca91won ($75) with Queens-High Straight
Seat 4: b2dfcd74 folded before Flop (didn't bet)
Seat 5: Hero folded on the River



Poker Hand #ring_938993260: NLH No Limit ($1/$2) - 2025/06/16 12:09:35
Table 'MR NLH 1/2' 7-max Seat #6 is the button
Seat 3: cbb00345 ($206.91 in chips)
Seat 6: e434cc6c ($446.71 in chips)
Seat 2: b6877b9d ($212.18 in chips)
Seat 7: 9faeca91 ($275.07 in chips)
Seat 4: b2dfcd74 ($506.73 in chips)
Seat 5: Hero ($277.19 in chips)
9faeca91: posts small blind $1
b6877b9d: posts big blind $2
*** HOLE CARDS ***
Dealt to cbb00345 
Dealt to e434cc6c 
Dealt to b6877b9d 
Dealt to 9faeca91 
Dealt to b2dfcd74 
Dealt to Hero [7c Ad]
cbb00345: calls $2
b2dfcd74: folds
Hero: folds
e434cc6c: folds
9faeca91: folds
b6877b9d: checks
*** FLOP *** [2d 5h 9h]
b6877b9d: checks
cbb00345: checks
*** TURN *** [2d 5h 9h] [Js]
b6877b9d: bets $3.75
cbb00345: folds
Uncalled bet ($3.75) returned to b6877b9d
*** SHOWDOWN ***
b6877b9d collected $5 from pot
*** SUMMARY ***
Total pot $5
Board [2d 5h 9h Js]
Seat 3: cbb00345 folded on the Turn
Seat 6: e434cc6c folded before Flop (didn't bet)
Seat 2: b6877b9d(big blind)won ($5) with Pair of Jacks
Seat 7: 9faeca91(small blind) folded before Flop
Seat 4: b2dfcd74 folded before Flop (didn't bet)
Seat 5: Hero folded before Flop (didn't bet)



Poker Hand #ring_938992974: NLH No Limit ($1/$2) - 2025/06/16 12:09:15
Table 'MR NLH 1/2' 7-max Seat #5 is the button
Seat 3: cbb00345 ($206.91 in chips)
Seat 6: e434cc6c ($447.71 in chips)
Seat 2: b6877b9d ($212.18 in chips)
Seat 7: 9faeca91 ($274.07 in chips)
Seat 1: 5dc4dc3f ($263 in chips)
Seat 4: b2dfcd74 ($506.73 in chips)
Seat 5: Hero ($277.19 in chips)
e434cc6c: posts small blind $1
9faeca91: posts big blind $2
*** HOLE CARDS ***
Dealt to cbb00345 
Dealt to e434cc6c 
Dealt to b6877b9d 
Dealt to 9faeca91 
Dealt to 5dc4dc3f 
Dealt to b2dfcd74 
Dealt to Hero [Qd 5d]
5dc4dc3f: folds
b6877b9d: folds
cbb00345: folds
b2dfcd74: folds
Hero: folds
e434cc6c: folds
*** SHOWDOWN ***
9faeca91 collected $3 from pot
*** SUMMARY ***
Total pot $3
Seat 3: cbb00345 folded before Flop (didn't bet)
Seat 6: e434cc6c(small blind) folded before Flop
Seat 2: b6877b9d folded before Flop (didn't bet)
Seat 7: 9faeca91(big blind)won ($3)
Seat 1: 5dc4dc3f folded before Flop (didn't bet)
Seat 4: b2dfcd74 folded before Flop (didn't bet)
Seat 5: Hero folded before Flop (didn't bet)



Poker Hand #ring_938992532: NLH No Limit ($1/$2) - 2025/06/16 12:08:39
Table 'MR NLH 1/2' 7-max Seat #4 is the button
Seat 3: cbb00345 ($206.91 in chips)
Seat 6: e434cc6c ($445.89 in chips)
Seat 2: b6877b9d ($212.18 in chips)
Seat 7: 9faeca91 ($274.07 in chips)
Seat 1: 5dc4dc3f ($263 in chips)
Seat 4: b2dfcd74 ($506.73 in chips)
Seat 5: Hero ($279.19 in chips)
Hero: posts small blind $1
e434cc6c: posts big blind $2
*** HOLE CARDS ***
Dealt to cbb00345 
Dealt to e434cc6c 
Dealt to b6877b9d 
Dealt to 9faeca91 
Dealt to 5dc4dc3f 
Dealt to b2dfcd74 
Dealt to Hero [7c Js]
9faeca91: folds
5dc4dc3f: folds
b6877b9d: folds
cbb00345: folds
b2dfcd74: folds
Hero: calls $1
e434cc6c: checks
*** FLOP *** [Ah Td 6c]
Hero: checks
e434cc6c: bets $2
Hero: folds
Uncalled bet ($2) returned to e434cc6c
*** SHOWDOWN ***
e434cc6c collected $4 from pot
*** SUMMARY ***
Total pot $4
Board [Ah Td 6c]
Seat 3: cbb00345 folded before Flop (didn't bet)
Seat 6: e434cc6c(big blind)won ($4) with Pair of Sixes
Seat 2: b6877b9d folded before Flop (didn't bet)
Seat 7: 9faeca91 folded before Flop (didn't bet)
Seat 1: 5dc4dc3f folded before Flop (didn't bet)
Seat 4: b2dfcd74 folded before Flop (didn't bet)
Seat 5: Hero(small blind) folded on the Flop



Poker Hand #ring_938992246: NLH No Limit ($1/$2) - 2025/06/16 12:08:17
Table 'MR NLH 1/2' 7-max Seat #3 is the button
Seat 3: cbb00345 ($206.91 in chips)
Seat 6: e434cc6c ($445.89 in chips)
Seat 2: b6877b9d ($212.18 in chips)
Seat 7: 9faeca91 ($274.07 in chips)
Seat 1: 5dc4dc3f ($263 in chips)
Seat 4: b2dfcd74 ($507.73 in chips)
Seat 5: Hero ($278.19 in chips)
b2dfcd74: posts small blind $1
Hero: posts big blind $2
*** HOLE CARDS ***
Dealt to cbb00345 
Dealt to e434cc6c 
Dealt to b6877b9d 
Dealt to 9faeca91 
Dealt to 5dc4dc3f 
Dealt to b2dfcd74 
Dealt to Hero [7d Ac]
e434cc6c: folds
9faeca91: folds
5dc4dc3f: folds
b6877b9d: folds
cbb00345: folds
b2dfcd74: folds
*** SHOWDOWN ***
Hero collected $3 from pot
*** SUMMARY ***
Total pot $3
Seat 3: cbb00345 folded before Flop (didn't bet)
Seat 6: e434cc6c folded before Flop (didn't bet)
Seat 2: b6877b9d folded before Flop (didn't bet)
Seat 7: 9faeca91 folded before Flop (didn't bet)
Seat 1: 5dc4dc3f folded before Flop (didn't bet)
Seat 4: b2dfcd74(small blind) folded before Flop
Seat 5: Hero(big blind)won ($3)



Poker Hand #ring_938990945: NLH No Limit ($1/$2) - 2025/06/16 12:06:51
Table 'MR NLH 1/2' 7-max Seat #2 is the button
Seat 3: cbb00345 ($207.91 in chips)
Seat 6: e434cc6c ($454.64 in chips)
Seat 2: b6877b9d ($220.94 in chips)
Seat 7: 9faeca91 ($274.07 in chips)
Seat 1: 5dc4dc3f ($263 in chips)
Seat 4: b2dfcd74 ($509.73 in chips)
Seat 5: Hero ($278.19 in chips)
cbb00345: posts small blind $1
b2dfcd74: posts big blind $2
*** HOLE CARDS ***
Dealt to cbb00345 
Dealt to e434cc6c 
Dealt to b6877b9d 
Dealt to 9faeca91 
Dealt to 5dc4dc3f 
Dealt to b2dfcd74 
Dealt to Hero [9c 2s]
Hero: folds
e434cc6c: raises $4 to $6
9faeca91: folds
5dc4dc3f: folds
b6877b9d: raises $15 to $21
cbb00345: folds
b2dfcd74: folds
e434cc6c: calls $15
*** FLOP *** [Ah 3d Tc]
e434cc6c: checks
b6877b9d: bets $37.1
e434cc6c: calls $37.1
*** TURN *** [Ah 3d Tc] [Kh]
e434cc6c: checks
b6877b9d: bets $89.4
e434cc6c: raises $89.4 to $178.8
b6877b9d: calls $73.44 and is all-in
Uncalled bet ($15.96) returned to e434cc6c
b6877b9d: shows [Ac Kc]
e434cc6c: shows [Kd As]
*** RIVER *** [Ah 3d Tc Kh] [7d]
*** SHOWDOWN ***
b6877b9d collected $222.44 from pot
e434cc6c collected $222.44 from pot
*** SUMMARY ***
Total pot $444.88
Board [Ah 3d Tc Kh 7d]
Seat 3: cbb00345(small blind) folded before Flop
Seat 6: e434cc6c showed [Kd As] and won ($222.44) with Pair of Aces and Pair of Kings
Seat 2: b6877b9d showed [Ac Kc] and won ($222.44) with Pair of Aces and Pair of Kings
Seat 7: 9faeca91 folded before Flop (didn't bet)
Seat 1: 5dc4dc3f folded before Flop (didn't bet)
Seat 4: b2dfcd74(big blind) folded before Flop
Seat 5: Hero folded before Flop (didn't bet)



Poker Hand #ring_938990489: NLH No Limit ($1/$2) - 2025/06/16 12:06:18
Table 'MR NLH 1/2' 7-max Seat #1 is the button
Seat 3: cbb00345 ($190.16 in chips)
Seat 6: e434cc6c ($454.64 in chips)
Seat 2: b6877b9d ($221.94 in chips)
Seat 7: 9faeca91 ($293.07 in chips)
Seat 1: 5dc4dc3f ($263 in chips)
Seat 4: b2dfcd74 ($509.73 in chips)
Seat 5: Hero ($278.19 in chips)
b6877b9d: posts small blind $1
cbb00345: posts big blind $2
*** HOLE CARDS ***
Dealt to cbb00345 
Dealt to e434cc6c 
Dealt to b6877b9d 
Dealt to 9faeca91 
Dealt to 5dc4dc3f 
Dealt to b2dfcd74 
Dealt to Hero [Ac 4s]
b2dfcd74: folds
Hero: folds
e434cc6c: folds
9faeca91: raises $4 to $6
5dc4dc3f: folds
b6877b9d: folds
cbb00345: raises $13 to $19
9faeca91: calls $13
*** FLOP *** [6s 3c 2h]
cbb00345: bets $39
9faeca91: folds
Uncalled bet ($39) returned to cbb00345
*** SHOWDOWN ***
cbb00345 collected $39 from pot
*** SUMMARY ***
Total pot $39
Board [6s 3c 2h]
Seat 3: cbb00345(big blind)won ($39) with Pair of Jacks
Seat 6: e434cc6c folded before Flop (didn't bet)
Seat 2: b6877b9d(small blind) folded before Flop
Seat 7: 9faeca91 folded on the Flop
Seat 1: 5dc4dc3f folded before Flop (didn't bet)
Seat 4: b2dfcd74 folded before Flop (didn't bet)
Seat 5: Hero folded before Flop (didn't bet)



Poker Hand #ring_938989647: NLH No Limit ($1/$2) - 2025/06/16 12:05:08
Table 'MR NLH 1/2' 7-max Seat #7 is the button
Seat 3: cbb00345 ($98.32 in chips)
Seat 6: e434cc6c ($454.64 in chips)
Seat 2: b6877b9d ($223.94 in chips)
Seat 7: 9faeca91 ($391.39 in chips)
Seat 1: 5dc4dc3f ($264 in chips)
Seat 4: b2dfcd74 ($509.73 in chips)
Seat 5: Hero ($278.19 in chips)
5dc4dc3f: posts small blind $1
b6877b9d: posts big blind $2
*** HOLE CARDS ***
Dealt to cbb00345 
Dealt to e434cc6c 
Dealt to b6877b9d 
Dealt to 9faeca91 
Dealt to 5dc4dc3f 
Dealt to b2dfcd74 
Dealt to Hero [9d Kc]
cbb00345: calls $2
b2dfcd74: folds
Hero: folds
e434cc6c: folds
9faeca91: raises $4 to $6
5dc4dc3f: folds
b6877b9d: folds
cbb00345: calls $4
*** FIRST FLOP *** [7c Ts 9s]
cbb00345: checks
9faeca91: bets $7.5
cbb00345: raises $30 to $37.5
9faeca91: raises $90 to $127.5
cbb00345: calls $54.82 and is all-in
Uncalled bet ($35.18) returned to 9faeca91
cbb00345: shows [9h As] (Pair of Nines)
9faeca91: shows [8s Qd] (Queen-High)
*** FIRST TURN *** [7c Ts 9s] [9c]
*** SECOND TURN *** [7c Ts 9s] [5s]
*** FIRST RIVER *** [7c Ts 9s 9c] [8h]
*** SECOND RIVER *** [7c Ts 9s 5s] [4h]
*** FIRST SHOWDOWN ***
cbb00345 collected $100.07 from pot
*** SECOND SHOWDOWN ***
cbb00345 collected $99.57 from pot
*** SUMMARY ***
Total pot $199.64
Hand was run two timesFIRST Board [7c Ts 9s 9c 8h]
SECOND Board [5s 4h]
Seat 3: cbb00345 showed [9h As] and won ($199.64) with Three Nines / Pair of Nines
Seat 6: e434cc6c folded before Flop (didn't bet)
Seat 2: b6877b9d(big blind) folded before Flop
Seat 7: 9faeca91 showed [8s Qd] and lost with Pair of Nines and Pair of Eights / Queen-High
Seat 1: 5dc4dc3f(small blind) folded before Flop
Seat 4: b2dfcd74 folded before Flop (didn't bet)
Seat 5: Hero folded before Flop (didn't bet)



Poker Hand #ring_938988968: NLH No Limit ($1/$2) - 2025/06/16 12:04:14
Table 'MR NLH 1/2' 7-max Seat #6 is the button
Seat 3: cbb00345 ($98.32 in chips)
Seat 6: e434cc6c ($451.64 in chips)
Seat 2: b6877b9d ($223.94 in chips)
Seat 7: 9faeca91 ($392.39 in chips)
Seat 1: 5dc4dc3f ($266 in chips)
Seat 4: b2dfcd74 ($509.73 in chips)
Seat 5: Hero ($278.19 in chips)
9faeca91: posts small blind $1
5dc4dc3f: posts big blind $2
*** HOLE CARDS ***
Dealt to cbb00345 
Dealt to e434cc6c 
Dealt to b6877b9d 
Dealt to 9faeca91 
Dealt to 5dc4dc3f 
Dealt to b2dfcd74 
Dealt to Hero [9s Qc]
b6877b9d: folds
cbb00345: folds
b2dfcd74: folds
Hero: folds
e434cc6c: raises $3 to $5
9faeca91: folds
5dc4dc3f: folds
Uncalled bet ($3) returned to e434cc6c
*** SHOWDOWN ***
e434cc6c collected $5 from pot
*** SUMMARY ***
Total pot $5
Seat 3: cbb00345 folded before Flop (didn't bet)
Seat 6: e434cc6cwon ($5)
Seat 2: b6877b9d folded before Flop (didn't bet)
Seat 7: 9faeca91(small blind) folded before Flop
Seat 1: 5dc4dc3f(big blind) folded before Flop
Seat 4: b2dfcd74 folded before Flop (didn't bet)
Seat 5: Hero folded before Flop (didn't bet)



Poker Hand #ring_938988472: NLH No Limit ($1/$2) - 2025/06/16 12:03:38
Table 'MR NLH 1/2' 7-max Seat #5 is the button
Seat 3: cbb00345 ($98.32 in chips)
Seat 6: e434cc6c ($452.64 in chips)
Seat 2: b6877b9d ($229.94 in chips)
Seat 7: 9faeca91 ($394.39 in chips)
Seat 4: b2dfcd74 ($500.73 in chips)
Seat 5: Hero ($278.19 in chips)
e434cc6c: posts small blind $1
9faeca91: posts big blind $2
*** HOLE CARDS ***
Dealt to cbb00345 
Dealt to e434cc6c 
Dealt to b6877b9d 
Dealt to 9faeca91 
Dealt to b2dfcd74 
Dealt to Hero [Qs 8c]
b6877b9d: raises $4 to $6
cbb00345: folds
b2dfcd74: raises $18 to $24
Hero: folds
e434cc6c: folds
9faeca91: folds
b6877b9d: folds
Uncalled bet ($18) returned to b2dfcd74
*** SHOWDOWN ***
b2dfcd74 collected $15 from pot
*** SUMMARY ***
Total pot $15
Seat 3: cbb00345 folded before Flop (didn't bet)
Seat 6: e434cc6c(small blind) folded before Flop
Seat 2: b6877b9d folded before Flop
Seat 7: 9faeca91(big blind) folded before Flop
Seat 4: b2dfcd74won ($15)
Seat 5: Hero folded before Flop (didn't bet)



Poker Hand #ring_938987511: NLH No Limit ($1/$2) - 2025/06/16 12:02:22
Table 'MR NLH 1/2' 7-max Seat #4 is the button
Seat 3: cbb00345 ($148.32 in chips)
Seat 6: e434cc6c ($405.73 in chips)
Seat 2: b6877b9d ($229.94 in chips)
Seat 7: 9faeca91 ($394.39 in chips)
Seat 4: b2dfcd74 ($500.73 in chips)
Seat 5: Hero ($280.19 in chips)
Hero: posts small blind $1
e434cc6c: posts big blind $2
*** HOLE CARDS ***
Dealt to cbb00345 
Dealt to e434cc6c 
Dealt to b6877b9d 
Dealt to 9faeca91 
Dealt to b2dfcd74 
Dealt to Hero [9s Jh]
9faeca91: folds
b6877b9d: folds
cbb00345: calls $2
b2dfcd74: folds
Hero: calls $1
e434cc6c: raises $12 to $14
cbb00345: calls $12
Hero: folds
*** FLOP *** [5h 9c Js]
e434cc6c: bets $18
cbb00345: calls $18
*** TURN *** [5h 9c Js] [Kc]
e434cc6c: checks
cbb00345: checks
*** RIVER *** [5h 9c Js Kc] [9h]
e434cc6c: bets $18
cbb00345: calls $18
cbb00345: shows [2d 2c]
e434cc6c: shows [As Jd]
Hero: shows [9s Jh]
*** SHOWDOWN ***
e434cc6c collected $102 from pot
*** SUMMARY ***
Total pot $102
Board [5h 9c Js Kc 9h]
Seat 3: cbb00345 showed [2d 2c] and lost with Pair of Nines and Pair of Twos
Seat 6: e434cc6c(big blind) showed [As Jd] and won ($102) with Pair of Jacks and Pair of Nines
Seat 2: b6877b9d folded before Flop (didn't bet)
Seat 7: 9faeca91 folded before Flop (didn't bet)
Seat 4: b2dfcd74 folded before Flop (didn't bet)
Seat 5: Hero(small blind) folded before Flop



Poker Hand #ring_938986708: NLH No Limit ($1/$2) - 2025/06/16 12:01:25
Table 'MR NLH 1/2' 7-max Seat #3 is the button
Seat 3: cbb00345 ($148.32 in chips)
Seat 6: e434cc6c ($405.73 in chips)
Seat 2: b6877b9d ($242.94 in chips)
Seat 7: 9faeca91 ($407.39 in chips)
Seat 4: b2dfcd74 ($501.73 in chips)
Seat 5: Hero ($255.49 in chips)
b2dfcd74: posts small blind $1
Hero: posts big blind $2
*** HOLE CARDS ***
Dealt to cbb00345 
Dealt to e434cc6c 
Dealt to b6877b9d 
Dealt to 9faeca91 
Dealt to b2dfcd74 
Dealt to Hero [Jc Kh]
e434cc6c: folds
9faeca91: raises $4 to $6
b6877b9d: calls $6
cbb00345: folds
b2dfcd74: folds
Hero: calls $4
*** FLOP *** [8c Kd Jd]
Hero: checks
9faeca91: bets $7
b6877b9d: calls $7
Hero: raises $32 to $39
9faeca91: folds
b6877b9d: folds
Uncalled bet ($32) returned to Hero
*** SHOWDOWN ***
Hero collected $40 from pot
*** SUMMARY ***
Total pot $40
Board [8c Kd Jd]
Seat 3: cbb00345 folded before Flop (didn't bet)
Seat 6: e434cc6c folded before Flop (didn't bet)
Seat 2: b6877b9d folded on the Flop
Seat 7: 9faeca91 folded on the Flop
Seat 4: b2dfcd74(small blind) folded before Flop
Seat 5: Hero(big blind)won ($40) with Pair of Kings and Pair of Jacks



Poker Hand #ring_938986308: NLH No Limit ($1/$2) - 2025/06/16 12:00:55
Table 'MR NLH 1/2' 7-max Seat #2 is the button
Seat 3: cbb00345 ($149.32 in chips)
Seat 6: e434cc6c ($411.73 in chips)
Seat 2: b6877b9d ($242.94 in chips)
Seat 7: 9faeca91 ($407.39 in chips)
Seat 4: b2dfcd74 ($494.73 in chips)
Seat 5: Hero ($255.49 in chips)
cbb00345: posts small blind $1
b2dfcd74: posts big blind $2
*** HOLE CARDS ***
Dealt to cbb00345 
Dealt to e434cc6c 
Dealt to b6877b9d 
Dealt to 9faeca91 
Dealt to b2dfcd74 
Dealt to Hero [3s Tc]
Hero: folds
e434cc6c: raises $4 to $6
9faeca91: folds
b6877b9d: folds
cbb00345: folds
b2dfcd74: raises $22 to $28
e434cc6c: folds
Uncalled bet ($22) returned to b2dfcd74
*** SHOWDOWN ***
b2dfcd74 collected $13 from pot
*** SUMMARY ***
Total pot $13
Seat 3: cbb00345(small blind) folded before Flop
Seat 6: e434cc6c folded before Flop
Seat 2: b6877b9d folded before Flop (didn't bet)
Seat 7: 9faeca91 folded before Flop (didn't bet)
Seat 4: b2dfcd74(big blind)won ($13)
Seat 5: Hero folded before Flop (didn't bet)



Poker Hand #ring_938986029: NLH No Limit ($1/$2) - 2025/06/16 12:00:35
Table 'MR NLH 1/2' 7-max Seat #7 is the button
Seat 3: cbb00345 ($151.32 in chips)
Seat 6: e434cc6c ($411.73 in chips)
Seat 2: b6877b9d ($243.94 in chips)
Seat 7: 9faeca91 ($404.39 in chips)
Seat 4: b2dfcd74 ($494.73 in chips)
Seat 5: Hero ($255.49 in chips)
b6877b9d: posts small blind $1
cbb00345: posts big blind $2
*** HOLE CARDS ***
Dealt to cbb00345 
Dealt to e434cc6c 
Dealt to b6877b9d 
Dealt to 9faeca91 
Dealt to b2dfcd74 
Dealt to Hero [8s 3h]
b2dfcd74: folds
Hero: folds
e434cc6c: folds
9faeca91: raises $4 to $6
b6877b9d: folds
cbb00345: folds
Uncalled bet ($4) returned to 9faeca91
*** SHOWDOWN ***
9faeca91 collected $5 from pot
*** SUMMARY ***
Total pot $5
Seat 3: cbb00345(big blind) folded before Flop
Seat 6: e434cc6c folded before Flop (didn't bet)
Seat 2: b6877b9d(small blind) folded before Flop
Seat 7: 9faeca91won ($5)
Seat 4: b2dfcd74 folded before Flop (didn't bet)
Seat 5: Hero folded before Flop (didn't bet)



Poker Hand #ring_938985531: NLH No Limit ($1/$2) - 2025/06/16 11:59:58
Table 'MR NLH 1/2' 7-max Seat #6 is the button
Seat 3: cbb00345 ($151.32 in chips)
Seat 6: e434cc6c ($411.73 in chips)
Seat 2: b6877b9d ($242.94 in chips)
Seat 7: 9faeca91 ($405.39 in chips)
Seat 4: b2dfcd74 ($494.73 in chips)
Seat 5: Hero ($255.49 in chips)
9faeca91: posts small blind $1
b6877b9d: posts big blind $2
*** HOLE CARDS ***
Dealt to cbb00345 
Dealt to e434cc6c 
Dealt to b6877b9d 
Dealt to 9faeca91 
Dealt to b2dfcd74 
Dealt to Hero [6s 7d]
cbb00345: folds
b2dfcd74: folds
Hero: folds
e434cc6c: folds
9faeca91: folds
*** SHOWDOWN ***
b6877b9d collected $3 from pot
*** SUMMARY ***
Total pot $3
Seat 3: cbb00345 folded before Flop (didn't bet)
Seat 6: e434cc6c folded before Flop (didn't bet)
Seat 2: b6877b9d(big blind)won ($3)
Seat 7: 9faeca91(small blind) folded before Flop
Seat 4: b2dfcd74 folded before Flop (didn't bet)
Seat 5: Hero folded before Flop (didn't bet)



Poker Hand #ring_938984746: NLH No Limit ($1/$2) - 2025/06/16 11:59:04
Table 'MR NLH 1/2' 7-max Seat #5 is the button
Seat 3: cbb00345 ($98 in chips)
Seat 6: e434cc6c ($412.73 in chips)
Seat 2: b6877b9d ($242.94 in chips)
Seat 7: 9faeca91 ($407.39 in chips)
Seat 1: fccba749 ($55.99 in chips)
Seat 4: b2dfcd74 ($494.73 in chips)
Seat 5: Hero ($255.49 in chips)
e434cc6c: posts small blind $1
9faeca91: posts big blind $2
*** HOLE CARDS ***
Dealt to cbb00345 
Dealt to e434cc6c 
Dealt to b6877b9d 
Dealt to 9faeca91 
Dealt to fccba749 
Dealt to b2dfcd74 
Dealt to Hero [Kc 3c]
fccba749: raises $7 to $9
b6877b9d: folds
cbb00345: calls $9
b2dfcd74: folds
Hero: folds
e434cc6c: folds
9faeca91: folds
*** FIRST FLOP *** [7d 4d 2d]
fccba749: bets $46.99 and is all-in
cbb00345: calls $46.99
fccba749: shows [9c 9s] (Pair of Nines)
cbb00345: shows [Qd Ks] (King-High)
*** FIRST TURN *** [7d 4d 2d] [5d]
*** SECOND TURN *** [7d 4d 2d] [5h]
*** FIRST RIVER *** [7d 4d 2d 5d] [7s]
*** SECOND RIVER *** [7d 4d 2d 5h] [Td]
*** FIRST SHOWDOWN ***
cbb00345 collected $57.75 from pot
*** SECOND SHOWDOWN ***
cbb00345 collected $57.23 from pot
*** SUMMARY ***
Total pot $114.98
Hand was run two timesFIRST Board [7d 4d 2d 5d 7s]
SECOND Board [5h Td]
Seat 3: cbb00345 showed [Qd Ks] and won ($114.98) with Queen High Flush / Queen High Flush
Seat 6: e434cc6c(small blind) folded before Flop
Seat 2: b6877b9d folded before Flop (didn't bet)
Seat 7: 9faeca91(big blind) folded before Flop
Seat 1: fccba749 showed [9c 9s] and lost with Pair of Nines and Pair of Sevens / Pair of Nines
Seat 4: b2dfcd74 folded before Flop (didn't bet)
Seat 5: Hero folded before Flop (didn't bet)



Poker Hand #ring_938984377: NLH No Limit ($1/$2) - 2025/06/16 11:58:36
Table 'MR NLH 1/2' 7-max Seat #4 is the button
Seat 3: cbb00345 ($100 in chips)
Seat 6: e434cc6c ($414.73 in chips)
Seat 2: b6877b9d ($242.94 in chips)
Seat 7: 9faeca91 ($407.39 in chips)
Seat 1: fccba749 ($55.99 in chips)
Seat 4: b2dfcd74 ($489.73 in chips)
Seat 5: Hero ($256.49 in chips)
Hero: posts small blind $1
e434cc6c: posts big blind $2
cbb00345: posts big blind $2
*** HOLE CARDS ***
Dealt to cbb00345 
Dealt to e434cc6c 
Dealt to b6877b9d 
Dealt to 9faeca91 
Dealt to fccba749 
Dealt to b2dfcd74 
Dealt to Hero [Jc 4c]
9faeca91: folds
fccba749: folds
b6877b9d: folds
cbb00345: checks
b2dfcd74: raises $6 to $8
Hero: folds
e434cc6c: folds
cbb00345: folds
Uncalled bet ($6) returned to b2dfcd74
*** SHOWDOWN ***
b2dfcd74 collected $7 from pot
*** SUMMARY ***
Total pot $7
Seat 3: cbb00345 folded before Flop
Seat 6: e434cc6c(big blind) folded before Flop
Seat 2: b6877b9d folded before Flop (didn't bet)
Seat 7: 9faeca91 folded before Flop (didn't bet)
Seat 1: fccba749 folded before Flop (didn't bet)
Seat 4: b2dfcd74won ($7)
Seat 5: Hero(small blind) folded before Flop



Poker Hand #ring_938983128: NLH No Limit ($1/$2) - 2025/06/16 11:57:07
Table 'MR NLH 1/2' 7-max Seat #2 is the button
Seat 6: e434cc6c ($414.73 in chips)
Seat 2: b6877b9d ($181.42 in chips)
Seat 7: 9faeca91 ($407.39 in chips)
Seat 1: fccba749 ($55.99 in chips)
Seat 4: b2dfcd74 ($490.73 in chips)
Seat 5: Hero ($323.59 in chips)
b2dfcd74: posts small blind $1
Hero: posts big blind $2
*** HOLE CARDS ***
Dealt to e434cc6c 
Dealt to b6877b9d 
Dealt to 9faeca91 
Dealt to fccba749 
Dealt to b2dfcd74 
Dealt to Hero [6s Ac]
e434cc6c: folds
9faeca91: folds
fccba749: folds
b6877b9d: raises $4 to $6
b2dfcd74: folds
Hero: calls $4
*** FLOP *** [Qd Ah 6d]
Hero: bets $6.5
b6877b9d: calls $6.5
*** TURN *** [Qd Ah 6d] [2s]
Hero: checks
b6877b9d: checks
*** RIVER *** [Qd Ah 6d 2s] [8s]
Hero: bets $20.8
b6877b9d: raises $33.8 to $54.6
Hero: calls $33.8
b6877b9d: shows [As Qc]
Hero: shows [6s Ac]
*** SHOWDOWN ***
b6877b9d collected $135.2 from pot
*** SUMMARY ***
Total pot $135.2
Board [Qd Ah 6d 2s 8s]
Seat 6: e434cc6c folded before Flop (didn't bet)
Seat 2: b6877b9d showed [As Qc] and won ($135.2) with Pair of Aces and Pair of Queens
Seat 7: 9faeca91 folded before Flop (didn't bet)
Seat 1: fccba749 folded before Flop (didn't bet)
Seat 4: b2dfcd74(small blind) folded before Flop
Seat 5: Hero(big blind) showed [6s Ac] and lost with Pair of Aces and Pair of Sixes



Poker Hand #ring_938982452: NLH No Limit ($1/$2) - 2025/06/16 11:56:16
Table 'MR NLH 1/2' 7-max Seat #1 is the button
Seat 6: e434cc6c ($416.73 in chips)
Seat 2: b6877b9d ($175.42 in chips)
Seat 7: 9faeca91 ($407.39 in chips)
Seat 1: fccba749 ($55.99 in chips)
Seat 4: b2dfcd74 ($492.73 in chips)
Seat 5: Hero ($325.59 in chips)
b6877b9d: posts small blind $1
b2dfcd74: posts big blind $2
*** HOLE CARDS ***
Dealt to e434cc6c 
Dealt to b6877b9d 
Dealt to 9faeca91 
Dealt to fccba749 
Dealt to b2dfcd74 
Dealt to Hero [Ah 6h]
Hero: calls $2
e434cc6c: calls $2
9faeca91: folds
fccba749: folds
b6877b9d: raises $18.17 to $20.17
b2dfcd74: folds
Hero: folds
e434cc6c: folds
Uncalled bet ($18.17) returned to b6877b9d
*** SHOWDOWN ***
b6877b9d collected $8 from pot
*** SUMMARY ***
Total pot $8
Seat 6: e434cc6c folded before Flop
Seat 2: b6877b9d(small blind)won ($8)
Seat 7: 9faeca91 folded before Flop (didn't bet)
Seat 1: fccba749 folded before Flop (didn't bet)
Seat 4: b2dfcd74(big blind) folded before Flop
Seat 5: Hero folded before Flop



Poker Hand #ring_938982051: NLH No Limit ($1/$2) - 2025/06/16 11:55:49
Table 'MR NLH 1/2' 7-max Seat #7 is the button
Seat 6: e434cc6c ($416.73 in chips)
Seat 2: b6877b9d ($177.42 in chips)
Seat 7: 9faeca91 ($407.39 in chips)
Seat 1: fccba749 ($53.99 in chips)
Seat 4: b2dfcd74 ($492.73 in chips)
Seat 5: Hero ($325.59 in chips)
fccba749: posts small blind $1
b6877b9d: posts big blind $2
*** HOLE CARDS ***
Dealt to e434cc6c 
Dealt to b6877b9d 
Dealt to 9faeca91 
Dealt to fccba749 
Dealt to b2dfcd74 
Dealt to Hero [4d 7h]
b2dfcd74: folds
Hero: folds
e434cc6c: folds
9faeca91: folds
fccba749: raises $6 to $8
b6877b9d: folds
Uncalled bet ($6) returned to fccba749
*** SHOWDOWN ***
fccba749 collected $4 from pot
*** SUMMARY ***
Total pot $4
Seat 6: e434cc6c folded before Flop (didn't bet)
Seat 2: b6877b9d(big blind) folded before Flop
Seat 7: 9faeca91 folded before Flop (didn't bet)
Seat 1: fccba749(small blind)won ($4)
Seat 4: b2dfcd74 folded before Flop (didn't bet)
Seat 5: Hero folded before Flop (didn't bet)



Poker Hand #ring_938981626: NLH No Limit ($1/$2) - 2025/06/16 11:55:17
Table 'MR NLH 1/2' 7-max Seat #6 is the button
Seat 6: e434cc6c ($416.73 in chips)
Seat 2: b6877b9d ($171 in chips)
Seat 7: 9faeca91 ($408.39 in chips)
Seat 1: fccba749 ($59.99 in chips)
Seat 4: b2dfcd74 ($492.73 in chips)
Seat 5: Hero ($325.59 in chips)
9faeca91: posts small blind $1
fccba749: posts big blind $2
*** HOLE CARDS ***
Dealt to e434cc6c 
Dealt to b6877b9d 
Dealt to 9faeca91 
Dealt to fccba749 
Dealt to b2dfcd74 
Dealt to Hero [7s 9c]
b6877b9d: raises $4 to $6
b2dfcd74: folds
Hero: folds
e434cc6c: folds
9faeca91: folds
fccba749: calls $4
*** FLOP *** [Jc Kh 2s]
fccba749: checks
b6877b9d: bets $9.75
fccba749: folds
Uncalled bet ($9.75) returned to b6877b9d
*** SHOWDOWN ***
b6877b9d collected $13 from pot
*** SUMMARY ***
Total pot $13
Board [Jc Kh 2s]
Seat 6: e434cc6c folded before Flop (didn't bet)
Seat 2: b6877b9dwon ($13) with Pair of Jacks
Seat 7: 9faeca91(small blind) folded before Flop
Seat 1: fccba749(big blind) folded on the Flop
Seat 4: b2dfcd74 folded before Flop (didn't bet)
Seat 5: Hero folded before Flop (didn't bet)



Poker Hand #ring_938980463: NLH No Limit ($1/$2) - 2025/06/16 11:53:52
Table 'MR NLH 1/2' 7-max Seat #5 is the button
Seat 6: e434cc6c ($417.73 in chips)
Seat 2: b6877b9d ($171 in chips)
Seat 7: 9faeca91 ($414.39 in chips)
Seat 1: fccba749 ($59.99 in chips)
Seat 4: b2dfcd74 ($492.73 in chips)
Seat 5: Hero ($319.17 in chips)
e434cc6c: posts small blind $1
9faeca91: posts big blind $2
*** HOLE CARDS ***
Dealt to e434cc6c 
Dealt to b6877b9d 
Dealt to 9faeca91 
Dealt to fccba749 
Dealt to b2dfcd74 
Dealt to Hero [Ac Qh]
fccba749: folds
b6877b9d: folds
b2dfcd74: folds
Hero: raises $4 to $6
e434cc6c: folds
9faeca91: calls $4
*** FLOP *** [6d 9c 9d]
9faeca91: checks
Hero: checks
*** TURN *** [6d 9c 9d] [Td]
9faeca91: checks
Hero: checks
*** RIVER *** [6d 9c 9d Td] [6h]
9faeca91: checks
Hero: checks
Hero: shows [Ac Qh]
9faeca91: shows [3h 7h]
*** SHOWDOWN ***
Hero collected $13 from pot
*** SUMMARY ***
Total pot $13
Board [6d 9c 9d Td 6h]
Seat 6: e434cc6c(small blind) folded before Flop
Seat 2: b6877b9d folded before Flop (didn't bet)
Seat 7: 9faeca91(big blind) showed [3h 7h] and lost with Pair of Nines and Pair of Sixes
Seat 1: fccba749 folded before Flop (didn't bet)
Seat 4: b2dfcd74 folded before Flop (didn't bet)
Seat 5: Hero showed [Ac Qh] and won ($13) with Pair of Nines and Pair of Sixes



Poker Hand #ring_938979538: NLH No Limit ($1/$2) - 2025/06/16 11:52:47
Table 'MR NLH 1/2' 7-max Seat #4 is the button
Seat 6: e434cc6c ($419.73 in chips)
Seat 2: b6877b9d ($171 in chips)
Seat 7: 9faeca91 ($414.39 in chips)
Seat 1: fccba749 ($75.99 in chips)
Seat 4: b2dfcd74 ($475.8 in chips)
Seat 5: Hero ($320.17 in chips)
Hero: posts small blind $1
e434cc6c: posts big blind $2
*** HOLE CARDS ***
Dealt to e434cc6c 
Dealt to b6877b9d 
Dealt to 9faeca91 
Dealt to fccba749 
Dealt to b2dfcd74 
Dealt to Hero [6s 3h]
9faeca91: folds
fccba749: raises $4 to $6
b6877b9d: folds
b2dfcd74: raises $10 to $16
Hero: folds
e434cc6c: folds
fccba749: calls $10
*** FLOP *** [8c 4s Ad]
fccba749: checks
b2dfcd74: bets $10
fccba749: folds
Uncalled bet ($10) returned to b2dfcd74
*** SHOWDOWN ***
b2dfcd74 collected $35 from pot
*** SUMMARY ***
Total pot $35
Board [8c 4s Ad]
Seat 6: e434cc6c(big blind) folded before Flop
Seat 2: b6877b9d folded before Flop (didn't bet)
Seat 7: 9faeca91 folded before Flop (didn't bet)
Seat 1: fccba749 folded on the Flop
Seat 4: b2dfcd74won ($35) with Pair of Aces
Seat 5: Hero(small blind) folded before Flop



Poker Hand #ring_938979003: NLH No Limit ($1/$2) - 2025/06/16 11:52:07
Table 'MR NLH 1/2' 7-max Seat #0 is the button
Seat 6: e434cc6c ($419.73 in chips)
Seat 2: b6877b9d ($171 in chips)
Seat 7: 9faeca91 ($414.39 in chips)
Seat 1: fccba749 ($77.99 in chips)
Seat 4: b2dfcd74 ($476.8 in chips)
Seat 5: Hero ($317.17 in chips)
b2dfcd74: posts small blind $1
Hero: posts big blind $2
*** HOLE CARDS ***
Dealt to e434cc6c 
Dealt to b6877b9d 
Dealt to 9faeca91 
Dealt to fccba749 
Dealt to b2dfcd74 
Dealt to Hero [Kd Kc]
e434cc6c: folds
9faeca91: folds
fccba749: calls $2
b6877b9d: folds
b2dfcd74: folds
Hero: raises $7 to $9
fccba749: folds
Uncalled bet ($7) returned to Hero
*** SHOWDOWN ***
Hero collected $5 from pot
*** SUMMARY ***
Total pot $5
Seat 6: e434cc6c folded before Flop (didn't bet)
Seat 2: b6877b9d folded before Flop (didn't bet)
Seat 7: 9faeca91 folded before Flop (didn't bet)
Seat 1: fccba749 folded before Flop
Seat 4: b2dfcd74(small blind) folded before Flop
Seat 5: Hero(big blind)won ($5)



Poker Hand #ring_938978382: NLH No Limit ($1/$2) - 2025/06/16 11:51:25
Table 'MR NLH 1/2' 7-max Seat #2 is the button
Seat 6: e434cc6c ($419.73 in chips)
Seat 2: b6877b9d ($171 in chips)
Seat 7: 9faeca91 ($427.39 in chips)
Seat 1: fccba749 ($64.75 in chips)
Seat 4: b2dfcd74 ($478.8 in chips)
Seat 5: Hero ($317.17 in chips)
b2dfcd74: posts big blind $2
*** HOLE CARDS ***
Dealt to e434cc6c 
Dealt to b6877b9d 
Dealt to 9faeca91 
Dealt to fccba749 
Dealt to b2dfcd74 
Dealt to Hero [2d 8c]
Hero: folds
e434cc6c: folds
9faeca91: raises $4 to $6
fccba749: calls $6
b6877b9d: folds
b2dfcd74: folds
*** FLOP *** [7d As Js]
9faeca91: bets $7
fccba749: calls $7
*** TURN *** [7d As Js] [Jh]
9faeca91: checks
fccba749: bets $14
9faeca91: folds
Uncalled bet ($14) returned to fccba749
*** SHOWDOWN ***
fccba749 collected $28 from pot
*** SUMMARY ***
Total pot $28
Board [7d As Js Jh]
Seat 6: e434cc6c folded before Flop (didn't bet)
Seat 2: b6877b9d folded before Flop (didn't bet)
Seat 7: 9faeca91 folded on the Turn
Seat 1: fccba749won ($28) with Three Jacks
Seat 4: b2dfcd74(big blind) folded before Flop
Seat 5: Hero folded before Flop (didn't bet)



Poker Hand #ring_938978096: NLH No Limit ($1/$2) - 2025/06/16 11:51:04
Table 'MR NLH 1/2' 7-max Seat #1 is the button
Seat 6: e434cc6c ($419.73 in chips)
Seat 2: b6877b9d ($172 in chips)
Seat 7: 9faeca91 ($427.39 in chips)
Seat 1: fccba749 ($64.75 in chips)
Seat 3: 6b197ec1 ($86.26 in chips)
Seat 4: b2dfcd74 ($475.8 in chips)
Seat 5: Hero ($317.17 in chips)
b6877b9d: posts small blind $1
6b197ec1: posts big blind $2
*** HOLE CARDS ***
Dealt to e434cc6c 
Dealt to b6877b9d 
Dealt to 9faeca91 
Dealt to fccba749 
Dealt to 6b197ec1 
Dealt to b2dfcd74 
Dealt to Hero [Ts 7h]
b2dfcd74: raises $2 to $4
Hero: folds
e434cc6c: folds
9faeca91: folds
fccba749: folds
b6877b9d: folds
6b197ec1: folds
Uncalled bet ($2) returned to b2dfcd74
*** SHOWDOWN ***
b2dfcd74 collected $5 from pot
*** SUMMARY ***
Total pot $5
Seat 6: e434cc6c folded before Flop (didn't bet)
Seat 2: b6877b9d(small blind) folded before Flop
Seat 7: 9faeca91 folded before Flop (didn't bet)
Seat 1: fccba749 folded before Flop (didn't bet)
Seat 3: 6b197ec1(big blind) folded before Flop
Seat 4: b2dfcd74won ($5)
Seat 5: Hero folded before Flop (didn't bet)



Poker Hand #ring_938976677: NLH No Limit ($1/$2) - 2025/06/16 11:49:24
Table 'MR NLH 1/2' 7-max Seat #7 is the button
Seat 6: e434cc6c ($419.73 in chips)
Seat 2: b6877b9d ($174 in chips)
Seat 7: 9faeca91 ($427.39 in chips)
Seat 1: fccba749 ($65.75 in chips)
Seat 3: 6b197ec1 ($233.18 in chips)
Seat 4: b2dfcd74 ($475.8 in chips)
Seat 5: Hero ($181.1 in chips)
fccba749: posts small blind $1
b6877b9d: posts big blind $2
*** HOLE CARDS ***
Dealt to e434cc6c 
Dealt to b6877b9d 
Dealt to 9faeca91 
Dealt to fccba749 
Dealt to 6b197ec1 
Dealt to b2dfcd74 
Dealt to Hero [8c Tc]
6b197ec1: raises $6 to $8
b2dfcd74: folds
Hero: calls $8
e434cc6c: folds
9faeca91: folds
fccba749: folds
b6877b9d: folds
*** FLOP *** [Th 4c 4h]
6b197ec1: bets $14.25
Hero: calls $14.25
*** TURN *** [Th 4c 4h] [6d]
6b197ec1: bets $35.62
Hero: calls $35.62
*** RIVER *** [Th 4c 4h 6d] [9s]
6b197ec1: bets $89.05
Hero: calls $89.05
6b197ec1: shows [5d 7d]
Hero: shows [8c Tc]
*** SHOWDOWN ***
Hero collected $296.84 from pot
*** SUMMARY ***
Total pot $296.84
Board [Th 4c 4h 6d 9s]
Seat 6: e434cc6c folded before Flop (didn't bet)
Seat 2: b6877b9d(big blind) folded before Flop
Seat 7: 9faeca91 folded before Flop (didn't bet)
Seat 1: fccba749(small blind) folded before Flop
Seat 3: 6b197ec1 showed [5d 7d] and lost with Pair of Fours
Seat 4: b2dfcd74 folded before Flop (didn't bet)
Seat 5: Hero showed [8c Tc] and won ($296.84) with Pair of Tens and Pair of Fours



Poker Hand #ring_938975832: NLH No Limit ($1/$2) - 2025/06/16 11:48:24
Table 'MR NLH 1/2' 7-max Seat #6 is the button
Seat 6: e434cc6c ($419.73 in chips)
Seat 2: b6877b9d ($174 in chips)
Seat 7: 9faeca91 ($302.04 in chips)
Seat 1: fccba749 ($71.75 in chips)
Seat 3: 6b197ec1 ($365.18 in chips)
Seat 4: b2dfcd74 ($475.8 in chips)
Seat 5: Hero ($181.1 in chips)
9faeca91: posts small blind $1
fccba749: posts big blind $2
*** HOLE CARDS ***
Dealt to e434cc6c 
Dealt to b6877b9d 
Dealt to 9faeca91 
Dealt to fccba749 
Dealt to 6b197ec1 
Dealt to b2dfcd74 
Dealt to Hero [2s 3s]
b6877b9d: folds
6b197ec1: calls $2
b2dfcd74: folds
Hero: folds
e434cc6c: folds
9faeca91: raises $4 to $6
fccba749: calls $4
6b197ec1: calls $4
*** FLOP *** [7c 6h Th]
9faeca91: bets $9
fccba749: folds
6b197ec1: calls $9
*** TURN *** [7c 6h Th] [3d]
9faeca91: bets $27
6b197ec1: calls $27
*** RIVER *** [7c 6h Th 3d] [9c]
9faeca91: checks
6b197ec1: bets $90
9faeca91: calls $90
6b197ec1: shows [Jd 9h]
9faeca91: shows [Tc As]
*** SHOWDOWN ***
9faeca91 collected $270 from pot
*** SUMMARY ***
Total pot $270
Board [7c 6h Th 3d 9c]
Seat 6: e434cc6c folded before Flop (didn't bet)
Seat 2: b6877b9d folded before Flop (didn't bet)
Seat 7: 9faeca91(small blind) showed [Tc As] and won ($270) with Pair of Tens
Seat 1: fccba749(big blind) folded on the Flop
Seat 3: 6b197ec1 showed [Jd 9h] and lost with Pair of Nines
Seat 4: b2dfcd74 folded before Flop (didn't bet)
Seat 5: Hero folded before Flop (didn't bet)



Poker Hand #ring_938974992: NLH No Limit ($1/$2) - 2025/06/16 11:47:23
Table 'MR NLH 1/2' 7-max Seat #5 is the button
Seat 6: e434cc6c ($420.73 in chips)
Seat 2: b6877b9d ($174 in chips)
Seat 7: 9faeca91 ($270.64 in chips)
Seat 1: fccba749 ($71.75 in chips)
Seat 3: 6b197ec1 ($399.18 in chips)
Seat 4: b2dfcd74 ($475.8 in chips)
Seat 5: Hero ($181.1 in chips)
e434cc6c: posts small blind $1
9faeca91: posts big blind $2
*** HOLE CARDS ***
Dealt to e434cc6c 
Dealt to b6877b9d 
Dealt to 9faeca91 
Dealt to fccba749 
Dealt to 6b197ec1 
Dealt to b2dfcd74 
Dealt to Hero [9c 8d]
fccba749: folds
b6877b9d: folds
6b197ec1: calls $2
b2dfcd74: folds
Hero: folds
e434cc6c: folds
9faeca91: raises $7 to $9
6b197ec1: calls $7
*** FLOP *** [6d Qd 7s]
9faeca91: checks
6b197ec1: checks
*** TURN *** [6d Qd 7s] [5d]
9faeca91: bets $25
6b197ec1: calls $25
*** RIVER *** [6d Qd 7s 5d] [Ts]
9faeca91: bets $111
6b197ec1: folds
Uncalled bet ($111) returned to 9faeca91
*** SHOWDOWN ***
9faeca91 collected $69 from pot
*** SUMMARY ***
Total pot $69
Board [6d Qd 7s 5d Ts]
Seat 6: e434cc6c(small blind) folded before Flop
Seat 2: b6877b9d folded before Flop (didn't bet)
Seat 7: 9faeca91(big blind)won ($69) with Pair of Kings
Seat 1: fccba749 folded before Flop (didn't bet)
Seat 3: 6b197ec1 folded on the River
Seat 4: b2dfcd74 folded before Flop (didn't bet)
Seat 5: Hero folded before Flop (didn't bet)



Poker Hand #ring_938974007: NLH No Limit ($1/$2) - 2025/06/16 11:46:16
Table 'MR NLH 1/2' 7-max Seat #4 is the button
Seat 6: e434cc6c ($422.73 in chips)
Seat 2: b6877b9d ($174 in chips)
Seat 7: 9faeca91 ($270.64 in chips)
Seat 1: fccba749 ($71.75 in chips)
Seat 3: 6b197ec1 ($377.25 in chips)
Seat 4: b2dfcd74 ($497.3 in chips)
Seat 5: Hero ($182.1 in chips)
Hero: posts small blind $1
e434cc6c: posts big blind $2
*** HOLE CARDS ***
Dealt to e434cc6c 
Dealt to b6877b9d 
Dealt to 9faeca91 
Dealt to fccba749 
Dealt to 6b197ec1 
Dealt to b2dfcd74 
Dealt to Hero [Kh 8s]
9faeca91: folds
fccba749: folds
b6877b9d: folds
6b197ec1: calls $2
b2dfcd74: raises $8 to $10
Hero: folds
e434cc6c: folds
6b197ec1: calls $8
*** FLOP *** [9s 3d Td]
6b197ec1: checks
b2dfcd74: checks
*** TURN *** [9s 3d Td] [9c]
6b197ec1: bets $11.5
b2dfcd74: calls $11.5
*** RIVER *** [9s 3d Td 9c] [4h]
6b197ec1: bets $23
b2dfcd74: folds
Uncalled bet ($23) returned to 6b197ec1
*** SHOWDOWN ***
6b197ec1 collected $46 from pot
*** SUMMARY ***
Total pot $46
Board [9s 3d Td 9c 4h]
Seat 6: e434cc6c(big blind) folded before Flop
Seat 2: b6877b9d folded before Flop (didn't bet)
Seat 7: 9faeca91 folded before Flop (didn't bet)
Seat 1: fccba749 folded before Flop (didn't bet)
Seat 3: 6b197ec1won ($46) with Pair of Tens and Pair of Nines
Seat 4: b2dfcd74 folded on the River
Seat 5: Hero(small blind) folded before Flop



Poker Hand #ring_938973127: NLH No Limit ($1/$2) - 2025/06/16 11:45:17
Table 'MR NLH 1/2' 7-max Seat #3 is the button
Seat 6: e434cc6c ($422.73 in chips)
Seat 2: b6877b9d ($174 in chips)
Seat 7: 9faeca91 ($270.64 in chips)
Seat 1: fccba749 ($71.75 in chips)
Seat 3: 6b197ec1 ($340.63 in chips)
Seat 4: b2dfcd74 ($517.2 in chips)
Seat 5: Hero ($202 in chips)
b2dfcd74: posts small blind $1
Hero: posts big blind $2
*** HOLE CARDS ***
Dealt to e434cc6c 
Dealt to b6877b9d 
Dealt to 9faeca91 
Dealt to fccba749 
Dealt to 6b197ec1 
Dealt to b2dfcd74 
Dealt to Hero [8d 5d]
e434cc6c: folds
9faeca91: folds
fccba749: folds
b6877b9d: folds
6b197ec1: calls $2
b2dfcd74: raises $8 to $10
Hero: calls $8
6b197ec1: calls $8
*** FLOP *** [5h Kh 3s]
b2dfcd74: bets $9.9
Hero: calls $9.9
6b197ec1: calls $9.9
*** TURN *** [5h Kh 3s] [Ah]
b2dfcd74: checks
Hero: checks
6b197ec1: bets $29.85
b2dfcd74: folds
Hero: folds
Uncalled bet ($29.85) returned to 6b197ec1
*** SHOWDOWN ***
6b197ec1 collected $59.7 from pot
*** SUMMARY ***
Total pot $59.7
Board [5h Kh 3s Ah]
Seat 6: e434cc6c folded before Flop (didn't bet)
Seat 2: b6877b9d folded before Flop (didn't bet)
Seat 7: 9faeca91 folded before Flop (didn't bet)
Seat 1: fccba749 folded before Flop (didn't bet)
Seat 3: 6b197ec1won ($59.7) with Pair of Aces and Pair of Fives
Seat 4: b2dfcd74(small blind) folded on the Turn
Seat 5: Hero(big blind) folded on the Turn



