Poker Hand #ring_934394861: NLH No Limit ($1/$2) - 2025/06/14 00:06:35
Table 'MR NLH 1/2' 7-max Seat #4 is the button
Seat 4: f78ff7da ($771.25 in chips)
Seat 1: 3aa588ed ($225.8 in chips)
Seat 6: 908f477f ($333.02 in chips)
Seat 3: 2476a546 ($260.24 in chips)
Seat 5: e8045fe7 ($430.2 in chips)
Seat 7: Hero ($162.89 in chips)
Seat 2: c10bdeb8 ($207.96 in chips)
e8045fe7: posts small blind $1
908f477f: posts big blind $2
*** HOLE CARDS ***
Dealt to f78ff7da 
Dealt to 3aa588ed 
Dealt to 908f477f 
Dealt to 2476a546 
Dealt to e8045fe7 
Dealt to Hero [Ac 7d]
Dealt to c10bdeb8 
Hero: folds
3aa588ed: folds
c10bdeb8: folds
2476a546: calls $2
f78ff7da: raises $6 to $8
e8045fe7: folds
908f477f: calls $6
2476a546: calls $6
*** FLOP *** [7s 6d Kh]
908f477f: checks
2476a546: checks
f78ff7da: bets $8.25
908f477f: folds
2476a546: folds
Uncalled bet ($8.25) returned to f78ff7da
*** SHOWDOWN ***
f78ff7da collected $25 from pot
*** SUMMARY ***
Total pot $25
Board [7s 6d Kh]
Seat 4: f78ff7dawon ($25) with Ace-High
Seat 1: 3aa588ed folded before Flop (didn't bet)
Seat 6: 908f477f(big blind) folded on the Flop
Seat 3: 2476a546 folded on the Flop
Seat 5: e8045fe7(small blind) folded before Flop
Seat 7: Hero folded before Flop (didn't bet)
Seat 2: c10bdeb8 folded before Flop (didn't bet)



Poker Hand #ring_934393982: NLH No Limit ($1/$2) - 2025/06/14 00:06:06
Table 'MR NLH 1/2' 7-max Seat #3 is the button
Seat 4: f78ff7da ($772.25 in chips)
Seat 1: 3aa588ed ($222.8 in chips)
Seat 6: 908f477f ($333.02 in chips)
Seat 3: 2476a546 ($260.24 in chips)
Seat 5: e8045fe7 ($432.2 in chips)
Seat 7: Hero ($162.89 in chips)
Seat 2: c10bdeb8 ($207.96 in chips)
f78ff7da: posts small blind $1
e8045fe7: posts big blind $2
*** HOLE CARDS ***
Dealt to f78ff7da 
Dealt to 3aa588ed 
Dealt to 908f477f 
Dealt to 2476a546 
Dealt to e8045fe7 
Dealt to Hero [Ts 6c]
Dealt to c10bdeb8 
908f477f: folds
Hero: folds
3aa588ed: raises $3 to $5
c10bdeb8: folds
2476a546: folds
f78ff7da: folds
e8045fe7: folds
Uncalled bet ($3) returned to 3aa588ed
*** SHOWDOWN ***
3aa588ed collected $5 from pot
*** SUMMARY ***
Total pot $5
Seat 4: f78ff7da(small blind) folded before Flop
Seat 1: 3aa588edwon ($5)
Seat 6: 908f477f folded before Flop (didn't bet)
Seat 3: 2476a546 folded before Flop (didn't bet)
Seat 5: e8045fe7(big blind) folded before Flop
Seat 7: Hero folded before Flop (didn't bet)
Seat 2: c10bdeb8 folded before Flop (didn't bet)



Poker Hand #ring_934390399: NLH No Limit ($1/$2) - 2025/06/14 00:04:16
Table 'MR NLH 1/2' 7-max Seat #2 is the button
Seat 4: f78ff7da ($400.58 in chips)
Seat 1: 3aa588ed ($623.38 in chips)
Seat 6: 908f477f ($340.02 in chips)
Seat 3: 2476a546 ($261.24 in chips)
Seat 5: e8045fe7 ($432.2 in chips)
Seat 7: Hero ($162.89 in chips)
Seat 2: c10bdeb8 ($207.96 in chips)
2476a546: posts small blind $1
f78ff7da: posts big blind $2
*** HOLE CARDS ***
Dealt to f78ff7da 
Dealt to 3aa588ed 
Dealt to 908f477f 
Dealt to 2476a546 
Dealt to e8045fe7 
Dealt to Hero [Qs 8c]
Dealt to c10bdeb8 
e8045fe7: folds
908f477f: raises $5 to $7
Hero: folds
3aa588ed: raises $9 to $16
c10bdeb8: folds
2476a546: folds
f78ff7da: raises $20 to $36
908f477f: folds
3aa588ed: calls $20
*** FLOP *** [4c 4d Jd]
f78ff7da: bets $26.4
3aa588ed: calls $26.4
*** TURN *** [4c 4d Jd] [Kc]
f78ff7da: bets $43.82
3aa588ed: calls $43.82
*** RIVER *** [4c 4d Jd Kc] [4h]
f78ff7da: bets $220.44
3aa588ed: raises $220.44 to $440.88
f78ff7da: calls $73.92 and is all-in
Uncalled bet ($146.52) returned to 3aa588ed
3aa588ed: shows [Js Jc]
f78ff7da: shows [Ks Kd]
*** SHOWDOWN ***
f78ff7da collected $809.16 from pot
*** SUMMARY ***
Total pot $809.16
Board [4c 4d Jd Kc 4h]
Seat 4: f78ff7da(big blind) showed [Ks Kd] and won ($809.16) with Kings Full over Fours
Seat 1: 3aa588ed showed [Js Jc] and lost with Jacks Full over Fours
Seat 6: 908f477f folded before Flop
Seat 3: 2476a546(small blind) folded before Flop
Seat 5: e8045fe7 folded before Flop (didn't bet)
Seat 7: Hero folded before Flop (didn't bet)
Seat 2: c10bdeb8 folded before Flop (didn't bet)



Poker Hand #ring_934389138: NLH No Limit ($1/$2) - 2025/06/14 00:03:38
Table 'MR NLH 1/2' 7-max Seat #1 is the button
Seat 4: f78ff7da ($400.58 in chips)
Seat 1: 3aa588ed ($630.38 in chips)
Seat 6: 908f477f ($369.02 in chips)
Seat 3: 2476a546 ($227.71 in chips)
Seat 5: e8045fe7 ($432.2 in chips)
Seat 7: Hero ($162.89 in chips)
Seat 2: c10bdeb8 ($208.96 in chips)
c10bdeb8: posts small blind $1
2476a546: posts big blind $2
*** HOLE CARDS ***
Dealt to f78ff7da 
Dealt to 3aa588ed 
Dealt to 908f477f 
Dealt to 2476a546 
Dealt to e8045fe7 
Dealt to Hero [Tc 4d]
Dealt to c10bdeb8 
f78ff7da: folds
e8045fe7: folds
908f477f: raises $5 to $7
Hero: folds
3aa588ed: calls $7
c10bdeb8: folds
2476a546: raises $22 to $29
908f477f: calls $22
3aa588ed: folds
*** FLOP *** [Qs Js 7c]
2476a546: bets $66
908f477f: folds
Uncalled bet ($66) returned to 2476a546
*** SHOWDOWN ***
2476a546 collected $66 from pot
*** SUMMARY ***
Total pot $66
Board [Qs Js 7c]
Seat 4: f78ff7da folded before Flop (didn't bet)
Seat 1: 3aa588ed folded before Flop
Seat 6: 908f477f folded on the Flop
Seat 3: 2476a546(big blind)won ($66) with Pair of Eights
Seat 5: e8045fe7 folded before Flop (didn't bet)
Seat 7: Hero folded before Flop (didn't bet)
Seat 2: c10bdeb8(small blind) folded before Flop



Poker Hand #ring_934387234: NLH No Limit ($1/$2) - 2025/06/14 00:02:40
Table 'MR NLH 1/2' 7-max Seat #7 is the button
Seat 4: f78ff7da ($400.58 in chips)
Seat 1: 3aa588ed ($635.38 in chips)
Seat 6: 908f477f ($357.78 in chips)
Seat 3: 2476a546 ($227.71 in chips)
Seat 5: e8045fe7 ($437.2 in chips)
Seat 7: Hero ($162.89 in chips)
Seat 2: c10bdeb8 ($210.96 in chips)
3aa588ed: posts small blind $1
c10bdeb8: posts big blind $2
*** HOLE CARDS ***
Dealt to f78ff7da 
Dealt to 3aa588ed 
Dealt to 908f477f 
Dealt to 2476a546 
Dealt to e8045fe7 
Dealt to Hero [Qc 7h]
Dealt to c10bdeb8 
2476a546: folds
f78ff7da: folds
e8045fe7: raises $3 to $5
908f477f: calls $5
Hero: folds
3aa588ed: calls $4
c10bdeb8: folds
*** FLOP *** [Ts 9d Td]
3aa588ed: checks
e8045fe7: checks
908f477f: checks
*** TURN *** [Ts 9d Td] [7c]
3aa588ed: checks
e8045fe7: checks
908f477f: checks
*** RIVER *** [Ts 9d Td 7c] [Kh]
3aa588ed: checks
e8045fe7: checks
908f477f: checks
3aa588ed: shows [5d 4h]
e8045fe7: shows [4s As]
908f477f: shows [Qd Ah]
*** SHOWDOWN ***
908f477f collected $17 from pot
*** SUMMARY ***
Total pot $17
Board [Ts 9d Td 7c Kh]
Seat 4: f78ff7da folded before Flop (didn't bet)
Seat 1: 3aa588ed(small blind) showed [5d 4h] and lost with Pair of Tens
Seat 6: 908f477f showed [Qd Ah] and won ($17) with Pair of Tens
Seat 3: 2476a546 folded before Flop (didn't bet)
Seat 5: e8045fe7 showed [4s As] and lost with Pair of Tens
Seat 7: Hero folded before Flop (didn't bet)
Seat 2: c10bdeb8(big blind) folded before Flop



Poker Hand #ring_934385431: NLH No Limit ($1/$2) - 2025/06/14 00:01:44
Table 'MR NLH 1/2' 7-max Seat #6 is the button
Seat 4: f78ff7da ($400.58 in chips)
Seat 1: 3aa588ed ($600.66 in chips)
Seat 6: 908f477f ($357.78 in chips)
Seat 3: 2476a546 ($227.71 in chips)
Seat 5: e8045fe7 ($437.2 in chips)
Seat 7: Hero ($201.59 in chips)
Seat 2: c10bdeb8 ($210.96 in chips)
Hero: posts small blind $1
3aa588ed: posts big blind $2
*** HOLE CARDS ***
Dealt to f78ff7da 
Dealt to 3aa588ed 
Dealt to 908f477f 
Dealt to 2476a546 
Dealt to e8045fe7 
Dealt to Hero [Ah Ac]
Dealt to c10bdeb8 
c10bdeb8: folds
2476a546: folds
f78ff7da: folds
e8045fe7: folds
908f477f: folds
Hero: raises $3 to $5
3aa588ed: calls $3
*** FLOP *** [Jd Qs Td]
Hero: bets $7.9
3aa588ed: calls $7.9
*** TURN *** [Jd Qs Td] [9h]
Hero: bets $12.9
3aa588ed: raises $12.9 to $25.8
Hero: calls $12.9
*** RIVER *** [Jd Qs Td 9h] [Jc]
Hero: checks
3aa588ed: bets $40
Hero: folds
Uncalled bet ($40) returned to 3aa588ed
*** SHOWDOWN ***
3aa588ed collected $77.4 from pot
*** SUMMARY ***
Total pot $77.4
Board [Jd Qs Td 9h Jc]
Seat 4: f78ff7da folded before Flop (didn't bet)
Seat 1: 3aa588ed(big blind)won ($77.4) with Queens-High Straight
Seat 6: 908f477f folded before Flop (didn't bet)
Seat 3: 2476a546 folded before Flop (didn't bet)
Seat 5: e8045fe7 folded before Flop (didn't bet)
Seat 7: Hero(small blind) folded on the River
Seat 2: c10bdeb8 folded before Flop (didn't bet)



Poker Hand #ring_934383294: NLH No Limit ($1/$2) - 2025/06/14 00:00:43
Table 'MR NLH 1/2' 7-max Seat #5 is the button
Seat 4: f78ff7da ($400.58 in chips)
Seat 1: 3aa588ed ($613.66 in chips)
Seat 6: 908f477f ($358.78 in chips)
Seat 3: 2476a546 ($240.71 in chips)
Seat 5: e8045fe7 ($437.2 in chips)
Seat 7: Hero ($176.89 in chips)
Seat 2: c10bdeb8 ($210.96 in chips)
908f477f: posts small blind $1
Hero: posts big blind $2
*** HOLE CARDS ***
Dealt to f78ff7da 
Dealt to 3aa588ed 
Dealt to 908f477f 
Dealt to 2476a546 
Dealt to e8045fe7 
Dealt to Hero [Ad 6d]
Dealt to c10bdeb8 
3aa588ed: raises $3 to $5
c10bdeb8: folds
2476a546: calls $5
f78ff7da: folds
e8045fe7: folds
908f477f: folds
Hero: calls $3
*** FLOP *** [9d Td As]
Hero: checks
3aa588ed: bets $8
2476a546: calls $8
Hero: raises $31.6 to $39.6
3aa588ed: folds
2476a546: folds
Uncalled bet ($31.6) returned to Hero
*** SHOWDOWN ***
Hero collected $40 from pot
*** SUMMARY ***
Total pot $40
Board [9d Td As]
Seat 4: f78ff7da folded before Flop (didn't bet)
Seat 1: 3aa588ed folded on the Flop
Seat 6: 908f477f(small blind) folded before Flop
Seat 3: 2476a546 folded on the Flop
Seat 5: e8045fe7 folded before Flop (didn't bet)
Seat 7: Hero(big blind)won ($40) with Pair of Aces
Seat 2: c10bdeb8 folded before Flop (didn't bet)



Poker Hand #ring_934381388: NLH No Limit ($1/$2) - 2025/06/13 23:59:45
Table 'MR NLH 1/2' 7-max Seat #4 is the button
Seat 4: f78ff7da ($430.62 in chips)
Seat 1: 3aa588ed ($613.66 in chips)
Seat 6: 908f477f ($360.78 in chips)
Seat 3: 2476a546 ($211 in chips)
Seat 5: e8045fe7 ($438.2 in chips)
Seat 7: Hero ($176.89 in chips)
Seat 2: c10bdeb8 ($210.96 in chips)
e8045fe7: posts small blind $1
908f477f: posts big blind $2
*** HOLE CARDS ***
Dealt to f78ff7da 
Dealt to 3aa588ed 
Dealt to 908f477f 
Dealt to 2476a546 
Dealt to e8045fe7 
Dealt to Hero [Jc 2s]
Dealt to c10bdeb8 
Hero: folds
3aa588ed: folds
c10bdeb8: folds
2476a546: calls $2
f78ff7da: raises $6 to $8
e8045fe7: folds
908f477f: folds
2476a546: calls $6
*** FLOP *** [Kd 5c Td]
2476a546: checks
f78ff7da: bets $9.5
2476a546: raises $12.54 to $22.04
f78ff7da: calls $12.54
*** TURN *** [Kd 5c Td] [3s]
2476a546: bets $31.54
f78ff7da: folds
Uncalled bet ($31.54) returned to 2476a546
*** SHOWDOWN ***
2476a546 collected $63.08 from pot
*** SUMMARY ***
Total pot $63.08
Board [Kd 5c Td 3s]
Seat 4: f78ff7da folded on the Turn
Seat 1: 3aa588ed folded before Flop (didn't bet)
Seat 6: 908f477f(big blind) folded before Flop
Seat 3: 2476a546won ($63.08) with Pair of Fives
Seat 5: e8045fe7(small blind) folded before Flop
Seat 7: Hero folded before Flop (didn't bet)
Seat 2: c10bdeb8 folded before Flop (didn't bet)



Poker Hand #ring_934378972: NLH No Limit ($1/$2) - 2025/06/13 23:58:31
Table 'MR NLH 1/2' 7-max Seat #3 is the button
Seat 4: f78ff7da ($431.62 in chips)
Seat 1: 3aa588ed ($625.16 in chips)
Seat 6: 908f477f ($360.78 in chips)
Seat 3: 2476a546 ($211 in chips)
Seat 5: e8045fe7 ($440.2 in chips)
Seat 7: Hero ($176.89 in chips)
Seat 2: c10bdeb8 ($198.13 in chips)
f78ff7da: posts small blind $1
e8045fe7: posts big blind $2
*** HOLE CARDS ***
Dealt to f78ff7da 
Dealt to 3aa588ed 
Dealt to 908f477f 
Dealt to 2476a546 
Dealt to e8045fe7 
Dealt to Hero [6d Js]
Dealt to c10bdeb8 
908f477f: folds
Hero: folds
3aa588ed: raises $3 to $5
c10bdeb8: calls $5
2476a546: folds
f78ff7da: folds
e8045fe7: folds
*** FLOP *** [3d 3s Ts]
3aa588ed: bets $6.5
c10bdeb8: calls $6.5
*** TURN *** [3d 3s Ts] [4h]
3aa588ed: checks
c10bdeb8: bets $15
3aa588ed: folds
Uncalled bet ($15) returned to c10bdeb8
c10bdeb8: shows [8s]
*** SHOWDOWN ***
c10bdeb8 collected $26 from pot
*** SUMMARY ***
Total pot $26
Board [3d 3s Ts 4h]
Seat 4: f78ff7da(small blind) folded before Flop
Seat 1: 3aa588ed folded on the Turn
Seat 6: 908f477f folded before Flop (didn't bet)
Seat 3: 2476a546 folded before Flop (didn't bet)
Seat 5: e8045fe7(big blind) folded before Flop
Seat 7: Hero folded before Flop (didn't bet)
Seat 2: c10bdeb8 showed [8s] and won ($26) with Pair of Eights and Pair of Treys



Poker Hand #ring_934377426: NLH No Limit ($1/$2) - 2025/06/13 23:57:43
Table 'MR NLH 1/2' 7-max Seat #2 is the button
Seat 4: f78ff7da ($433.62 in chips)
Seat 1: 3aa588ed ($625.16 in chips)
Seat 6: 908f477f ($352.5 in chips)
Seat 3: 2476a546 ($218 in chips)
Seat 5: e8045fe7 ($440.2 in chips)
Seat 7: Hero ($176.89 in chips)
Seat 2: c10bdeb8 ($198.13 in chips)
2476a546: posts small blind $1
f78ff7da: posts big blind $2
*** HOLE CARDS ***
Dealt to f78ff7da 
Dealt to 3aa588ed 
Dealt to 908f477f 
Dealt to 2476a546 
Dealt to e8045fe7 
Dealt to Hero [2d Ks]
Dealt to c10bdeb8 
e8045fe7: folds
908f477f: raises $5 to $7
Hero: folds
3aa588ed: folds
c10bdeb8: folds
2476a546: calls $6
f78ff7da: folds
*** FLOP *** [Kc As 6h]
2476a546: checks
908f477f: bets $6.72
2476a546: folds
Uncalled bet ($6.72) returned to 908f477f
*** SHOWDOWN ***
908f477f collected $16 from pot
*** SUMMARY ***
Total pot $16
Board [Kc As 6h]
Seat 4: f78ff7da(big blind) folded before Flop
Seat 1: 3aa588ed folded before Flop (didn't bet)
Seat 6: 908f477fwon ($16) with Pair of Aces
Seat 3: 2476a546(small blind) folded on the Flop
Seat 5: e8045fe7 folded before Flop (didn't bet)
Seat 7: Hero folded before Flop (didn't bet)
Seat 2: c10bdeb8 folded before Flop (didn't bet)



Poker Hand #ring_934375543: NLH No Limit ($1/$2) - 2025/06/13 23:56:47
Table 'MR NLH 1/2' 7-max Seat #1 is the button
Seat 4: f78ff7da ($433.62 in chips)
Seat 1: 3aa588ed ($627.16 in chips)
Seat 6: 908f477f ($354.5 in chips)
Seat 3: 2476a546 ($226 in chips)
Seat 5: e8045fe7 ($440.2 in chips)
Seat 7: Hero ($176.89 in chips)
Seat 2: c10bdeb8 ($187.53 in chips)
c10bdeb8: posts small blind $1
2476a546: posts big blind $2
*** HOLE CARDS ***
Dealt to f78ff7da 
Dealt to 3aa588ed 
Dealt to 908f477f 
Dealt to 2476a546 
Dealt to e8045fe7 
Dealt to Hero [Js 9h]
Dealt to c10bdeb8 
f78ff7da: folds
e8045fe7: folds
908f477f: calls $2
Hero: folds
3aa588ed: calls $2
c10bdeb8: calls $1
2476a546: checks
*** FLOP *** [6d Kc Jh]
c10bdeb8: checks
2476a546: checks
908f477f: checks
3aa588ed: checks
*** TURN *** [6d Kc Jh] [7s]
c10bdeb8: checks
2476a546: checks
908f477f: checks
3aa588ed: checks
*** RIVER *** [6d Kc Jh 7s] [Ac]
c10bdeb8: bets $6
2476a546: calls $6
908f477f: folds
3aa588ed: folds
c10bdeb8: shows [Td Qc]
2476a546: shows [3d Ah]
*** SHOWDOWN ***
c10bdeb8 collected $20 from pot
*** SUMMARY ***
Total pot $20
Board [6d Kc Jh 7s Ac]
Seat 4: f78ff7da folded before Flop (didn't bet)
Seat 1: 3aa588ed folded on the River
Seat 6: 908f477f folded on the River
Seat 3: 2476a546(big blind) showed [3d Ah] and lost with Pair of Aces
Seat 5: e8045fe7 folded before Flop (didn't bet)
Seat 7: Hero folded before Flop (didn't bet)
Seat 2: c10bdeb8(small blind) showed [Td Qc] and won ($20) with Aces-High Straight



Poker Hand #ring_934373771: NLH No Limit ($1/$2) - 2025/06/13 23:55:52
Table 'MR NLH 1/2' 7-max Seat #7 is the button
Seat 4: f78ff7da ($433.62 in chips)
Seat 1: 3aa588ed ($628.16 in chips)
Seat 6: 908f477f ($354.5 in chips)
Seat 3: 2476a546 ($228 in chips)
Seat 5: e8045fe7 ($440.2 in chips)
Seat 7: Hero ($273.83 in chips)
Seat 2: c10bdeb8 ($96.94 in chips)
3aa588ed: posts small blind $1
c10bdeb8: posts big blind $2
*** HOLE CARDS ***
Dealt to f78ff7da 
Dealt to 3aa588ed 
Dealt to 908f477f 
Dealt to 2476a546 
Dealt to e8045fe7 
Dealt to Hero [Jd Jh]
Dealt to c10bdeb8 
2476a546: calls $2
f78ff7da: folds
e8045fe7: folds
908f477f: folds
Hero: raises $8 to $10
3aa588ed: folds
c10bdeb8: raises $86.94 to $96.94 and is all-in
2476a546: folds
Hero: calls $86.94
c10bdeb8: shows [Ad Qc]
Hero: shows [Jd Jh]
*** FIRST FLOP *** [4d 4s Qd]
*** SECOND FLOP *** [9c Ts 5c]
*** FIRST TURN *** [4d 4s Qd] [6s]
*** SECOND TURN *** [9c Ts 5c] [7s]
*** FIRST RIVER *** [4d 4s Qd 6s] [8s]
*** SECOND RIVER *** [9c Ts 5c 7s] [As]
*** FIRST SHOWDOWN ***
c10bdeb8 collected $98.7 from pot
*** SECOND SHOWDOWN ***
c10bdeb8 collected $98.18 from pot
*** SUMMARY ***
Total pot $196.88
Hand was run two timesFIRST Board [4d 4s Qd 6s 8s]
SECOND Board [9c Ts 5c 7s As]
Seat 4: f78ff7da folded before Flop (didn't bet)
Seat 1: 3aa588ed(small blind) folded before Flop
Seat 6: 908f477f folded before Flop (didn't bet)
Seat 3: 2476a546 folded before Flop
Seat 5: e8045fe7 folded before Flop (didn't bet)
Seat 7: Hero showed [Jd Jh] and lost with Pair of Jacks and Pair of Fours / Pair of Jacks
Seat 2: c10bdeb8(big blind) showed [Ad Qc] and won ($196.88) with Pair of Queens and Pair of Fours / Pair of Aces



Poker Hand #ring_934371271: NLH No Limit ($1/$2) - 2025/06/13 23:54:36
Table 'MR NLH 1/2' 7-max Seat #6 is the button
Seat 4: f78ff7da ($433.62 in chips)
Seat 1: 3aa588ed ($615.24 in chips)
Seat 6: 908f477f ($364 in chips)
Seat 3: 2476a546 ($228 in chips)
Seat 5: e8045fe7 ($440.2 in chips)
Seat 7: Hero ($278.83 in chips)
Seat 2: c10bdeb8 ($96.94 in chips)
Hero: posts small blind $1
3aa588ed: posts big blind $2
*** HOLE CARDS ***
Dealt to f78ff7da 
Dealt to 3aa588ed 
Dealt to 908f477f 
Dealt to 2476a546 
Dealt to e8045fe7 
Dealt to Hero [8d 9d]
Dealt to c10bdeb8 
c10bdeb8: folds
2476a546: folds
f78ff7da: folds
e8045fe7: folds
908f477f: raises $3 to $5
Hero: calls $4
3aa588ed: calls $3
*** FLOP *** [Ad 6c Qh]
Hero: checks
3aa588ed: checks
908f477f: bets $4.5
Hero: folds
3aa588ed: calls $4.5
*** TURN *** [Ad 6c Qh] [4c]
3aa588ed: checks
908f477f: checks
*** RIVER *** [Ad 6c Qh 4c] [Qs]
3aa588ed: checks
908f477f: checks
3aa588ed: shows [6d Qc]
908f477f: shows [Ks Kd]
*** SHOWDOWN ***
3aa588ed collected $24 from pot
*** SUMMARY ***
Total pot $24
Board [Ad 6c Qh 4c Qs]
Seat 4: f78ff7da folded before Flop (didn't bet)
Seat 1: 3aa588ed(big blind) showed [6d Qc] and won ($24) with Queens Full over Sixes
Seat 6: 908f477f showed [Ks Kd] and lost with Pair of Kings and Pair of Queens
Seat 3: 2476a546 folded before Flop (didn't bet)
Seat 5: e8045fe7 folded before Flop (didn't bet)
Seat 7: Hero(small blind) folded on the Flop
Seat 2: c10bdeb8 folded before Flop (didn't bet)



Poker Hand #ring_934369462: NLH No Limit ($1/$2) - 2025/06/13 23:53:41
Table 'MR NLH 1/2' 7-max Seat #5 is the button
Seat 4: f78ff7da ($433.62 in chips)
Seat 1: 3aa588ed ($615.24 in chips)
Seat 6: 908f477f ($379 in chips)
Seat 3: 2476a546 ($230 in chips)
Seat 5: e8045fe7 ($440.2 in chips)
Seat 7: Hero ($263.77 in chips)
Seat 2: c10bdeb8 ($96.94 in chips)
908f477f: posts small blind $1
Hero: posts big blind $2
2476a546: posts big blind $2
*** HOLE CARDS ***
Dealt to f78ff7da 
Dealt to 3aa588ed 
Dealt to 908f477f 
Dealt to 2476a546 
Dealt to e8045fe7 
Dealt to Hero [4s As]
Dealt to c10bdeb8 
3aa588ed: folds
c10bdeb8: folds
2476a546: checks
f78ff7da: folds
e8045fe7: folds
908f477f: raises $5 to $7
Hero: calls $5
2476a546: folds
*** FLOP *** [6s Qc Kh]
908f477f: checks
Hero: checks
*** TURN *** [6s Qc Kh] [Ad]
908f477f: checks
Hero: bets $8
908f477f: calls $8
*** RIVER *** [6s Qc Kh Ad] [Jd]
908f477f: checks
Hero: checks
908f477f: shows [Kd 9d]
Hero: shows [4s As]
*** SHOWDOWN ***
Hero collected $32 from pot
*** SUMMARY ***
Total pot $32
Board [6s Qc Kh Ad Jd]
Seat 4: f78ff7da folded before Flop (didn't bet)
Seat 1: 3aa588ed folded before Flop (didn't bet)
Seat 6: 908f477f(small blind) showed [Kd 9d] and lost with Pair of Kings
Seat 3: 2476a546 folded before Flop
Seat 5: e8045fe7 folded before Flop (didn't bet)
Seat 7: Hero(big blind) showed [4s As] and won ($32) with Pair of Aces
Seat 2: c10bdeb8 folded before Flop (didn't bet)



Poker Hand #ring_934366830: NLH No Limit ($1/$2) - 2025/06/13 23:52:19
Table 'MR NLH 1/2' 7-max Seat #4 is the button
Seat 4: f78ff7da ($394 in chips)
Seat 1: 3aa588ed ($615.24 in chips)
Seat 6: 908f477f ($400 in chips)
Seat 5: e8045fe7 ($441.2 in chips)
Seat 7: Hero ($182.77 in chips)
Seat 2: c10bdeb8 ($96.94 in chips)
e8045fe7: posts small blind $1
908f477f: posts big blind $2
*** HOLE CARDS ***
Dealt to f78ff7da 
Dealt to 3aa588ed 
Dealt to 908f477f 
Dealt to e8045fe7 
Dealt to Hero [Ks Ts]
Dealt to c10bdeb8 
Hero: raises $4 to $6
3aa588ed: folds
c10bdeb8: folds
f78ff7da: raises $15 to $21
e8045fe7: folds
908f477f: calls $19
Hero: calls $15
*** FLOP *** [Jc 2h 3d]
908f477f: checks
Hero: checks
f78ff7da: checks
*** TURN *** [Jc 2h 3d] [2d]
908f477f: checks
Hero: checks
f78ff7da: checks
*** RIVER *** [Jc 2h 3d 2d] [7h]
908f477f: checks
Hero: checks
f78ff7da: checks
f78ff7da: shows [Kd Ac]
908f477f: shows [9d Td]
Hero: shows [Ks Ts]
*** SHOWDOWN ***
f78ff7da collected $64 from pot
*** SUMMARY ***
Total pot $64
Board [Jc 2h 3d 2d 7h]
Seat 4: f78ff7da showed [Kd Ac] and won ($64) with Pair of Twos
Seat 1: 3aa588ed folded before Flop (didn't bet)
Seat 6: 908f477f(big blind) showed [9d Td] and lost with Pair of Twos
Seat 5: e8045fe7(small blind) folded before Flop
Seat 7: Hero showed [Ks Ts] and lost with Pair of Twos
Seat 2: c10bdeb8 folded before Flop (didn't bet)



Poker Hand #ring_934365955: NLH No Limit ($1/$2) - 2025/06/13 23:51:52
Table 'MR NLH 1/2' 7-max Seat #2 is the button
Seat 4: f78ff7da ($395 in chips)
Seat 1: 3aa588ed ($615.24 in chips)
Seat 6: 908f477f ($397 in chips)
Seat 5: e8045fe7 ($443.2 in chips)
Seat 7: Hero ($182.77 in chips)
Seat 2: c10bdeb8 ($96.94 in chips)
f78ff7da: posts small blind $1
e8045fe7: posts big blind $2
*** HOLE CARDS ***
Dealt to f78ff7da 
Dealt to 3aa588ed 
Dealt to 908f477f 
Dealt to e8045fe7 
Dealt to Hero [2d 5d]
Dealt to c10bdeb8 
908f477f: raises $5 to $7
Hero: folds
3aa588ed: folds
c10bdeb8: folds
f78ff7da: folds
e8045fe7: folds
Uncalled bet ($5) returned to 908f477f
*** SHOWDOWN ***
908f477f collected $5 from pot
*** SUMMARY ***
Total pot $5
Seat 4: f78ff7da(small blind) folded before Flop
Seat 1: 3aa588ed folded before Flop (didn't bet)
Seat 6: 908f477fwon ($5)
Seat 5: e8045fe7(big blind) folded before Flop
Seat 7: Hero folded before Flop (didn't bet)
Seat 2: c10bdeb8 folded before Flop (didn't bet)



Poker Hand #ring_934365328: NLH No Limit ($1/$2) - 2025/06/13 23:51:32
Table 'MR NLH 1/2' 7-max Seat #1 is the button
Seat 4: f78ff7da ($397 in chips)
Seat 1: 3aa588ed ($615.24 in chips)
Seat 6: 908f477f ($394 in chips)
Seat 5: e8045fe7 ($443.2 in chips)
Seat 7: Hero ($182.77 in chips)
Seat 2: c10bdeb8 ($97.94 in chips)
c10bdeb8: posts small blind $1
f78ff7da: posts big blind $2
*** HOLE CARDS ***
Dealt to f78ff7da 
Dealt to 3aa588ed 
Dealt to 908f477f 
Dealt to e8045fe7 
Dealt to Hero [3s 4h]
Dealt to c10bdeb8 
e8045fe7: folds
908f477f: raises $5 to $7
Hero: folds
3aa588ed: folds
c10bdeb8: folds
f78ff7da: folds
Uncalled bet ($5) returned to 908f477f
*** SHOWDOWN ***
908f477f collected $5 from pot
*** SUMMARY ***
Total pot $5
Seat 4: f78ff7da(big blind) folded before Flop
Seat 1: 3aa588ed folded before Flop (didn't bet)
Seat 6: 908f477fwon ($5)
Seat 5: e8045fe7 folded before Flop (didn't bet)
Seat 7: Hero folded before Flop (didn't bet)
Seat 2: c10bdeb8(small blind) folded before Flop



Poker Hand #ring_934363300: NLH No Limit ($1/$2) - 2025/06/13 23:50:29
Table 'MR NLH 1/2' 7-max Seat #7 is the button
Seat 4: f78ff7da ($397 in chips)
Seat 1: 3aa588ed ($616.24 in chips)
Seat 6: 908f477f ($400 in chips)
Seat 5: e8045fe7 ($443.2 in chips)
Seat 7: Hero ($170.62 in chips)
Seat 2: c10bdeb8 ($103.94 in chips)
3aa588ed: posts small blind $1
c10bdeb8: posts big blind $2
908f477f: posts big blind $2
*** HOLE CARDS ***
Dealt to f78ff7da 
Dealt to 3aa588ed 
Dealt to 908f477f 
Dealt to e8045fe7 
Dealt to Hero [6c Ac]
Dealt to c10bdeb8 
f78ff7da: folds
e8045fe7: folds
908f477f: checks
Hero: raises $4 to $6
3aa588ed: folds
c10bdeb8: calls $4
908f477f: calls $4
*** FLOP *** [Jc Ts 9d]
c10bdeb8: checks
908f477f: checks
Hero: checks
*** TURN *** [Jc Ts 9d] [Kd]
c10bdeb8: checks
908f477f: checks
Hero: checks
*** RIVER *** [Jc Ts 9d Kd] [Kh]
c10bdeb8: checks
908f477f: checks
Hero: checks
c10bdeb8: shows [2c 3s]
908f477f: shows [5h 4d]
Hero: shows [6c Ac]
*** SHOWDOWN ***
Hero collected $19 from pot
*** SUMMARY ***
Total pot $19
Board [Jc Ts 9d Kd Kh]
Seat 4: f78ff7da folded before Flop (didn't bet)
Seat 1: 3aa588ed(small blind) folded before Flop
Seat 6: 908f477f showed [5h 4d] and lost with Pair of Kings
Seat 5: e8045fe7 folded before Flop (didn't bet)
Seat 7: Hero showed [6c Ac] and won ($19) with Pair of Kings
Seat 2: c10bdeb8(big blind) showed [2c 3s] and lost with Pair of Kings



Poker Hand #ring_934361105: NLH No Limit ($1/$2) - 2025/06/13 23:49:22
Table 'MR NLH 1/2' 7-max Seat #5 is the button
Seat 4: f78ff7da ($397 in chips)
Seat 1: 3aa588ed ($618.24 in chips)
Seat 3: 294da997 ($104.98 in chips)
Seat 5: e8045fe7 ($345.3 in chips)
Seat 7: Hero ($171.62 in chips)
Seat 2: c10bdeb8 ($103.94 in chips)
Hero: posts small blind $1
3aa588ed: posts big blind $2
*** HOLE CARDS ***
Dealt to f78ff7da 
Dealt to 3aa588ed 
Dealt to 294da997 
Dealt to e8045fe7 
Dealt to Hero [Js 8c]
Dealt to c10bdeb8 
c10bdeb8: folds
294da997: raises $4 to $6
f78ff7da: folds
e8045fe7: raises $11 to $17
Hero: folds
3aa588ed: folds
294da997: calls $11
*** FLOP *** [Ts 3d 9h]
294da997: checks
e8045fe7: bets $12.21
294da997: raises $30.71 to $42.92
e8045fe7: raises $61.42 to $104.34
294da997: calls $45.06 and is all-in
Uncalled bet ($16.36) returned to e8045fe7
294da997: shows [Kh 9c] (Pair of Nines)
e8045fe7: shows [Ac Ah] (Pair of Aces)
*** TURN *** [Ts 3d 9h] [Qs]
*** RIVER *** [Ts 3d 9h Qs] [3h]
*** SHOWDOWN ***
e8045fe7 collected $212.96 from pot
*** SUMMARY ***
Total pot $212.96
Board [Ts 3d 9h Qs 3h]
Seat 4: f78ff7da folded before Flop (didn't bet)
Seat 1: 3aa588ed(big blind) folded before Flop
Seat 3: 294da997 showed [Kh 9c] and lost with Pair of Nines and Pair of Treys
Seat 5: e8045fe7 showed [Ac Ah] and won ($212.96) with Pair of Aces and Pair of Treys
Seat 7: Hero(small blind) folded before Flop
Seat 2: c10bdeb8 folded before Flop (didn't bet)



Poker Hand #ring_934359350: NLH No Limit ($1/$2) - 2025/06/13 23:48:28
Table 'MR NLH 1/2' 7-max Seat #4 is the button
Seat 4: f78ff7da ($397 in chips)
Seat 1: 3aa588ed ($622.24 in chips)
Seat 3: 294da997 ($126.98 in chips)
Seat 5: e8045fe7 ($316.23 in chips)
Seat 7: Hero ($173.62 in chips)
Seat 2: c10bdeb8 ($107.94 in chips)
e8045fe7: posts small blind $1
Hero: posts big blind $2
*** HOLE CARDS ***
Dealt to f78ff7da 
Dealt to 3aa588ed 
Dealt to 294da997 
Dealt to e8045fe7 
Dealt to Hero [7c Js]
Dealt to c10bdeb8 
3aa588ed: raises $2 to $4
c10bdeb8: calls $4
294da997: calls $4
f78ff7da: folds
e8045fe7: raises $18 to $22
Hero: folds
3aa588ed: folds
c10bdeb8: folds
294da997: calls $18
*** FLOP *** [As Th 3c]
e8045fe7: bets $15
294da997: folds
Uncalled bet ($15) returned to e8045fe7
*** SHOWDOWN ***
e8045fe7 collected $54 from pot
*** SUMMARY ***
Total pot $54
Board [As Th 3c]
Seat 4: f78ff7da folded before Flop (didn't bet)
Seat 1: 3aa588ed folded before Flop
Seat 3: 294da997 folded on the Flop
Seat 5: e8045fe7(small blind)won ($54) with Ace-High
Seat 7: Hero(big blind) folded before Flop
Seat 2: c10bdeb8 folded before Flop



Poker Hand #ring_934357549: NLH No Limit ($1/$2) - 2025/06/13 23:47:33
Table 'MR NLH 1/2' 7-max Seat #3 is the button
Seat 4: f78ff7da ($398 in chips)
Seat 1: 3aa588ed ($622.24 in chips)
Seat 3: 294da997 ($126.98 in chips)
Seat 5: e8045fe7 ($318.23 in chips)
Seat 7: Hero ($190.87 in chips)
Seat 2: c10bdeb8 ($89.87 in chips)
f78ff7da: posts small blind $1
e8045fe7: posts big blind $2
*** HOLE CARDS ***
Dealt to f78ff7da 
Dealt to 3aa588ed 
Dealt to 294da997 
Dealt to e8045fe7 
Dealt to Hero [3c 3h]
Dealt to c10bdeb8 
Hero: raises $4 to $6
3aa588ed: folds
c10bdeb8: raises $11.25 to $17.25
294da997: folds
f78ff7da: folds
e8045fe7: folds
Hero: calls $11.25
*** FLOP *** [2h 7s 9h]
Hero: checks
c10bdeb8: bets $28.12
Hero: folds
Uncalled bet ($28.12) returned to c10bdeb8
*** SHOWDOWN ***
c10bdeb8 collected $37.5 from pot
*** SUMMARY ***
Total pot $37.5
Board [2h 7s 9h]
Seat 4: f78ff7da(small blind) folded before Flop
Seat 1: 3aa588ed folded before Flop (didn't bet)
Seat 3: 294da997 folded before Flop (didn't bet)
Seat 5: e8045fe7(big blind) folded before Flop
Seat 7: Hero folded on the Flop
Seat 2: c10bdeb8won ($37.5) with Pair of Queens



Poker Hand #ring_934355968: NLH No Limit ($1/$2) - 2025/06/13 23:46:45
Table 'MR NLH 1/2' 7-max Seat #2 is the button
Seat 4: f78ff7da ($400 in chips)
Seat 1: 3aa588ed ($627.24 in chips)
Seat 3: 294da997 ($131.98 in chips)
Seat 5: e8045fe7 ($302.72 in chips)
Seat 7: Hero ($190.87 in chips)
Seat 2: c10bdeb8 ($94.87 in chips)
294da997: posts small blind $1
f78ff7da: posts big blind $2
*** HOLE CARDS ***
Dealt to f78ff7da 
Dealt to 3aa588ed 
Dealt to 294da997 
Dealt to e8045fe7 
Dealt to Hero [2c 9c]
Dealt to c10bdeb8 
e8045fe7: raises $3 to $5
Hero: folds
3aa588ed: calls $5
c10bdeb8: calls $5
294da997: calls $4
f78ff7da: folds
*** FLOP *** [8s 3h 8h]
294da997: checks
e8045fe7: bets $11
3aa588ed: folds
c10bdeb8: folds
294da997: folds
Uncalled bet ($11) returned to e8045fe7
*** SHOWDOWN ***
e8045fe7 collected $22 from pot
*** SUMMARY ***
Total pot $22
Board [8s 3h 8h]
Seat 4: f78ff7da(big blind) folded before Flop
Seat 1: 3aa588ed folded on the Flop
Seat 3: 294da997(small blind) folded on the Flop
Seat 5: e8045fe7won ($22) with Pair of Jacks and Pair of Eights
Seat 7: Hero folded before Flop (didn't bet)
Seat 2: c10bdeb8 folded on the Flop



Poker Hand #ring_934354923: NLH No Limit ($1/$2) - 2025/06/13 23:46:13
Table 'MR NLH 1/2' 7-max Seat #1 is the button
Seat 1: 3aa588ed ($619.78 in chips)
Seat 3: 294da997 ($135.98 in chips)
Seat 5: e8045fe7 ($302.72 in chips)
Seat 7: Hero ($90.87 in chips)
Seat 2: c10bdeb8 ($98.87 in chips)
c10bdeb8: posts small blind $1
294da997: posts big blind $2
*** HOLE CARDS ***
Dealt to 3aa588ed 
Dealt to 294da997 
Dealt to e8045fe7 
Dealt to Hero [9h 3h]
Dealt to c10bdeb8 
e8045fe7: folds
Hero: folds
3aa588ed: raises $2 to $4
c10bdeb8: calls $3
294da997: calls $2
*** FLOP *** [As 7h Js]
c10bdeb8: checks
294da997: checks
3aa588ed: bets $6
c10bdeb8: folds
294da997: folds
Uncalled bet ($6) returned to 3aa588ed
*** SHOWDOWN ***
3aa588ed collected $12 from pot
*** SUMMARY ***
Total pot $12
Board [As 7h Js]
Seat 1: 3aa588edwon ($12) with Ace-High
Seat 3: 294da997(big blind) folded on the Flop
Seat 5: e8045fe7 folded before Flop (didn't bet)
Seat 7: Hero folded before Flop (didn't bet)
Seat 2: c10bdeb8(small blind) folded on the Flop



Poker Hand #ring_934354179: NLH No Limit ($1/$2) - 2025/06/13 23:45:51
Table 'MR NLH 1/2' 7-max Seat #7 is the button
Seat 1: 3aa588ed ($621.78 in chips)
Seat 3: 294da997 ($135.98 in chips)
Seat 5: e8045fe7 ($302.72 in chips)
Seat 7: Hero ($90.87 in chips)
Seat 2: c10bdeb8 ($96.87 in chips)
3aa588ed: posts small blind $1
c10bdeb8: posts big blind $2
*** HOLE CARDS ***
Dealt to 3aa588ed 
Dealt to 294da997 
Dealt to e8045fe7 
Dealt to Hero [3s Kc]
Dealt to c10bdeb8 
294da997: folds
e8045fe7: folds
Hero: folds
3aa588ed: calls $1
c10bdeb8: raises $6 to $8
3aa588ed: folds
Uncalled bet ($6) returned to c10bdeb8
*** SHOWDOWN ***
c10bdeb8 collected $4 from pot
*** SUMMARY ***
Total pot $4
Seat 1: 3aa588ed(small blind) folded before Flop
Seat 3: 294da997 folded before Flop (didn't bet)
Seat 5: e8045fe7 folded before Flop (didn't bet)
Seat 7: Hero folded before Flop (didn't bet)
Seat 2: c10bdeb8(big blind)won ($4)



Poker Hand #ring_934353175: NLH No Limit ($1/$2) - 2025/06/13 23:45:20
Table 'MR NLH 1/2' 7-max Seat #5 is the button
Seat 1: 3aa588ed ($623.78 in chips)
Seat 3: 294da997 ($135.98 in chips)
Seat 5: e8045fe7 ($308.72 in chips)
Seat 7: Hero ($82.87 in chips)
Seat 2: c10bdeb8 ($96.87 in chips)
Hero: posts small blind $1
3aa588ed: posts big blind $2
*** HOLE CARDS ***
Dealt to 3aa588ed 
Dealt to 294da997 
Dealt to e8045fe7 
Dealt to Hero [Jd Jh]
Dealt to c10bdeb8 
c10bdeb8: folds
294da997: folds
e8045fe7: raises $4 to $6
Hero: raises $17.5 to $23.5
3aa588ed: folds
e8045fe7: folds
Uncalled bet ($17.5) returned to Hero
*** SHOWDOWN ***
Hero collected $14 from pot
*** SUMMARY ***
Total pot $14
Seat 1: 3aa588ed(big blind) folded before Flop
Seat 3: 294da997 folded before Flop (didn't bet)
Seat 5: e8045fe7 folded before Flop
Seat 7: Hero(small blind)won ($14)
Seat 2: c10bdeb8 folded before Flop (didn't bet)



Poker Hand #ring_934351168: NLH No Limit ($1/$2) - 2025/06/13 23:44:18
Table 'MR NLH 1/2' 7-max Seat #3 is the button
Seat 1: 3aa588ed ($623.78 in chips)
Seat 3: 294da997 ($135.98 in chips)
Seat 5: e8045fe7 ($309.72 in chips)
Seat 7: Hero ($62.39 in chips)
Seat 2: c10bdeb8 ($118.87 in chips)
e8045fe7: posts small blind $1
Hero: posts big blind $2
*** HOLE CARDS ***
Dealt to 3aa588ed 
Dealt to 294da997 
Dealt to e8045fe7 
Dealt to Hero [4c Ks]
Dealt to c10bdeb8 
3aa588ed: folds
c10bdeb8: raises $2 to $4
294da997: folds
e8045fe7: folds
Hero: calls $2
*** FLOP *** [9h Kd 9s]
Hero: checks
c10bdeb8: checks
*** TURN *** [9h Kd 9s] [7c]
Hero: checks
c10bdeb8: bets $6.75
Hero: calls $6.75
*** RIVER *** [9h Kd 9s 7c] [8s]
Hero: checks
c10bdeb8: bets $11.25
Hero: calls $11.25
c10bdeb8: shows [8d Ac]
Hero: shows [4c Ks]
*** SHOWDOWN ***
Hero collected $45 from pot
*** SUMMARY ***
Total pot $45
Board [9h Kd 9s 7c 8s]
Seat 1: 3aa588ed folded before Flop (didn't bet)
Seat 3: 294da997 folded before Flop (didn't bet)
Seat 5: e8045fe7(small blind) folded before Flop
Seat 7: Hero(big blind) showed [4c Ks] and won ($45) with Pair of Kings and Pair of Nines
Seat 2: c10bdeb8 showed [8d Ac] and lost with Pair of Nines and Pair of Eights



Poker Hand #ring_934348889: NLH No Limit ($1/$2) - 2025/06/13 23:43:08
Table 'MR NLH 1/2' 7-max Seat #2 is the button
Seat 1: 3aa588ed ($652.78 in chips)
Seat 3: 294da997 ($136.98 in chips)
Seat 5: e8045fe7 ($314.72 in chips)
Seat 7: Hero ($62.39 in chips)
Seat 2: c10bdeb8 ($87.25 in chips)
294da997: posts small blind $1
e8045fe7: posts big blind $2
*** HOLE CARDS ***
Dealt to 3aa588ed 
Dealt to 294da997 
Dealt to e8045fe7 
Dealt to Hero [5s 7d]
Dealt to c10bdeb8 
Hero: folds
3aa588ed: raises $3 to $5
c10bdeb8: calls $5
294da997: folds
e8045fe7: calls $3
*** FLOP *** [Th 2c Jc]
e8045fe7: checks
3aa588ed: bets $8
c10bdeb8: raises $16 to $24
e8045fe7: folds
3aa588ed: calls $16
*** TURN *** [Th 2c Jc] [8s]
3aa588ed: checks
c10bdeb8: bets $58.25 and is all-in
3aa588ed: folds
Uncalled bet ($58.25) returned to c10bdeb8
*** SHOWDOWN ***
c10bdeb8 collected $64 from pot
*** SUMMARY ***
Total pot $64
Board [Th 2c Jc 8s]
Seat 1: 3aa588ed folded on the Turn
Seat 3: 294da997(small blind) folded before Flop
Seat 5: e8045fe7(big blind) folded on the Flop
Seat 7: Hero folded before Flop (didn't bet)
Seat 2: c10bdeb8won ($64) with Queen-High



Poker Hand #ring_934347663: NLH No Limit ($1/$2) - 2025/06/13 23:42:30
Table 'MR NLH 1/2' 7-max Seat #1 is the button
Seat 1: 3aa588ed ($652.78 in chips)
Seat 3: 294da997 ($150.23 in chips)
Seat 5: e8045fe7 ($314.72 in chips)
Seat 7: Hero ($49.87 in chips)
Seat 2: c10bdeb8 ($88.25 in chips)
c10bdeb8: posts small blind $1
294da997: posts big blind $2
*** HOLE CARDS ***
Dealt to 3aa588ed 
Dealt to 294da997 
Dealt to e8045fe7 
Dealt to Hero [8s As]
Dealt to c10bdeb8 
e8045fe7: folds
Hero: raises $3 to $5
3aa588ed: folds
c10bdeb8: folds
294da997: raises $8.25 to $13.25
Hero: calls $8.25
*** FLOP *** [3s Qs Qh]
294da997: checks
Hero: bets $34.38
294da997: folds
Uncalled bet ($34.38) returned to Hero
*** SHOWDOWN ***
Hero collected $27.5 from pot
*** SUMMARY ***
Total pot $27.5
Board [3s Qs Qh]
Seat 1: 3aa588ed folded before Flop (didn't bet)
Seat 3: 294da997(big blind) folded on the Flop
Seat 5: e8045fe7 folded before Flop (didn't bet)
Seat 7: Herowon ($27.5) with Pair of Queens
Seat 2: c10bdeb8(small blind) folded before Flop



Poker Hand #ring_934347177: NLH No Limit ($1/$2) - 2025/06/13 23:42:15
Table 'MR NLH 1/2' 7-max Seat #7 is the button
Seat 1: 3aa588ed ($653.78 in chips)
Seat 3: 294da997 ($150.23 in chips)
Seat 5: e8045fe7 ($314.72 in chips)
Seat 7: Hero ($49.87 in chips)
Seat 2: c10bdeb8 ($87.25 in chips)
3aa588ed: posts small blind $1
c10bdeb8: posts big blind $2
*** HOLE CARDS ***
Dealt to 3aa588ed 
Dealt to 294da997 
Dealt to e8045fe7 
Dealt to Hero [3h 7d]
Dealt to c10bdeb8 
294da997: folds
e8045fe7: folds
Hero: folds
3aa588ed: folds
*** SHOWDOWN ***
c10bdeb8 collected $3 from pot
*** SUMMARY ***
Total pot $3
Seat 1: 3aa588ed(small blind) folded before Flop
Seat 3: 294da997 folded before Flop (didn't bet)
Seat 5: e8045fe7 folded before Flop (didn't bet)
Seat 7: Hero folded before Flop (didn't bet)
Seat 2: c10bdeb8(big blind)won ($3)



Poker Hand #ring_934346031: NLH No Limit ($1/$2) - 2025/06/13 23:41:40
Table 'MR NLH 1/2' 7-max Seat #0 is the button
Seat 1: 3aa588ed ($657.78 in chips)
Seat 3: 294da997 ($150.23 in chips)
Seat 5: e8045fe7 ($314.72 in chips)
Seat 7: Hero ($50.87 in chips)
Seat 2: c10bdeb8 ($82.65 in chips)
Hero: posts small blind $1
3aa588ed: posts big blind $2
*** HOLE CARDS ***
Dealt to 3aa588ed 
Dealt to 294da997 
Dealt to e8045fe7 
Dealt to Hero [7h Tc]
Dealt to c10bdeb8 
c10bdeb8: raises $2 to $4
294da997: folds
e8045fe7: folds
Hero: folds
3aa588ed: calls $2
*** FLOP *** [8d 2c 6c]
3aa588ed: checks
c10bdeb8: bets $9
3aa588ed: folds
Uncalled bet ($9) returned to c10bdeb8
*** SHOWDOWN ***
c10bdeb8 collected $9 from pot
*** SUMMARY ***
Total pot $9
Board [8d 2c 6c]
Seat 1: 3aa588ed(big blind) folded on the Flop
Seat 3: 294da997 folded before Flop (didn't bet)
Seat 5: e8045fe7 folded before Flop (didn't bet)
Seat 7: Hero(small blind) folded before Flop
Seat 2: c10bdeb8won ($9) with Pair of Jacks



Poker Hand #ring_934340998: NLH No Limit ($1/$2) - 2025/06/13 23:39:03
Table 'MR NLH 1/2' 7-max Seat #5 is the button
Seat 1: 3aa588ed ($332.77 in chips)
Seat 3: 294da997 ($150.23 in chips)
Seat 5: e8045fe7 ($314.72 in chips)
Seat 7: Hero ($383.64 in chips)
Seat 2: c10bdeb8 ($106.4 in chips)
Hero: posts big blind $2
*** HOLE CARDS ***
Dealt to 3aa588ed 
Dealt to 294da997 
Dealt to e8045fe7 
Dealt to Hero [Jd Jh]
Dealt to c10bdeb8 
3aa588ed: raises $3 to $5
c10bdeb8: calls $5
294da997: folds
e8045fe7: folds
Hero: raises $18.75 to $23.75
3aa588ed: calls $18.75
c10bdeb8: calls $18.75
*** FIRST FLOP *** [4s 9c 4d]
Hero: checks
3aa588ed: bets $35.63
c10bdeb8: folds
Hero: raises $72.68 to $108.31
3aa588ed: calls $72.68
*** FIRST TURN *** [4s 9c 4d] [7d]
Hero: bets $251.58 and is all-in
3aa588ed: calls $200.71 and is all-in
Uncalled bet ($50.87) returned to Hero
3aa588ed: shows [Qc Qs]
Hero: shows [Jd Jh]
*** FIRST RIVER *** [4s 9c 4d 7d] [3d]
*** SECOND RIVER *** [4s 9c 4d 7d] [5h]
*** FIRST SHOWDOWN ***
3aa588ed collected $344.9 from pot
*** SECOND SHOWDOWN ***
3aa588ed collected $344.39 from pot
*** SUMMARY ***
Total pot $689.29
Hand was run two timesFIRST Board [4s 9c 4d 7d 3d]
SECOND Board [5h]
Seat 1: 3aa588ed showed [Qc Qs] and won ($689.29) with Pair of Queens and Pair of Fours / Pair of Queens and Pair of Fours
Seat 3: 294da997 folded before Flop (didn't bet)
Seat 5: e8045fe7 folded before Flop (didn't bet)
Seat 7: Hero(big blind) showed [Jd Jh] and lost with Pair of Jacks and Pair of Fours / Pair of Jacks and Pair of Fours
Seat 2: c10bdeb8 folded on the Flop



Poker Hand #ring_934338136: NLH No Limit ($1/$2) - 2025/06/13 23:37:34
Table 'MR NLH 1/2' 7-max Seat #3 is the button
Seat 1: 3aa588ed ($332.77 in chips)
Seat 3: 294da997 ($150.23 in chips)
Seat 5: e8045fe7 ($189.37 in chips)
Seat 6: 919abbd5 ($289.47 in chips)
Seat 7: Hero ($383.64 in chips)
Seat 2: c10bdeb8 ($112.4 in chips)
e8045fe7: posts small blind $1
919abbd5: posts big blind $2
*** HOLE CARDS ***
Dealt to 3aa588ed 
Dealt to 294da997 
Dealt to e8045fe7 
Dealt to 919abbd5 
Dealt to Hero [Jh 2s]
Dealt to c10bdeb8 
Hero: folds
3aa588ed: folds
c10bdeb8: raises $4 to $6
294da997: folds
e8045fe7: calls $5
919abbd5: raises $18 to $24
c10bdeb8: folds
e8045fe7: calls $18
*** FLOP *** [3c 5s Qh]
e8045fe7: checks
919abbd5: bets $27
e8045fe7: calls $27
*** TURN *** [3c 5s Qh] [4s]
e8045fe7: checks
919abbd5: checks
*** RIVER *** [3c 5s Qh 4s] [8d]
e8045fe7: bets $81
919abbd5: calls $81
e8045fe7: shows [3h 3d]
919abbd5: shows [Qc Ac]
*** SHOWDOWN ***
e8045fe7 collected $270 from pot
*** SUMMARY ***
Total pot $270
Board [3c 5s Qh 4s 8d]
Seat 1: 3aa588ed folded before Flop (didn't bet)
Seat 3: 294da997 folded before Flop (didn't bet)
Seat 5: e8045fe7(small blind) showed [3h 3d] and won ($270) with Three Treys
Seat 6: 919abbd5(big blind) showed [Qc Ac] and lost with Pair of Queens
Seat 7: Hero folded before Flop (didn't bet)
Seat 2: c10bdeb8 folded before Flop



Poker Hand #ring_934337111: NLH No Limit ($1/$2) - 2025/06/13 23:37:02
Table 'MR NLH 1/2' 7-max Seat #2 is the button
Seat 1: 3aa588ed ($332.77 in chips)
Seat 3: 294da997 ($148.23 in chips)
Seat 5: e8045fe7 ($191.37 in chips)
Seat 6: 919abbd5 ($289.47 in chips)
Seat 7: Hero ($383.64 in chips)
Seat 2: c10bdeb8 ($112.4 in chips)
294da997: posts small blind $1
e8045fe7: posts big blind $2
*** HOLE CARDS ***
Dealt to 3aa588ed 
Dealt to 294da997 
Dealt to e8045fe7 
Dealt to 919abbd5 
Dealt to Hero [8h Kd]
Dealt to c10bdeb8 
919abbd5: folds
Hero: folds
3aa588ed: folds
c10bdeb8: folds
294da997: raises $5 to $7
e8045fe7: folds
Uncalled bet ($5) returned to 294da997
*** SHOWDOWN ***
294da997 collected $4 from pot
*** SUMMARY ***
Total pot $4
Seat 1: 3aa588ed folded before Flop (didn't bet)
Seat 3: 294da997(small blind)won ($4)
Seat 5: e8045fe7(big blind) folded before Flop
Seat 6: 919abbd5 folded before Flop (didn't bet)
Seat 7: Hero folded before Flop (didn't bet)
Seat 2: c10bdeb8 folded before Flop (didn't bet)



Poker Hand #ring_934335347: NLH No Limit ($1/$2) - 2025/06/13 23:36:09
Table 'MR NLH 1/2' 7-max Seat #1 is the button
Seat 1: 3aa588ed ($346.77 in chips)
Seat 3: 294da997 ($150.23 in chips)
Seat 5: e8045fe7 ($191.37 in chips)
Seat 6: 919abbd5 ($289.47 in chips)
Seat 7: Hero ($383.64 in chips)
Seat 2: c10bdeb8 ($98.25 in chips)
c10bdeb8: posts small blind $1
294da997: posts big blind $2
*** HOLE CARDS ***
Dealt to 3aa588ed 
Dealt to 294da997 
Dealt to e8045fe7 
Dealt to 919abbd5 
Dealt to Hero [Ks 9d]
Dealt to c10bdeb8 
e8045fe7: folds
919abbd5: folds
Hero: folds
3aa588ed: raises $3 to $5
c10bdeb8: raises $9 to $14
294da997: folds
3aa588ed: calls $9
*** FLOP *** [8c 4h 6d]
c10bdeb8: bets $22.5
3aa588ed: folds
Uncalled bet ($22.5) returned to c10bdeb8
*** SHOWDOWN ***
c10bdeb8 collected $30 from pot
*** SUMMARY ***
Total pot $30
Board [8c 4h 6d]
Seat 1: 3aa588ed folded on the Flop
Seat 3: 294da997(big blind) folded before Flop
Seat 5: e8045fe7 folded before Flop (didn't bet)
Seat 6: 919abbd5 folded before Flop (didn't bet)
Seat 7: Hero folded before Flop (didn't bet)
Seat 2: c10bdeb8(small blind)won ($30) with Pair of Jacks



Poker Hand #ring_934334580: NLH No Limit ($1/$2) - 2025/06/13 23:35:45
Table 'MR NLH 1/2' 7-max Seat #7 is the button
Seat 1: 3aa588ed ($347.77 in chips)
Seat 3: 294da997 ($150.23 in chips)
Seat 5: e8045fe7 ($191.37 in chips)
Seat 6: 919abbd5 ($286.47 in chips)
Seat 7: Hero ($383.64 in chips)
Seat 2: c10bdeb8 ($100.25 in chips)
3aa588ed: posts small blind $1
c10bdeb8: posts big blind $2
*** HOLE CARDS ***
Dealt to 3aa588ed 
Dealt to 294da997 
Dealt to e8045fe7 
Dealt to 919abbd5 
Dealt to Hero [2d 9d]
Dealt to c10bdeb8 
294da997: folds
e8045fe7: folds
919abbd5: raises $4 to $6
Hero: folds
3aa588ed: folds
c10bdeb8: folds
Uncalled bet ($4) returned to 919abbd5
*** SHOWDOWN ***
919abbd5 collected $5 from pot
*** SUMMARY ***
Total pot $5
Seat 1: 3aa588ed(small blind) folded before Flop
Seat 3: 294da997 folded before Flop (didn't bet)
Seat 5: e8045fe7 folded before Flop (didn't bet)
Seat 6: 919abbd5won ($5)
Seat 7: Hero folded before Flop (didn't bet)
Seat 2: c10bdeb8(big blind) folded before Flop



Poker Hand #ring_934331214: NLH No Limit ($1/$2) - 2025/06/13 23:34:03
Table 'MR NLH 1/2' 7-max Seat #6 is the button
Seat 1: 3aa588ed ($349.77 in chips)
Seat 3: 294da997 ($98 in chips)
Seat 5: e8045fe7 ($198.37 in chips)
Seat 6: 919abbd5 ($286.47 in chips)
Seat 7: Hero ($432.14 in chips)
Seat 2: c10bdeb8 ($100.25 in chips)
Hero: posts small blind $1
3aa588ed: posts big blind $2
*** HOLE CARDS ***
Dealt to 3aa588ed 
Dealt to 294da997 
Dealt to e8045fe7 
Dealt to 919abbd5 
Dealt to Hero [8c 8h]
Dealt to c10bdeb8 
c10bdeb8: folds
294da997: calls $2
e8045fe7: raises $5 to $7
919abbd5: folds
Hero: calls $6
3aa588ed: folds
294da997: calls $5
*** FLOP *** [9h 2c 5h]
Hero: bets $15
294da997: calls $15
e8045fe7: folds
*** TURN *** [9h 2c 5h] [6h]
Hero: checks
294da997: checks
*** RIVER *** [9h 2c 5h 6h] [9d]
Hero: bets $26.5
294da997: raises $49.5 to $76 and is all-in
Hero: folds
Uncalled bet ($49.5) returned to 294da997
*** SHOWDOWN ***
294da997 collected $106 from pot
*** SUMMARY ***
Total pot $106
Board [9h 2c 5h 6h 9d]
Seat 1: 3aa588ed(big blind) folded before Flop
Seat 3: 294da997won ($106) with Jack High Flush
Seat 5: e8045fe7 folded on the Flop
Seat 6: 919abbd5 folded before Flop (didn't bet)
Seat 7: Hero(small blind) folded on the River
Seat 2: c10bdeb8 folded before Flop (didn't bet)



Poker Hand #ring_934329969: NLH No Limit ($1/$2) - 2025/06/13 23:33:25
Table 'MR NLH 1/2' 7-max Seat #5 is the button
Seat 1: 3aa588ed ($349.77 in chips)
Seat 3: 294da997 ($95 in chips)
Seat 5: e8045fe7 ($198.37 in chips)
Seat 6: 919abbd5 ($287.47 in chips)
Seat 7: Hero ($434.14 in chips)
Seat 2: c10bdeb8 ($100.25 in chips)
919abbd5: posts small blind $1
Hero: posts big blind $2
*** HOLE CARDS ***
Dealt to 3aa588ed 
Dealt to 294da997 
Dealt to e8045fe7 
Dealt to 919abbd5 
Dealt to Hero [Td 2h]
Dealt to c10bdeb8 
3aa588ed: folds
c10bdeb8: folds
294da997: raises $2.4 to $4.4
e8045fe7: folds
919abbd5: folds
Hero: folds
Uncalled bet ($2.4) returned to 294da997
*** SHOWDOWN ***
294da997 collected $5 from pot
*** SUMMARY ***
Total pot $5
Seat 1: 3aa588ed folded before Flop (didn't bet)
Seat 3: 294da997won ($5)
Seat 5: e8045fe7 folded before Flop (didn't bet)
Seat 6: 919abbd5(small blind) folded before Flop
Seat 7: Hero(big blind) folded before Flop
Seat 2: c10bdeb8 folded before Flop (didn't bet)



Poker Hand #ring_934328502: NLH No Limit ($1/$2) - 2025/06/13 23:32:42
Table 'MR NLH 1/2' 7-max Seat #0 is the button
Seat 1: 3aa588ed ($339.49 in chips)
Seat 3: 294da997 ($100 in chips)
Seat 5: e8045fe7 ($199.37 in chips)
Seat 6: 919abbd5 ($24.47 in chips)
Seat 7: Hero ($434.14 in chips)
Seat 2: c10bdeb8 ($100.25 in chips)
e8045fe7: posts small blind $1
919abbd5: posts big blind $2
294da997: posts big blind $2
*** HOLE CARDS ***
Dealt to 3aa588ed 
Dealt to 294da997 
Dealt to e8045fe7 
Dealt to 919abbd5 
Dealt to Hero [9c Qh]
Dealt to c10bdeb8 
Hero: folds
3aa588ed: raises $3 to $5
c10bdeb8: folds
294da997: calls $3
e8045fe7: folds
919abbd5: calls $3
*** FLOP *** [Qs 8c 8d]
919abbd5: checks
3aa588ed: bets $12
294da997: folds
919abbd5: folds
Uncalled bet ($12) returned to 3aa588ed
*** SHOWDOWN ***
3aa588ed collected $16 from pot
*** SUMMARY ***
Total pot $16
Board [Qs 8c 8d]
Seat 1: 3aa588edwon ($16) with Pair of Eights
Seat 3: 294da997 folded on the Flop
Seat 5: e8045fe7(small blind) folded before Flop
Seat 6: 919abbd5(big blind) folded on the Flop
Seat 7: Hero folded before Flop (didn't bet)
Seat 2: c10bdeb8 folded before Flop (didn't bet)



Poker Hand #ring_934327758: NLH No Limit ($1/$2) - 2025/06/13 23:32:19
Table 'MR NLH 1/2' 7-max Seat #2 is the button
Seat 1: 3aa588ed ($337.49 in chips)
Seat 5: e8045fe7 ($201.37 in chips)
Seat 6: 919abbd5 ($24.47 in chips)
Seat 7: Hero ($434.14 in chips)
Seat 2: c10bdeb8 ($100.25 in chips)
e8045fe7: posts big blind $2
*** HOLE CARDS ***
Dealt to 3aa588ed 
Dealt to e8045fe7 
Dealt to 919abbd5 
Dealt to Hero [9s 4d]
Dealt to c10bdeb8 
919abbd5: folds
Hero: folds
3aa588ed: raises $3 to $5
c10bdeb8: folds
e8045fe7: folds
Uncalled bet ($3) returned to 3aa588ed
*** SHOWDOWN ***
3aa588ed collected $4 from pot
*** SUMMARY ***
Total pot $4
Seat 1: 3aa588edwon ($4)
Seat 5: e8045fe7(big blind) folded before Flop
Seat 6: 919abbd5 folded before Flop (didn't bet)
Seat 7: Hero folded before Flop (didn't bet)
Seat 2: c10bdeb8 folded before Flop (didn't bet)



Poker Hand #ring_934323604: NLH No Limit ($1/$2) - 2025/06/13 23:30:10
Table 'MR NLH 1/2' 7-max Seat #1 is the button
Seat 1: 3aa588ed ($337.49 in chips)
Seat 4: 6550d4c4 ($200 in chips)
Seat 5: e8045fe7 ($201.37 in chips)
Seat 6: 919abbd5 ($250.53 in chips)
Seat 7: Hero ($226.06 in chips)
Seat 2: c10bdeb8 ($101.25 in chips)
c10bdeb8: posts small blind $1
6550d4c4: posts big blind $2
*** HOLE CARDS ***
Dealt to 3aa588ed 
Dealt to 6550d4c4 
Dealt to e8045fe7 
Dealt to 919abbd5 
Dealt to Hero [Jc Jh]
Dealt to c10bdeb8 
e8045fe7: folds
919abbd5: raises $4 to $6
Hero: raises $18.75 to $24.75
3aa588ed: folds
c10bdeb8: folds
6550d4c4: folds
919abbd5: calls $18.75
*** FLOP *** [6h Td 7h]
919abbd5: checks
Hero: bets $26.25
919abbd5: calls $26.25
*** TURN *** [6h Td 7h] [Js]
919abbd5: checks
Hero: bets $52.5
919abbd5: calls $52.5
*** RIVER *** [6h Td 7h Js] [6d]
919abbd5: checks
Hero: bets $122.56 and is all-in
919abbd5: calls $122.56
919abbd5: shows [Ts Ac]
Hero: shows [Jc Jh]
*** SHOWDOWN ***
Hero collected $455.12 from pot
*** SUMMARY ***
Total pot $455.12
Board [6h Td 7h Js 6d]
Seat 1: 3aa588ed folded before Flop (didn't bet)
Seat 4: 6550d4c4(big blind) folded before Flop
Seat 5: e8045fe7 folded before Flop (didn't bet)
Seat 6: 919abbd5 showed [Ts Ac] and lost with Pair of Tens and Pair of Sixes
Seat 7: Hero showed [Jc Jh] and won ($455.12) with Jacks Full over Sixes
Seat 2: c10bdeb8(small blind) folded before Flop



Poker Hand #ring_934321975: NLH No Limit ($1/$2) - 2025/06/13 23:29:21
Table 'MR NLH 1/2' 7-max Seat #7 is the button
Seat 1: 3aa588ed ($279.34 in chips)
Seat 4: 6550d4c4 ($200 in chips)
Seat 3: 294da997 ($62.35 in chips)
Seat 5: e8045fe7 ($201.37 in chips)
Seat 6: 919abbd5 ($250.53 in chips)
Seat 7: Hero ($226.06 in chips)
Seat 2: c10bdeb8 ($103.25 in chips)
3aa588ed: posts small blind $1
c10bdeb8: posts big blind $2
*** HOLE CARDS ***
Dealt to 3aa588ed 
Dealt to 6550d4c4 
Dealt to 294da997 
Dealt to e8045fe7 
Dealt to 919abbd5 
Dealt to Hero [3d 4s]
Dealt to c10bdeb8 
294da997: raises $2.4 to $4.4
6550d4c4: folds
e8045fe7: folds
919abbd5: folds
Hero: folds
3aa588ed: raises $5.6 to $10
c10bdeb8: folds
294da997: raises $16.5 to $26.5
3aa588ed: raises $252.84 to $279.34 and is all-in
294da997: calls $35.85 and is all-in
Uncalled bet ($216.99) returned to 3aa588ed
3aa588ed: shows [Kd As]
294da997: shows [Jh Ac]
*** FIRST FLOP *** [7c 6h 6d]
*** SECOND FLOP *** [8h 3h 2s]
*** FIRST TURN *** [7c 6h 6d] [Ts]
*** SECOND TURN *** [8h 3h 2s] [Ad]
*** FIRST RIVER *** [7c 6h 6d Ts] [Ah]
*** SECOND RIVER *** [8h 3h 2s Ad] [4d]
*** FIRST SHOWDOWN ***
3aa588ed collected $63.6 from pot
*** SECOND SHOWDOWN ***
3aa588ed collected $63.1 from pot
*** SUMMARY ***
Total pot $126.7
Hand was run two timesFIRST Board [7c 6h 6d Ts Ah]
SECOND Board [8h 3h 2s Ad 4d]
Seat 1: 3aa588ed(small blind) showed [Kd As] and won ($126.7) with Pair of Aces and Pair of Sixes / Pair of Aces
Seat 4: 6550d4c4 folded before Flop (didn't bet)
Seat 3: 294da997 showed [Jh Ac] and lost with Pair of Aces and Pair of Sixes / Pair of Aces
Seat 5: e8045fe7 folded before Flop (didn't bet)
Seat 6: 919abbd5 folded before Flop (didn't bet)
Seat 7: Hero folded before Flop (didn't bet)
Seat 2: c10bdeb8(big blind) folded before Flop



Poker Hand #ring_934319856: NLH No Limit ($1/$2) - 2025/06/13 23:28:18
Table 'MR NLH 1/2' 7-max Seat #6 is the button
Seat 1: 3aa588ed ($281.34 in chips)
Seat 4: 6550d4c4 ($200 in chips)
Seat 3: 294da997 ($109.04 in chips)
Seat 5: e8045fe7 ($201.37 in chips)
Seat 6: 919abbd5 ($262.78 in chips)
Seat 7: Hero ($227.06 in chips)
Seat 2: c10bdeb8 ($46.69 in chips)
Hero: posts small blind $1
3aa588ed: posts big blind $2
*** HOLE CARDS ***
Dealt to 3aa588ed 
Dealt to 6550d4c4 
Dealt to 294da997 
Dealt to e8045fe7 
Dealt to 919abbd5 
Dealt to Hero [8s 4h]
Dealt to c10bdeb8 
c10bdeb8: raises $2 to $4
294da997: raises $8.25 to $12.25
6550d4c4: folds
e8045fe7: folds
919abbd5: calls $12.25
Hero: folds
3aa588ed: folds
c10bdeb8: raises $34.44 to $46.69 and is all-in
294da997: raises $62.35 to $109.04 and is all-in
919abbd5: folds
Uncalled bet ($62.35) returned to 294da997
c10bdeb8: shows [Jd Ah]
294da997: shows [7c Ac]
*** FLOP *** [9s Jh 3s]
*** TURN *** [9s Jh 3s] [7h]
*** RIVER *** [9s Jh 3s 7h] [2h]
*** SHOWDOWN ***
c10bdeb8 collected $108.63 from pot
*** SUMMARY ***
Total pot $108.63
Board [9s Jh 3s 7h 2h]
Seat 1: 3aa588ed(big blind) folded before Flop
Seat 4: 6550d4c4 folded before Flop (didn't bet)
Seat 3: 294da997 showed [7c Ac] and lost with Pair of Sevens
Seat 5: e8045fe7 folded before Flop (didn't bet)
Seat 6: 919abbd5 folded before Flop
Seat 7: Hero(small blind) folded before Flop
Seat 2: c10bdeb8 showed [Jd Ah] and won ($108.63) with Pair of Jacks



Poker Hand #ring_934318008: NLH No Limit ($1/$2) - 2025/06/13 23:27:22
Table 'MR NLH 1/2' 7-max Seat #5 is the button
Seat 1: 3aa588ed ($281.34 in chips)
Seat 4: 6550d4c4 ($200 in chips)
Seat 3: 294da997 ($109.04 in chips)
Seat 5: e8045fe7 ($201.37 in chips)
Seat 6: 919abbd5 ($263.78 in chips)
Seat 7: Hero ($231.06 in chips)
Seat 2: c10bdeb8 ($42.09 in chips)
919abbd5: posts small blind $1
Hero: posts big blind $2
*** HOLE CARDS ***
Dealt to 3aa588ed 
Dealt to 6550d4c4 
Dealt to 294da997 
Dealt to e8045fe7 
Dealt to 919abbd5 
Dealt to Hero [4s Js]
Dealt to c10bdeb8 
3aa588ed: folds
c10bdeb8: raises $2 to $4
294da997: folds
6550d4c4: folds
e8045fe7: folds
919abbd5: folds
Hero: calls $2
*** FLOP *** [4c 9d 5c]
Hero: checks
c10bdeb8: checks
*** TURN *** [4c 9d 5c] [Kh]
Hero: checks
c10bdeb8: bets $6.75
Hero: folds
Uncalled bet ($6.75) returned to c10bdeb8
*** SHOWDOWN ***
c10bdeb8 collected $9 from pot
*** SUMMARY ***
Total pot $9
Board [4c 9d 5c Kh]
Seat 1: 3aa588ed folded before Flop (didn't bet)
Seat 4: 6550d4c4 folded before Flop (didn't bet)
Seat 3: 294da997 folded before Flop (didn't bet)
Seat 5: e8045fe7 folded before Flop (didn't bet)
Seat 6: 919abbd5(small blind) folded before Flop
Seat 7: Hero(big blind) folded on the Turn
Seat 2: c10bdeb8won ($9) with King-High



Poker Hand #ring_934314769: NLH No Limit ($1/$2) - 2025/06/13 23:25:44
Table 'MR NLH 1/2' 7-max Seat #4 is the button
Seat 1: 3aa588ed ($255.31 in chips)
Seat 4: 6550d4c4 ($199 in chips)
Seat 3: 294da997 ($109.04 in chips)
Seat 5: e8045fe7 ($202.37 in chips)
Seat 6: 919abbd5 ($265.78 in chips)
Seat 7: Hero ($231.06 in chips)
Seat 2: c10bdeb8 ($42.09 in chips)
e8045fe7: posts small blind $1
919abbd5: posts big blind $2
*** HOLE CARDS ***
Dealt to 3aa588ed 
Dealt to 6550d4c4 
Dealt to 294da997 
Dealt to e8045fe7 
Dealt to 919abbd5 
Dealt to Hero [8s Ks]
Dealt to c10bdeb8 
Hero: folds
3aa588ed: raises $3 to $5
c10bdeb8: folds
294da997: folds
6550d4c4: raises $10 to $15
e8045fe7: folds
919abbd5: folds
3aa588ed: calls $10
*** FLOP *** [6h Jh Js]
3aa588ed: checks
6550d4c4: bets $11
3aa588ed: calls $11
*** TURN *** [6h Jh Js] [6d]
3aa588ed: checks
6550d4c4: checks
*** RIVER *** [6h Jh Js 6d] [8d]
3aa588ed: bets $41.25
6550d4c4: folds
Uncalled bet ($41.25) returned to 3aa588ed
*** SHOWDOWN ***
3aa588ed collected $55 from pot
*** SUMMARY ***
Total pot $55
Board [6h Jh Js 6d 8d]
Seat 1: 3aa588edwon ($55) with Jacks Full over Sixes
Seat 4: 6550d4c4 folded on the River
Seat 3: 294da997 folded before Flop (didn't bet)
Seat 5: e8045fe7(small blind) folded before Flop
Seat 6: 919abbd5(big blind) folded before Flop
Seat 7: Hero folded before Flop (didn't bet)
Seat 2: c10bdeb8 folded before Flop (didn't bet)



Poker Hand #ring_934312257: NLH No Limit ($1/$2) - 2025/06/13 23:24:28
Table 'MR NLH 1/2' 7-max Seat #3 is the button
Seat 1: 3aa588ed ($255.31 in chips)
Seat 4: 6550d4c4 ($200 in chips)
Seat 3: 294da997 ($109.04 in chips)
Seat 5: e8045fe7 ($204.37 in chips)
Seat 6: 919abbd5 ($248.85 in chips)
Seat 7: Hero ($231.06 in chips)
Seat 2: c10bdeb8 ($58.09 in chips)
6550d4c4: posts small blind $1
e8045fe7: posts big blind $2
*** HOLE CARDS ***
Dealt to 3aa588ed 
Dealt to 6550d4c4 
Dealt to 294da997 
Dealt to e8045fe7 
Dealt to 919abbd5 
Dealt to Hero [3c 2c]
Dealt to c10bdeb8 
919abbd5: calls $2
Hero: folds
3aa588ed: folds
c10bdeb8: calls $2
294da997: folds
6550d4c4: folds
e8045fe7: checks
*** FLOP *** [Qc Tc Th]
e8045fe7: checks
919abbd5: bets $3.5
c10bdeb8: calls $3.5
e8045fe7: folds
*** TURN *** [Qc Tc Th] [6s]
919abbd5: bets $10.5
c10bdeb8: calls $10.5
*** RIVER *** [Qc Tc Th 6s] [2h]
919abbd5: bets $26.25
c10bdeb8: folds
Uncalled bet ($26.25) returned to 919abbd5
*** SHOWDOWN ***
919abbd5 collected $35 from pot
*** SUMMARY ***
Total pot $35
Board [Qc Tc Th 6s 2h]
Seat 1: 3aa588ed folded before Flop (didn't bet)
Seat 4: 6550d4c4(small blind) folded before Flop
Seat 3: 294da997 folded before Flop (didn't bet)
Seat 5: e8045fe7(big blind) folded on the Flop
Seat 6: 919abbd5won ($35) with Pair of Tens
Seat 7: Hero folded before Flop (didn't bet)
Seat 2: c10bdeb8 folded on the River



Poker Hand #ring_934310622: NLH No Limit ($1/$2) - 2025/06/13 23:23:38
Table 'MR NLH 1/2' 7-max Seat #2 is the button
Seat 1: 3aa588ed ($255.31 in chips)
Seat 4: 6550d4c4 ($199 in chips)
Seat 3: 294da997 ($119.66 in chips)
Seat 5: e8045fe7 ($204.37 in chips)
Seat 6: 919abbd5 ($237.77 in chips)
Seat 7: Hero ($231.06 in chips)
Seat 2: c10bdeb8 ($58.09 in chips)
294da997: posts small blind $1
6550d4c4: posts big blind $2
*** HOLE CARDS ***
Dealt to 3aa588ed 
Dealt to 6550d4c4 
Dealt to 294da997 
Dealt to e8045fe7 
Dealt to 919abbd5 
Dealt to Hero [5s Kd]
Dealt to c10bdeb8 
e8045fe7: folds
919abbd5: raises $4 to $6
Hero: folds
3aa588ed: folds
c10bdeb8: folds
294da997: calls $5
6550d4c4: folds
*** FLOP *** [Th 8h As]
294da997: checks
919abbd5: checks
*** TURN *** [Th 8h As] [Jc]
294da997: bets $4.62
919abbd5: calls $4.62
*** RIVER *** [Th 8h As Jc] [3h]
294da997: checks
919abbd5: checks
294da997: shows [7h Kc]
919abbd5: shows [Ks Jh]
*** SHOWDOWN ***
919abbd5 collected $23.24 from pot
*** SUMMARY ***
Total pot $23.24
Board [Th 8h As Jc 3h]
Seat 1: 3aa588ed folded before Flop (didn't bet)
Seat 4: 6550d4c4(big blind) folded before Flop
Seat 3: 294da997(small blind) showed [7h Kc] and lost with Ace-High
Seat 5: e8045fe7 folded before Flop (didn't bet)
Seat 6: 919abbd5 showed [Ks Jh] and won ($23.24) with Pair of Jacks
Seat 7: Hero folded before Flop (didn't bet)
Seat 2: c10bdeb8 folded before Flop (didn't bet)



Poker Hand #ring_934307210: NLH No Limit ($1/$2) - 2025/06/13 23:21:57
Table 'MR NLH 1/2' 7-max Seat #1 is the button
Seat 1: 3aa588ed ($255.31 in chips)
Seat 4: 6550d4c4 ($199 in chips)
Seat 3: 294da997 ($125.66 in chips)
Seat 5: e8045fe7 ($204.37 in chips)
Seat 6: 919abbd5 ($250.04 in chips)
Seat 7: Hero ($213.7 in chips)
Seat 2: c10bdeb8 ($59.09 in chips)
c10bdeb8: posts small blind $1
294da997: posts big blind $2
*** HOLE CARDS ***
Dealt to 3aa588ed 
Dealt to 6550d4c4 
Dealt to 294da997 
Dealt to e8045fe7 
Dealt to 919abbd5 
Dealt to Hero [7c 7s]
Dealt to c10bdeb8 
6550d4c4: folds
e8045fe7: folds
919abbd5: raises $4 to $6
Hero: calls $6
3aa588ed: folds
c10bdeb8: folds
294da997: calls $4
*** FLOP *** [Qc Qd Jc]
294da997: checks
919abbd5: bets $6.27
Hero: calls $6.27
294da997: folds
*** TURN *** [Qc Qd Jc] [8c]
919abbd5: checks
Hero: checks
*** RIVER *** [Qc Qd Jc 8c] [8h]
919abbd5: checks
Hero: bets $39.43
919abbd5: folds
Uncalled bet ($39.43) returned to Hero
*** SHOWDOWN ***
Hero collected $31.54 from pot
*** SUMMARY ***
Total pot $31.54
Board [Qc Qd Jc 8c 8h]
Seat 1: 3aa588ed folded before Flop (didn't bet)
Seat 4: 6550d4c4 folded before Flop (didn't bet)
Seat 3: 294da997(big blind) folded on the Flop
Seat 5: e8045fe7 folded before Flop (didn't bet)
Seat 6: 919abbd5 folded on the River
Seat 7: Herowon ($31.54) with Pair of Queens and Pair of Eights
Seat 2: c10bdeb8(small blind) folded before Flop



Poker Hand #ring_934305886: NLH No Limit ($1/$2) - 2025/06/13 23:21:18
Table 'MR NLH 1/2' 7-max Seat #7 is the button
Seat 1: 3aa588ed ($251.67 in chips)
Seat 4: 6550d4c4 ($199 in chips)
Seat 3: 294da997 ($125.66 in chips)
Seat 5: e8045fe7 ($204.37 in chips)
Seat 6: 919abbd5 ($250.04 in chips)
Seat 7: Hero ($213.7 in chips)
Seat 2: c10bdeb8 ($63.09 in chips)
3aa588ed: posts small blind $1
c10bdeb8: posts big blind $2
*** HOLE CARDS ***
Dealt to 3aa588ed 
Dealt to 6550d4c4 
Dealt to 294da997 
Dealt to e8045fe7 
Dealt to 919abbd5 
Dealt to Hero [Ah 3s]
Dealt to c10bdeb8 
294da997: folds
6550d4c4: folds
e8045fe7: folds
919abbd5: folds
Hero: folds
3aa588ed: raises $2 to $4
c10bdeb8: calls $2
*** FLOP *** [4s Ad Js]
3aa588ed: bets $4
c10bdeb8: folds
Uncalled bet ($4) returned to 3aa588ed
*** SHOWDOWN ***
3aa588ed collected $8 from pot
*** SUMMARY ***
Total pot $8
Board [4s Ad Js]
Seat 1: 3aa588ed(small blind)won ($8) with Ace-High
Seat 4: 6550d4c4 folded before Flop (didn't bet)
Seat 3: 294da997 folded before Flop (didn't bet)
Seat 5: e8045fe7 folded before Flop (didn't bet)
Seat 6: 919abbd5 folded before Flop (didn't bet)
Seat 7: Hero folded before Flop (didn't bet)
Seat 2: c10bdeb8(big blind) folded on the Flop



Poker Hand #ring_934305058: NLH No Limit ($1/$2) - 2025/06/13 23:20:52
Table 'MR NLH 1/2' 7-max Seat #6 is the button
Seat 1: 3aa588ed ($253.67 in chips)
Seat 4: 6550d4c4 ($199 in chips)
Seat 3: 294da997 ($125.66 in chips)
Seat 5: e8045fe7 ($204.37 in chips)
Seat 6: 919abbd5 ($247.04 in chips)
Seat 7: Hero ($214.7 in chips)
Seat 2: c10bdeb8 ($63.09 in chips)
Hero: posts small blind $1
3aa588ed: posts big blind $2
*** HOLE CARDS ***
Dealt to 3aa588ed 
Dealt to 6550d4c4 
Dealt to 294da997 
Dealt to e8045fe7 
Dealt to 919abbd5 
Dealt to Hero [2c Kd]
Dealt to c10bdeb8 
c10bdeb8: folds
294da997: folds
6550d4c4: folds
e8045fe7: folds
919abbd5: raises $4 to $6
Hero: folds
3aa588ed: folds
Uncalled bet ($4) returned to 919abbd5
294da997: shows [2s 8c]
*** SHOWDOWN ***
919abbd5 collected $5 from pot
*** SUMMARY ***
Total pot $5
Seat 1: 3aa588ed(big blind) folded before Flop
Seat 4: 6550d4c4 folded before Flop (didn't bet)
Seat 3: 294da997 folded before Flop (didn't bet)
Seat 5: e8045fe7 folded before Flop (didn't bet)
Seat 6: 919abbd5won ($5)
Seat 7: Hero(small blind) folded before Flop
Seat 2: c10bdeb8 folded before Flop (didn't bet)



Poker Hand #ring_934302833: NLH No Limit ($1/$2) - 2025/06/13 23:19:45
Table 'MR NLH 1/2' 7-max Seat #5 is the button
Seat 1: 3aa588ed ($258.07 in chips)
Seat 4: 6550d4c4 ($199 in chips)
Seat 3: 294da997 ($85.6 in chips)
Seat 5: e8045fe7 ($241.17 in chips)
Seat 6: 919abbd5 ($248.04 in chips)
Seat 7: Hero ($216.7 in chips)
Seat 2: c10bdeb8 ($63.09 in chips)
919abbd5: posts small blind $1
Hero: posts big blind $2
*** HOLE CARDS ***
Dealt to 3aa588ed 
Dealt to 6550d4c4 
Dealt to 294da997 
Dealt to e8045fe7 
Dealt to 919abbd5 
Dealt to Hero [4c Qh]
Dealt to c10bdeb8 
3aa588ed: calls $2
c10bdeb8: folds
294da997: raises $2.4 to $4.4
6550d4c4: folds
e8045fe7: calls $4.4
919abbd5: folds
Hero: folds
3aa588ed: calls $2.4
*** FLOP *** [8c 8d 6s]
3aa588ed: checks
294da997: bets $8.1
e8045fe7: calls $8.1
3aa588ed: folds
*** TURN *** [8c 8d 6s] [9d]
294da997: bets $24.3
e8045fe7: calls $24.3
*** RIVER *** [8c 8d 6s 9d] [8h]
294da997: bets $48.8 and is all-in
e8045fe7: folds
Uncalled bet ($48.8) returned to 294da997
*** SHOWDOWN ***
294da997 collected $81 from pot
*** SUMMARY ***
Total pot $81
Board [8c 8d 6s 9d 8h]
Seat 1: 3aa588ed folded on the Flop
Seat 4: 6550d4c4 folded before Flop (didn't bet)
Seat 3: 294da997won ($81) with Eights Full over Sixes
Seat 5: e8045fe7 folded on the River
Seat 6: 919abbd5(small blind) folded before Flop
Seat 7: Hero(big blind) folded before Flop
Seat 2: c10bdeb8 folded before Flop (didn't bet)



Poker Hand #ring_934300084: NLH No Limit ($1/$2) - 2025/06/13 23:18:22
Table 'MR NLH 1/2' 7-max Seat #4 is the button
Seat 1: 3aa588ed ($258.07 in chips)
Seat 4: 6550d4c4 ($199 in chips)
Seat 3: 294da997 ($109.1 in chips)
Seat 5: e8045fe7 ($242.17 in chips)
Seat 6: 919abbd5 ($222.38 in chips)
Seat 7: Hero ($216.7 in chips)
Seat 2: c10bdeb8 ($67.09 in chips)
e8045fe7: posts small blind $1
919abbd5: posts big blind $2
*** HOLE CARDS ***
Dealt to 3aa588ed 
Dealt to 6550d4c4 
Dealt to 294da997 
Dealt to e8045fe7 
Dealt to 919abbd5 
Dealt to Hero [9h As]
Dealt to c10bdeb8 
Hero: folds
3aa588ed: folds
c10bdeb8: raises $2 to $4
294da997: calls $4
6550d4c4: folds
e8045fe7: folds
919abbd5: calls $2
*** FLOP *** [Qc 6h 5d]
919abbd5: checks
c10bdeb8: checks
294da997: bets $6.5
919abbd5: raises $13 to $19.5
c10bdeb8: folds
294da997: calls $13
*** TURN *** [Qc 6h 5d] [8c]
919abbd5: checks
294da997: checks
*** RIVER *** [Qc 6h 5d 8c] [Jh]
919abbd5: bets $26
294da997: folds
Uncalled bet ($26) returned to 919abbd5
*** SHOWDOWN ***
919abbd5 collected $52 from pot
*** SUMMARY ***
Total pot $52
Board [Qc 6h 5d 8c Jh]
Seat 1: 3aa588ed folded before Flop (didn't bet)
Seat 4: 6550d4c4 folded before Flop (didn't bet)
Seat 3: 294da997 folded on the River
Seat 5: e8045fe7(small blind) folded before Flop
Seat 6: 919abbd5(big blind)won ($52) with Pair of Queens
Seat 7: Hero folded before Flop (didn't bet)
Seat 2: c10bdeb8 folded on the Flop



Poker Hand #ring_934297071: NLH No Limit ($1/$2) - 2025/06/13 23:16:51
Table 'MR NLH 1/2' 7-max Seat #3 is the button
Seat 1: 3aa588ed ($221.8 in chips)
Seat 4: 6550d4c4 ($200 in chips)
Seat 3: 294da997 ($109.1 in chips)
Seat 5: e8045fe7 ($244.17 in chips)
Seat 6: 919abbd5 ($222.38 in chips)
Seat 7: Hero ($216.7 in chips)
Seat 2: c10bdeb8 ($104.34 in chips)
6550d4c4: posts small blind $1
e8045fe7: posts big blind $2
*** HOLE CARDS ***
Dealt to 3aa588ed 
Dealt to 6550d4c4 
Dealt to 294da997 
Dealt to e8045fe7 
Dealt to 919abbd5 
Dealt to Hero [7c Jd]
Dealt to c10bdeb8 
919abbd5: folds
Hero: folds
3aa588ed: raises $3 to $5
c10bdeb8: raises $9 to $14
294da997: folds
6550d4c4: folds
e8045fe7: folds
3aa588ed: calls $9
*** FLOP *** [4h Js 2h]
3aa588ed: checks
c10bdeb8: bets $23.25
3aa588ed: calls $23.25
*** TURN *** [4h Js 2h] [Jh]
3aa588ed: checks
c10bdeb8: checks
*** RIVER *** [4h Js 2h Jh] [9d]
3aa588ed: bets $50
c10bdeb8: folds
Uncalled bet ($50) returned to 3aa588ed
*** SHOWDOWN ***
3aa588ed collected $77.5 from pot
*** SUMMARY ***
Total pot $77.5
Board [4h Js 2h Jh 9d]
Seat 1: 3aa588edwon ($77.5) with Three Jacks
Seat 4: 6550d4c4(small blind) folded before Flop
Seat 3: 294da997 folded before Flop (didn't bet)
Seat 5: e8045fe7(big blind) folded before Flop
Seat 6: 919abbd5 folded before Flop (didn't bet)
Seat 7: Hero folded before Flop (didn't bet)
Seat 2: c10bdeb8 folded on the River



Poker Hand #ring_934295544: NLH No Limit ($1/$2) - 2025/06/13 23:16:05
Table 'MR NLH 1/2' 7-max Seat #2 is the button
Seat 1: 3aa588ed ($221.8 in chips)
Seat 4: 6550d4c4 ($200 in chips)
Seat 3: 294da997 ($110.1 in chips)
Seat 5: e8045fe7 ($249.17 in chips)
Seat 6: 919abbd5 ($222.38 in chips)
Seat 7: Hero ($209.28 in chips)
Seat 2: c10bdeb8 ($104.34 in chips)
294da997: posts small blind $1
6550d4c4: posts big blind $2
*** HOLE CARDS ***
Dealt to 3aa588ed 
Dealt to 6550d4c4 
Dealt to 294da997 
Dealt to e8045fe7 
Dealt to 919abbd5 
Dealt to Hero [Kc Qc]
Dealt to c10bdeb8 
e8045fe7: raises $3 to $5
919abbd5: folds
Hero: calls $5
3aa588ed: folds
c10bdeb8: folds
294da997: folds
6550d4c4: folds
*** FLOP *** [8s Qd Jh]
e8045fe7: checks
Hero: bets $10.27
e8045fe7: folds
Uncalled bet ($10.27) returned to Hero
*** SHOWDOWN ***
Hero collected $13 from pot
*** SUMMARY ***
Total pot $13
Board [8s Qd Jh]
Seat 1: 3aa588ed folded before Flop (didn't bet)
Seat 4: 6550d4c4(big blind) folded before Flop
Seat 3: 294da997(small blind) folded before Flop
Seat 5: e8045fe7 folded on the Flop
Seat 6: 919abbd5 folded before Flop (didn't bet)
Seat 7: Herowon ($13) with Pair of Queens
Seat 2: c10bdeb8 folded before Flop (didn't bet)



Poker Hand #ring_934292365: NLH No Limit ($1/$2) - 2025/06/13 23:14:28
Table 'MR NLH 1/2' 7-max Seat #1 is the button
Seat 1: 3aa588ed ($189 in chips)
Seat 4: 6550d4c4 ($198.78 in chips)
Seat 3: 294da997 ($112.1 in chips)
Seat 5: e8045fe7 ($249.17 in chips)
Seat 6: 919abbd5 ($227.38 in chips)
Seat 7: Hero ($209.28 in chips)
Seat 2: c10bdeb8 ($109.34 in chips)
c10bdeb8: posts small blind $1
294da997: posts big blind $2
*** HOLE CARDS ***
Dealt to 3aa588ed 
Dealt to 6550d4c4 
Dealt to 294da997 
Dealt to e8045fe7 
Dealt to 919abbd5 
Dealt to Hero [Ts 4h]
Dealt to c10bdeb8 
6550d4c4: raises $3 to $5
e8045fe7: folds
919abbd5: calls $5
Hero: folds
3aa588ed: calls $5
c10bdeb8: calls $4
294da997: folds
*** FLOP *** [8d 9d 3s]
c10bdeb8: checks
6550d4c4: checks
919abbd5: checks
3aa588ed: bets $11
c10bdeb8: folds
6550d4c4: calls $11
919abbd5: folds
*** TURN *** [8d 9d 3s] [4d]
6550d4c4: bets $8
3aa588ed: calls $8
*** RIVER *** [8d 9d 3s 4d] [9h]
6550d4c4: checks
3aa588ed: checks
3aa588ed: shows [As 8s]
6550d4c4: shows [Qh Ad]
*** SHOWDOWN ***
3aa588ed collected $60 from pot
*** SUMMARY ***
Total pot $60
Board [8d 9d 3s 4d 9h]
Seat 1: 3aa588ed showed [As 8s] and won ($60) with Pair of Nines and Pair of Eights
Seat 4: 6550d4c4 showed [Qh Ad] and lost with Pair of Nines
Seat 3: 294da997(big blind) folded before Flop
Seat 5: e8045fe7 folded before Flop (didn't bet)
Seat 6: 919abbd5 folded on the Flop
Seat 7: Hero folded before Flop (didn't bet)
Seat 2: c10bdeb8(small blind) folded on the Flop



Poker Hand #ring_934291399: NLH No Limit ($1/$2) - 2025/06/13 23:14:00
Table 'MR NLH 1/2' 7-max Seat #7 is the button
Seat 1: 3aa588ed ($190 in chips)
Seat 4: 6550d4c4 ($198.78 in chips)
Seat 3: 294da997 ($109.1 in chips)
Seat 5: e8045fe7 ($249.17 in chips)
Seat 6: 919abbd5 ($227.38 in chips)
Seat 7: Hero ($209.28 in chips)
Seat 2: c10bdeb8 ($111.34 in chips)
3aa588ed: posts small blind $1
c10bdeb8: posts big blind $2
*** HOLE CARDS ***
Dealt to 3aa588ed 
Dealt to 6550d4c4 
Dealt to 294da997 
Dealt to e8045fe7 
Dealt to 919abbd5 
Dealt to Hero [Qd 9h]
Dealt to c10bdeb8 
294da997: raises $4 to $6
6550d4c4: folds
e8045fe7: folds
919abbd5: folds
Hero: folds
3aa588ed: folds
c10bdeb8: folds
Uncalled bet ($4) returned to 294da997
*** SHOWDOWN ***
294da997 collected $5 from pot
*** SUMMARY ***
Total pot $5
Seat 1: 3aa588ed(small blind) folded before Flop
Seat 4: 6550d4c4 folded before Flop (didn't bet)
Seat 3: 294da997won ($5)
Seat 5: e8045fe7 folded before Flop (didn't bet)
Seat 6: 919abbd5 folded before Flop (didn't bet)
Seat 7: Hero folded before Flop (didn't bet)
Seat 2: c10bdeb8(big blind) folded before Flop



Poker Hand #ring_934290364: NLH No Limit ($1/$2) - 2025/06/13 23:13:29
Table 'MR NLH 1/2' 7-max Seat #6 is the button
Seat 1: 3aa588ed ($192 in chips)
Seat 4: 6550d4c4 ($198.78 in chips)
Seat 3: 294da997 ($109.1 in chips)
Seat 5: e8045fe7 ($249.17 in chips)
Seat 6: 919abbd5 ($224.38 in chips)
Seat 7: Hero ($210.28 in chips)
Seat 2: c10bdeb8 ($111.34 in chips)
Hero: posts small blind $1
3aa588ed: posts big blind $2
*** HOLE CARDS ***
Dealt to 3aa588ed 
Dealt to 6550d4c4 
Dealt to 294da997 
Dealt to e8045fe7 
Dealt to 919abbd5 
Dealt to Hero [8h Ac]
Dealt to c10bdeb8 
c10bdeb8: folds
294da997: folds
6550d4c4: folds
e8045fe7: folds
919abbd5: raises $4 to $6
Hero: folds
3aa588ed: folds
Uncalled bet ($4) returned to 919abbd5
*** SHOWDOWN ***
919abbd5 collected $5 from pot
*** SUMMARY ***
Total pot $5
Seat 1: 3aa588ed(big blind) folded before Flop
Seat 4: 6550d4c4 folded before Flop (didn't bet)
Seat 3: 294da997 folded before Flop (didn't bet)
Seat 5: e8045fe7 folded before Flop (didn't bet)
Seat 6: 919abbd5won ($5)
Seat 7: Hero(small blind) folded before Flop
Seat 2: c10bdeb8 folded before Flop (didn't bet)



Poker Hand #ring_934288995: NLH No Limit ($1/$2) - 2025/06/13 23:12:47
Table 'MR NLH 1/2' 7-max Seat #5 is the button
Seat 1: 3aa588ed ($192 in chips)
Seat 4: 6550d4c4 ($198.78 in chips)
Seat 3: 294da997 ($114.1 in chips)
Seat 5: e8045fe7 ($249.17 in chips)
Seat 6: 919abbd5 ($225.38 in chips)
Seat 7: Hero ($200 in chips)
Seat 2: c10bdeb8 ($116.34 in chips)
919abbd5: posts small blind $1
Hero: posts big blind $2
*** HOLE CARDS ***
Dealt to 3aa588ed 
Dealt to 6550d4c4 
Dealt to 294da997 
Dealt to e8045fe7 
Dealt to 919abbd5 
Dealt to Hero [9d 7h]
Dealt to c10bdeb8 
3aa588ed: folds
c10bdeb8: raises $3 to $5
294da997: calls $5
6550d4c4: folds
e8045fe7: folds
919abbd5: folds
Hero: calls $3
*** FLOP *** [6d 4h 9h]
Hero: bets $12.8
c10bdeb8: folds
294da997: folds
Uncalled bet ($12.8) returned to Hero
*** SHOWDOWN ***
Hero collected $16 from pot
*** SUMMARY ***
Total pot $16
Board [6d 4h 9h]
Seat 1: 3aa588ed folded before Flop (didn't bet)
Seat 4: 6550d4c4 folded before Flop (didn't bet)
Seat 3: 294da997 folded on the Flop
Seat 5: e8045fe7 folded before Flop (didn't bet)
Seat 6: 919abbd5(small blind) folded before Flop
Seat 7: Hero(big blind)won ($16) with Pair of Nines
Seat 2: c10bdeb8 folded on the Flop



