Poker Hand #ring_941533855: NLH No Limit ($2/$4) - 2025/06/17 19:39:07
Table 'MR NLH 2/4' 7-max Seat #4 is the button
Seat 2: 5de847ae ($943.67 in chips)
Seat 1: 46866fab ($143.69 in chips)
Seat 3: 78fd0cea ($200 in chips)
Seat 5: a3758599 ($800 in chips)
Seat 6: 79392ecb ($200 in chips)
Seat 7: Hero ($2,152.28 in chips)
Seat 4: fcce531d ($1,322.61 in chips)
a3758599: posts small blind $2
79392ecb: posts big blind $4
78fd0cea: posts big blind $4
*** HOLE CARDS ***
Dealt to 5de847ae 
Dealt to 46866fab 
Dealt to 78fd0cea 
Dealt to a3758599 
Dealt to 79392ecb 
Dealt to Hero [4d 7c]
Dealt to fcce531d 
Hero: folds
46866fab: folds
5de847ae: folds
78fd0cea: checks
fcce531d: folds
a3758599: folds
79392ecb: checks
*** FLOP *** [5d Qs 6h]
79392ecb: checks
78fd0cea: checks
*** TURN *** [5d Qs 6h] [9d]
79392ecb: bets $7.5
78fd0cea: raises $12.5 to $20
79392ecb: calls $12.5
*** RIVER *** [5d Qs 6h 9d] [Ks]
79392ecb: checks
78fd0cea: bets $37.5
79392ecb: folds
Uncalled bet ($37.5) returned to 78fd0cea
*** SHOWDOWN ***
78fd0cea collected $50 from pot
*** SUMMARY ***
Total pot $50
Board [5d Qs 6h 9d Ks]
Seat 2: 5de847ae folded before Flop (didn't bet)
Seat 1: 46866fab folded before Flop (didn't bet)
Seat 3: 78fd0ceawon ($50) with King-High
Seat 5: a3758599(small blind) folded before Flop
Seat 6: 79392ecb(big blind) folded on the River
Seat 7: Hero folded before Flop (didn't bet)
Seat 4: fcce531d folded before Flop (didn't bet)



Poker Hand #ring_941532109: NLH No Limit ($2/$4) - 2025/06/17 19:38:00
Table 'MR NLH 2/4' 7-max Seat #2 is the button
Seat 2: 5de847ae ($967.67 in chips)
Seat 1: 46866fab ($143.69 in chips)
Seat 5: a3758599 ($800 in chips)
Seat 6: 79392ecb ($194 in chips)
Seat 7: Hero ($1,927.08 in chips)
Seat 4: fcce531d ($1,346.61 in chips)
fcce531d: posts small blind $2
a3758599: posts big blind $4
*** HOLE CARDS ***
Dealt to 5de847ae 
Dealt to 46866fab 
Dealt to a3758599 
Dealt to 79392ecb 
Dealt to Hero [Ad Th]
Dealt to fcce531d 
79392ecb: calls $4
Hero: calls $4
46866fab: folds
5de847ae: calls $4
fcce531d: raises $20 to $24
a3758599: folds
79392ecb: calls $20
Hero: calls $20
5de847ae: calls $20
*** FLOP *** [7s 5c Ts]
fcce531d: checks
79392ecb: bets $50
Hero: calls $50
5de847ae: folds
fcce531d: folds
*** TURN *** [7s 5c Ts] [7d]
79392ecb: bets $120 and is all-in
Hero: calls $120
79392ecb: shows [Td Jd]
Hero: shows [Ad Th]
*** RIVER *** [7s 5c Ts 7d] [8h]
*** SHOWDOWN ***
Hero collected $440 from pot
*** SUMMARY ***
Total pot $440
Board [7s 5c Ts 7d 8h]
Seat 2: 5de847ae folded on the Flop
Seat 1: 46866fab folded before Flop (didn't bet)
Seat 5: a3758599(big blind) folded before Flop
Seat 6: 79392ecb showed [Td Jd] and lost with Pair of Tens and Pair of Sevens
Seat 7: Hero showed [Ad Th] and won ($440) with Pair of Tens and Pair of Sevens
Seat 4: fcce531d(small blind) folded on the Flop



Poker Hand #ring_941530424: NLH No Limit ($2/$4) - 2025/06/17 19:36:55
Table 'MR NLH 2/4' 7-max Seat #1 is the button
Seat 2: 5de847ae ($1,015.67 in chips)
Seat 1: 46866fab ($143.69 in chips)
Seat 5: a3758599 ($800 in chips)
Seat 6: 79392ecb ($194 in chips)
Seat 7: Hero ($1,927.08 in chips)
Seat 4: fcce531d ($1,303.93 in chips)
5de847ae: posts small blind $2
fcce531d: posts big blind $4
*** HOLE CARDS ***
Dealt to 5de847ae 
Dealt to 46866fab 
Dealt to a3758599 
Dealt to 79392ecb 
Dealt to Hero [Qh 6c]
Dealt to fcce531d 
a3758599: folds
79392ecb: folds
Hero: folds
46866fab: folds
5de847ae: calls $2
fcce531d: checks
*** FLOP *** [7h Jh 4d]
5de847ae: checks
fcce531d: bets $8
5de847ae: calls $8
*** TURN *** [7h Jh 4d] [Ks]
5de847ae: checks
fcce531d: bets $12
5de847ae: raises $24 to $36
fcce531d: calls $24
*** RIVER *** [7h Jh 4d Ks] [Jd]
5de847ae: checks
fcce531d: checks
5de847ae: shows [8c Ts]
fcce531d: shows [3s 7s]
*** SHOWDOWN ***
fcce531d collected $96 from pot
*** SUMMARY ***
Total pot $96
Board [7h Jh 4d Ks Jd]
Seat 2: 5de847ae(small blind) showed [8c Ts] and lost with Pair of Jacks
Seat 1: 46866fab folded before Flop (didn't bet)
Seat 5: a3758599 folded before Flop (didn't bet)
Seat 6: 79392ecb folded before Flop (didn't bet)
Seat 7: Hero folded before Flop (didn't bet)
Seat 4: fcce531d(big blind) showed [3s 7s] and won ($96) with Pair of Jacks and Pair of Sevens



Poker Hand #ring_941528819: NLH No Limit ($2/$4) - 2025/06/17 19:35:54
Table 'MR NLH 2/4' 7-max Seat #7 is the button
Seat 2: 5de847ae ($1,019.67 in chips)
Seat 1: 46866fab ($145.69 in chips)
Seat 5: a3758599 ($800 in chips)
Seat 6: 79392ecb ($194 in chips)
Seat 7: Hero ($1,927.08 in chips)
Seat 4: fcce531d ($1,267.18 in chips)
46866fab: posts small blind $2
5de847ae: posts big blind $4
*** HOLE CARDS ***
Dealt to 5de847ae 
Dealt to 46866fab 
Dealt to a3758599 
Dealt to 79392ecb 
Dealt to Hero [Kc 3c]
Dealt to fcce531d 
fcce531d: calls $4
a3758599: raises $16 to $20
79392ecb: folds
Hero: folds
46866fab: folds
5de847ae: folds
fcce531d: calls $16
*** FLOP *** [Qc Jh 6s]
fcce531d: checks
a3758599: bets $15.18
fcce531d: calls $15.18
*** TURN *** [Qc Jh 6s] [Qs]
fcce531d: checks
a3758599: checks
*** RIVER *** [Qc Jh 6s Qs] [3d]
fcce531d: bets $38.18
a3758599: folds
Uncalled bet ($38.18) returned to fcce531d
fcce531d: shows [As]
*** SHOWDOWN ***
fcce531d collected $76.36 from pot
*** SUMMARY ***
Total pot $76.36
Board [Qc Jh 6s Qs 3d]
Seat 2: 5de847ae(big blind) folded before Flop
Seat 1: 46866fab(small blind) folded before Flop
Seat 5: a3758599 folded on the River
Seat 6: 79392ecb folded before Flop (didn't bet)
Seat 7: Hero folded before Flop (didn't bet)
Seat 4: fcce531d showed [As] and won ($76.36) with Pair of Queens and Pair of Sixes



Poker Hand #ring_941528076: NLH No Limit ($2/$4) - 2025/06/17 19:35:26
Table 'MR NLH 2/4' 7-max Seat #6 is the button
Seat 2: 5de847ae ($1,019.67 in chips)
Seat 1: 46866fab ($149.69 in chips)
Seat 5: a3758599 ($800 in chips)
Seat 6: 79392ecb ($194 in chips)
Seat 7: Hero ($1,923.08 in chips)
Seat 4: fcce531d ($1,267.18 in chips)
Hero: posts small blind $2
46866fab: posts big blind $4
*** HOLE CARDS ***
Dealt to 5de847ae 
Dealt to 46866fab 
Dealt to a3758599 
Dealt to 79392ecb 
Dealt to Hero [Js Qd]
Dealt to fcce531d 
5de847ae: folds
fcce531d: folds
a3758599: folds
79392ecb: folds
Hero: raises $6 to $10
46866fab: folds
Uncalled bet ($6) returned to Hero
*** SHOWDOWN ***
Hero collected $8 from pot
*** SUMMARY ***
Total pot $8
Seat 2: 5de847ae folded before Flop (didn't bet)
Seat 1: 46866fab(big blind) folded before Flop
Seat 5: a3758599 folded before Flop (didn't bet)
Seat 6: 79392ecb folded before Flop (didn't bet)
Seat 7: Hero(small blind)won ($8)
Seat 4: fcce531d folded before Flop (didn't bet)



Poker Hand #ring_941527399: NLH No Limit ($2/$4) - 2025/06/17 19:34:59
Table 'MR NLH 2/4' 7-max Seat #5 is the button
Seat 2: 5de847ae ($1,019.67 in chips)
Seat 1: 46866fab ($149.69 in chips)
Seat 3: 61ebb236 ($648.71 in chips)
Seat 5: a3758599 ($800 in chips)
Seat 6: 79392ecb ($196 in chips)
Seat 7: Hero ($1,927.08 in chips)
Seat 4: fcce531d ($1,261.18 in chips)
79392ecb: posts small blind $2
Hero: posts big blind $4
*** HOLE CARDS ***
Dealt to 5de847ae 
Dealt to 46866fab 
Dealt to 61ebb236 
Dealt to a3758599 
Dealt to 79392ecb 
Dealt to Hero [4c Ts]
Dealt to fcce531d 
46866fab: folds
5de847ae: folds
61ebb236: folds
fcce531d: raises $12 to $16
a3758599: folds
79392ecb: folds
Hero: folds
Uncalled bet ($12) returned to fcce531d
*** SHOWDOWN ***
fcce531d collected $10 from pot
*** SUMMARY ***
Total pot $10
Seat 2: 5de847ae folded before Flop (didn't bet)
Seat 1: 46866fab folded before Flop (didn't bet)
Seat 3: 61ebb236 folded before Flop (didn't bet)
Seat 5: a3758599 folded before Flop (didn't bet)
Seat 6: 79392ecb(small blind) folded before Flop
Seat 7: Hero(big blind) folded before Flop
Seat 4: fcce531dwon ($10)



Poker Hand #ring_941525622: NLH No Limit ($2/$4) - 2025/06/17 19:33:52
Table 'MR NLH 2/4' 7-max Seat #4 is the button
Seat 2: 5de847ae ($1,031.67 in chips)
Seat 1: 46866fab ($149.69 in chips)
Seat 3: 61ebb236 ($311.16 in chips)
Seat 5: a3758599 ($800 in chips)
Seat 6: 79392ecb ($200 in chips)
Seat 7: Hero ($1,927.08 in chips)
Seat 4: fcce531d ($1,303.18 in chips)
a3758599: posts small blind $2
79392ecb: posts big blind $4
*** HOLE CARDS ***
Dealt to 5de847ae 
Dealt to 46866fab 
Dealt to 61ebb236 
Dealt to a3758599 
Dealt to 79392ecb 
Dealt to Hero [Jc 3d]
Dealt to fcce531d 
Hero: folds
46866fab: folds
5de847ae: raises $8 to $12
61ebb236: raises $30 to $42
fcce531d: calls $42
a3758599: calls $40
79392ecb: folds
5de847ae: folds
*** FLOP *** [4d 9c Ah]
a3758599: checks
61ebb236: bets $269.16 and is all-in
fcce531d: folds
a3758599: calls $269.16
61ebb236: shows [Js Ac] (Pair of Aces)
a3758599: shows [As 6s] (Pair of Aces)
*** TURN *** [4d 9c Ah] [8c]
*** RIVER *** [4d 9c Ah 8c] [5c]
fcce531d: shows [8d 8s]
*** SHOWDOWN ***
61ebb236 collected $680.32 from pot
*** SUMMARY ***
Total pot $680.32
Board [4d 9c Ah 8c 5c]
Seat 2: 5de847ae folded before Flop
Seat 1: 46866fab folded before Flop (didn't bet)
Seat 3: 61ebb236 showed [Js Ac] and won ($680.32) with Pair of Aces
Seat 5: a3758599(small blind) showed [As 6s] and lost with Pair of Aces
Seat 6: 79392ecb(big blind) folded before Flop
Seat 7: Hero folded before Flop (didn't bet)
Seat 4: fcce531d folded on the Flop



Poker Hand #ring_941524512: NLH No Limit ($2/$4) - 2025/06/17 19:33:09
Table 'MR NLH 2/4' 7-max Seat #3 is the button
Seat 2: 5de847ae ($1,031.67 in chips)
Seat 1: 46866fab ($138.68 in chips)
Seat 3: 61ebb236 ($311.16 in chips)
Seat 5: a3758599 ($800 in chips)
Seat 7: Hero ($1,927.08 in chips)
Seat 4: fcce531d ($1,305.18 in chips)
fcce531d: posts small blind $2
a3758599: posts big blind $4
*** HOLE CARDS ***
Dealt to 5de847ae 
Dealt to 46866fab 
Dealt to 61ebb236 
Dealt to a3758599 
Dealt to Hero [Kd 2d]
Dealt to fcce531d 
Hero: folds
46866fab: raises $6 to $10
5de847ae: folds
61ebb236: folds
fcce531d: folds
a3758599: calls $6
*** FLOP *** [2s 6s Qc]
a3758599: checks
46866fab: bets $11
a3758599: folds
Uncalled bet ($11) returned to 46866fab
*** SHOWDOWN ***
46866fab collected $22 from pot
*** SUMMARY ***
Total pot $22
Board [2s 6s Qc]
Seat 2: 5de847ae folded before Flop (didn't bet)
Seat 1: 46866fabwon ($22) with Pair of Queens
Seat 3: 61ebb236 folded before Flop (didn't bet)
Seat 5: a3758599(big blind) folded on the Flop
Seat 7: Hero folded before Flop (didn't bet)
Seat 4: fcce531d(small blind) folded before Flop



Poker Hand #ring_941523123: NLH No Limit ($2/$4) - 2025/06/17 19:32:16
Table 'MR NLH 2/4' 7-max Seat #2 is the button
Seat 2: 5de847ae ($522.66 in chips)
Seat 1: 46866fab ($138.68 in chips)
Seat 3: 61ebb236 ($313.16 in chips)
Seat 5: a3758599 ($800 in chips)
Seat 7: Hero ($1,927.08 in chips)
Seat 4: fcce531d ($1,339.18 in chips)
61ebb236: posts small blind $2
fcce531d: posts big blind $4
*** HOLE CARDS ***
Dealt to 5de847ae 
Dealt to 46866fab 
Dealt to 61ebb236 
Dealt to a3758599 
Dealt to Hero [7d Qc]
Dealt to fcce531d 
a3758599: raises $6 to $10
Hero: folds
46866fab: folds
5de847ae: calls $10
61ebb236: folds
fcce531d: calls $6
*** FIRST FLOP *** [Qd 6s 3d]
fcce531d: bets $24
a3758599: raises $64 to $88
5de847ae: raises $424.66 to $512.66 and is all-in
fcce531d: folds
a3758599: calls $424.66
5de847ae: shows [8d Ad] (Ace-High)
a3758599: shows [Jd Td] (Queen-High)
*** FIRST TURN *** [Qd 6s 3d] [Kc]
*** SECOND TURN *** [Qd 6s 3d] [Ks]
*** FIRST RIVER *** [Qd 6s 3d Kc] [5c]
*** SECOND RIVER *** [Qd 6s 3d Ks] [5d]
*** FIRST SHOWDOWN ***
5de847ae collected $541.17 from pot
*** SECOND SHOWDOWN ***
5de847ae collected $540.15 from pot
*** SUMMARY ***
Total pot $1,081.32
Hand was run two timesFIRST Board [Qd 6s 3d Kc 5c]
SECOND Board [Ks 5d]
Seat 2: 5de847ae showed [8d Ad] and won ($1,081.32) with Ace-High / Ace High Flush
Seat 1: 46866fab folded before Flop (didn't bet)
Seat 3: 61ebb236(small blind) folded before Flop
Seat 5: a3758599 showed [Jd Td] and lost with King-High / Queen High Flush
Seat 7: Hero folded before Flop (didn't bet)
Seat 4: fcce531d(big blind) folded on the Flop



Poker Hand #ring_941520690: NLH No Limit ($2/$4) - 2025/06/17 19:30:44
Table 'MR NLH 2/4' 7-max Seat #1 is the button
Seat 2: 5de847ae ($501.27 in chips)
Seat 1: 46866fab ($138.68 in chips)
Seat 3: 61ebb236 ($317.16 in chips)
Seat 6: 26bfe9e7 ($818.07 in chips)
Seat 5: a3758599 ($800 in chips)
Seat 7: Hero ($1,947.48 in chips)
Seat 4: fcce531d ($1,339.18 in chips)
5de847ae: posts small blind $2
61ebb236: posts big blind $4
*** HOLE CARDS ***
Dealt to 5de847ae 
Dealt to 46866fab 
Dealt to 61ebb236 
Dealt to 26bfe9e7 
Dealt to a3758599 
Dealt to Hero [8h Ah]
Dealt to fcce531d 
fcce531d: folds
a3758599: folds
26bfe9e7: folds
Hero: raises $8 to $12
46866fab: folds
5de847ae: calls $10
61ebb236: folds
*** FLOP *** [4c 2c Qc]
5de847ae: checks
Hero: bets $8.4
5de847ae: calls $8.4
*** TURN *** [4c 2c Qc] [Ks]
5de847ae: checks
Hero: checks
*** RIVER *** [4c 2c Qc Ks] [5h]
5de847ae: checks
Hero: checks
5de847ae: shows [Qh Td]
Hero: shows [8h Ah]
*** SHOWDOWN ***
5de847ae collected $44.8 from pot
*** SUMMARY ***
Total pot $44.8
Board [4c 2c Qc Ks 5h]
Seat 2: 5de847ae(small blind) showed [Qh Td] and won ($44.8) with Pair of Queens
Seat 1: 46866fab folded before Flop (didn't bet)
Seat 3: 61ebb236(big blind) folded before Flop
Seat 6: 26bfe9e7 folded before Flop (didn't bet)
Seat 5: a3758599 folded before Flop (didn't bet)
Seat 7: Hero showed [8h Ah] and lost with Ace-High
Seat 4: fcce531d folded before Flop (didn't bet)



Poker Hand #ring_941519132: NLH No Limit ($2/$4) - 2025/06/17 19:29:43
Table 'MR NLH 2/4' 7-max Seat #7 is the button
Seat 2: 5de847ae ($505.27 in chips)
Seat 1: 46866fab ($140.55 in chips)
Seat 3: 61ebb236 ($317.16 in chips)
Seat 6: 26bfe9e7 ($819.95 in chips)
Seat 5: a3758599 ($800 in chips)
Seat 7: Hero ($1,947.48 in chips)
Seat 4: fcce531d ($1,339.18 in chips)
46866fab: posts small blind $2
5de847ae: posts big blind $4
*** HOLE CARDS ***
Dealt to 5de847ae 
Dealt to 46866fab 
Dealt to 61ebb236 
Dealt to 26bfe9e7 
Dealt to a3758599 
Dealt to Hero [4d 8c]
Dealt to fcce531d 
61ebb236: folds
fcce531d: folds
a3758599: folds
26bfe9e7: raises $6 to $10
Hero: folds
46866fab: calls $8
5de847ae: folds
*** FLOP *** [8h Ts 2c]
46866fab: checks
26bfe9e7: checks
*** TURN *** [8h Ts 2c] [Ad]
46866fab: checks
26bfe9e7: checks
*** RIVER *** [8h Ts 2c Ad] [Ah]
46866fab: bets $18
26bfe9e7: raises $45 to $63
46866fab: calls $45
46866fab: shows [3c Ac]
26bfe9e7: shows [3s As]
*** SHOWDOWN ***
46866fab collected $75 from pot
26bfe9e7 collected $75 from pot
*** SUMMARY ***
Total pot $150
Board [8h Ts 2c Ad Ah]
Seat 2: 5de847ae(big blind) folded before Flop
Seat 1: 46866fab(small blind) showed [3c Ac] and won ($75) with Three Aces
Seat 3: 61ebb236 folded before Flop (didn't bet)
Seat 6: 26bfe9e7 showed [3s As] and won ($75) with Three Aces
Seat 5: a3758599 folded before Flop (didn't bet)
Seat 7: Hero folded before Flop (didn't bet)
Seat 4: fcce531d folded before Flop (didn't bet)



Poker Hand #ring_941518511: NLH No Limit ($2/$4) - 2025/06/17 19:29:19
Table 'MR NLH 2/4' 7-max Seat #6 is the button
Seat 2: 5de847ae ($505.27 in chips)
Seat 1: 46866fab ($138.55 in chips)
Seat 3: 61ebb236 ($317.16 in chips)
Seat 6: 26bfe9e7 ($819.95 in chips)
Seat 5: a3758599 ($800 in chips)
Seat 7: Hero ($1,949.48 in chips)
Seat 4: fcce531d ($1,339.18 in chips)
Hero: posts small blind $2
46866fab: posts big blind $4
*** HOLE CARDS ***
Dealt to 5de847ae 
Dealt to 46866fab 
Dealt to 61ebb236 
Dealt to 26bfe9e7 
Dealt to a3758599 
Dealt to Hero [6s 9c]
Dealt to fcce531d 
5de847ae: folds
61ebb236: folds
fcce531d: folds
a3758599: folds
26bfe9e7: folds
Hero: folds
*** SHOWDOWN ***
46866fab collected $6 from pot
*** SUMMARY ***
Total pot $6
Seat 2: 5de847ae folded before Flop (didn't bet)
Seat 1: 46866fab(big blind)won ($6)
Seat 3: 61ebb236 folded before Flop (didn't bet)
Seat 6: 26bfe9e7 folded before Flop (didn't bet)
Seat 5: a3758599 folded before Flop (didn't bet)
Seat 7: Hero(small blind) folded before Flop
Seat 4: fcce531d folded before Flop (didn't bet)



Poker Hand #ring_941516653: NLH No Limit ($2/$4) - 2025/06/17 19:28:08
Table 'MR NLH 2/4' 7-max Seat #5 is the button
Seat 2: 5de847ae ($435.02 in chips)
Seat 1: 46866fab ($138.55 in chips)
Seat 3: 61ebb236 ($317.16 in chips)
Seat 6: 26bfe9e7 ($821.95 in chips)
Seat 5: a3758599 ($800 in chips)
Seat 7: Hero ($1,953.48 in chips)
Seat 4: fcce531d ($1,411.18 in chips)
26bfe9e7: posts small blind $2
Hero: posts big blind $4
*** HOLE CARDS ***
Dealt to 5de847ae 
Dealt to 46866fab 
Dealt to 61ebb236 
Dealt to 26bfe9e7 
Dealt to a3758599 
Dealt to Hero [Jh 5s]
Dealt to fcce531d 
46866fab: folds
5de847ae: raises $8 to $12
61ebb236: folds
fcce531d: calls $12
a3758599: folds
26bfe9e7: folds
Hero: folds
*** FLOP *** [Ac 6h 2c]
5de847ae: checks
fcce531d: bets $15
5de847ae: calls $15
*** TURN *** [Ac 6h 2c] [2s]
5de847ae: checks
fcce531d: bets $45
5de847ae: calls $45
*** RIVER *** [Ac 6h 2c 2s] [7h]
5de847ae: bets $112.49
fcce531d: folds
Uncalled bet ($112.49) returned to 5de847ae
*** SHOWDOWN ***
5de847ae collected $150 from pot
*** SUMMARY ***
Total pot $150
Board [Ac 6h 2c 2s 7h]
Seat 2: 5de847aewon ($150) with Pair of Aces and Pair of Twos
Seat 1: 46866fab folded before Flop (didn't bet)
Seat 3: 61ebb236 folded before Flop (didn't bet)
Seat 6: 26bfe9e7(small blind) folded before Flop
Seat 5: a3758599 folded before Flop (didn't bet)
Seat 7: Hero(big blind) folded before Flop
Seat 4: fcce531d folded on the River



Poker Hand #ring_941515140: NLH No Limit ($2/$4) - 2025/06/17 19:27:10
Table 'MR NLH 2/4' 7-max Seat #4 is the button
Seat 2: 5de847ae ($447.02 in chips)
Seat 1: 46866fab ($138.55 in chips)
Seat 3: 61ebb236 ($317.16 in chips)
Seat 6: 26bfe9e7 ($825.95 in chips)
Seat 5: a3758599 ($1,112.96 in chips)
Seat 7: Hero ($1,953.48 in chips)
Seat 4: fcce531d ($731.36 in chips)
a3758599: posts small blind $2
26bfe9e7: posts big blind $4
*** HOLE CARDS ***
Dealt to 5de847ae 
Dealt to 46866fab 
Dealt to 61ebb236 
Dealt to 26bfe9e7 
Dealt to a3758599 
Dealt to Hero [8c 4h]
Dealt to fcce531d 
Hero: folds
46866fab: folds
5de847ae: raises $8 to $12
61ebb236: folds
fcce531d: calls $12
a3758599: raises $48 to $60
26bfe9e7: folds
5de847ae: folds
fcce531d: calls $48
*** FLOP *** [Qh Jc 7d]
a3758599: bets $44.88
fcce531d: calls $44.88
*** TURN *** [Qh Jc 7d] [Kc]
a3758599: bets $180.61
fcce531d: calls $180.61
*** RIVER *** [Qh Jc 7d Kc] [9c]
a3758599: bets $827.47 and is all-in
fcce531d: calls $445.87 and is all-in
Uncalled bet ($381.6) returned to a3758599
fcce531d: shows [As Td]
a3758599: shows [Th Ts]
*** SHOWDOWN ***
fcce531d collected $1,478.72 from pot
*** SUMMARY ***
Total pot $1,478.72
Board [Qh Jc 7d Kc 9c]
Seat 2: 5de847ae folded before Flop
Seat 1: 46866fab folded before Flop (didn't bet)
Seat 3: 61ebb236 folded before Flop (didn't bet)
Seat 6: 26bfe9e7(big blind) folded before Flop
Seat 5: a3758599(small blind) showed [Th Ts] and lost with Kings-High Straight
Seat 7: Hero folded before Flop (didn't bet)
Seat 4: fcce531d showed [As Td] and won ($1,478.72) with Aces-High Straight



Poker Hand #ring_941513733: NLH No Limit ($2/$4) - 2025/06/17 19:26:16
Table 'MR NLH 2/4' 7-max Seat #3 is the button
Seat 2: 5de847ae ($447.02 in chips)
Seat 1: 46866fab ($138.55 in chips)
Seat 3: 61ebb236 ($267.66 in chips)
Seat 6: 26bfe9e7 ($825.95 in chips)
Seat 5: a3758599 ($1,122.96 in chips)
Seat 7: Hero ($1,953.48 in chips)
Seat 4: fcce531d ($776.36 in chips)
fcce531d: posts small blind $2
a3758599: posts big blind $4
*** HOLE CARDS ***
Dealt to 5de847ae 
Dealt to 46866fab 
Dealt to 61ebb236 
Dealt to 26bfe9e7 
Dealt to a3758599 
Dealt to Hero [2s Qh]
Dealt to fcce531d 
26bfe9e7: folds
Hero: folds
46866fab: folds
5de847ae: folds
61ebb236: raises $6 to $10
fcce531d: calls $8
a3758599: calls $6
*** FLOP *** [Kh Kc Tc]
fcce531d: checks
a3758599: checks
61ebb236: checks
*** TURN *** [Kh Kc Tc] [Jh]
fcce531d: bets $15
a3758599: folds
61ebb236: calls $15
*** RIVER *** [Kh Kc Tc Jh] [5c]
fcce531d: checks
61ebb236: bets $20
fcce531d: calls $20
61ebb236: shows [4d Jd]
fcce531d: shows [Qc Ts]
*** SHOWDOWN ***
61ebb236 collected $100 from pot
*** SUMMARY ***
Total pot $100
Board [Kh Kc Tc Jh 5c]
Seat 2: 5de847ae folded before Flop (didn't bet)
Seat 1: 46866fab folded before Flop (didn't bet)
Seat 3: 61ebb236 showed [4d Jd] and won ($100) with Pair of Kings and Pair of Jacks
Seat 6: 26bfe9e7 folded before Flop (didn't bet)
Seat 5: a3758599(big blind) folded on the Turn
Seat 7: Hero folded before Flop (didn't bet)
Seat 4: fcce531d(small blind) showed [Qc Ts] and lost with Pair of Kings and Pair of Tens



Poker Hand #ring_941513097: NLH No Limit ($2/$4) - 2025/06/17 19:25:50
Table 'MR NLH 2/4' 7-max Seat #2 is the button
Seat 2: 5de847ae ($447.02 in chips)
Seat 1: 46866fab ($138.55 in chips)
Seat 3: 61ebb236 ($269.66 in chips)
Seat 6: 26bfe9e7 ($825.95 in chips)
Seat 5: a3758599 ($1,122.96 in chips)
Seat 7: Hero ($1,953.48 in chips)
Seat 4: fcce531d ($774.36 in chips)
61ebb236: posts small blind $2
fcce531d: posts big blind $4
*** HOLE CARDS ***
Dealt to 5de847ae 
Dealt to 46866fab 
Dealt to 61ebb236 
Dealt to 26bfe9e7 
Dealt to a3758599 
Dealt to Hero [2h Ad]
Dealt to fcce531d 
a3758599: folds
26bfe9e7: folds
Hero: folds
46866fab: folds
5de847ae: folds
61ebb236: folds
fcce531d: shows [8h Ts]
*** SHOWDOWN ***
fcce531d collected $6 from pot
*** SUMMARY ***
Total pot $6
Seat 2: 5de847ae folded before Flop (didn't bet)
Seat 1: 46866fab folded before Flop (didn't bet)
Seat 3: 61ebb236(small blind) folded before Flop
Seat 6: 26bfe9e7 folded before Flop (didn't bet)
Seat 5: a3758599 folded before Flop (didn't bet)
Seat 7: Hero folded before Flop (didn't bet)
Seat 4: fcce531d(big blind) showed [8h Ts] and won ($6)



Poker Hand #ring_941511530: NLH No Limit ($2/$4) - 2025/06/17 19:24:47
Table 'MR NLH 2/4' 7-max Seat #1 is the button
Seat 2: 5de847ae ($449.02 in chips)
Seat 1: 46866fab ($61.78 in chips)
Seat 3: 61ebb236 ($331.44 in chips)
Seat 6: 26bfe9e7 ($825.95 in chips)
Seat 5: a3758599 ($1,143.52 in chips)
Seat 7: Hero ($1,953.48 in chips)
Seat 4: fcce531d ($774.36 in chips)
5de847ae: posts small blind $2
61ebb236: posts big blind $4
*** HOLE CARDS ***
Dealt to 5de847ae 
Dealt to 46866fab 
Dealt to 61ebb236 
Dealt to 26bfe9e7 
Dealt to a3758599 
Dealt to Hero [Qd 3d]
Dealt to fcce531d 
fcce531d: folds
a3758599: raises $6 to $10
26bfe9e7: folds
Hero: folds
46866fab: calls $10
5de847ae: folds
61ebb236: calls $6
*** FLOP *** [7c Td Ah]
61ebb236: checks
a3758599: bets $10.56
46866fab: calls $10.56
61ebb236: calls $10.56
*** TURN *** [7c Td Ah] [9c]
61ebb236: checks
a3758599: checks
46866fab: checks
*** RIVER *** [7c Td Ah 9c] [Jh]
61ebb236: bets $42
a3758599: folds
46866fab: calls $41.22 and is all-in
Uncalled bet ($0.78) returned to 61ebb236
46866fab: shows [Js Th]
61ebb236: shows [Jc 7s]
fcce531d: shows [8h]
*** SHOWDOWN ***
46866fab collected $146.12 from pot
*** SUMMARY ***
Total pot $146.12
Board [7c Td Ah 9c Jh]
Seat 2: 5de847ae(small blind) folded before Flop
Seat 1: 46866fab showed [Js Th] and won ($146.12) with Pair of Jacks and Pair of Tens
Seat 3: 61ebb236(big blind) showed [Jc 7s] and lost with Pair of Jacks and Pair of Sevens
Seat 6: 26bfe9e7 folded before Flop (didn't bet)
Seat 5: a3758599 folded on the River
Seat 7: Hero folded before Flop (didn't bet)
Seat 4: fcce531d folded before Flop (didn't bet)



Poker Hand #ring_941509322: NLH No Limit ($2/$4) - 2025/06/17 19:23:20
Table 'MR NLH 2/4' 7-max Seat #7 is the button
Seat 2: 5de847ae ($425.36 in chips)
Seat 1: 46866fab ($63.78 in chips)
Seat 3: 61ebb236 ($331.44 in chips)
Seat 6: 26bfe9e7 ($825.95 in chips)
Seat 5: a3758599 ($1,143.52 in chips)
Seat 7: Hero ($1,978.48 in chips)
Seat 4: fcce531d ($774.36 in chips)
46866fab: posts small blind $2
5de847ae: posts big blind $4
*** HOLE CARDS ***
Dealt to 5de847ae 
Dealt to 46866fab 
Dealt to 61ebb236 
Dealt to 26bfe9e7 
Dealt to a3758599 
Dealt to Hero [2c 3c]
Dealt to fcce531d 
61ebb236: folds
fcce531d: folds
a3758599: folds
26bfe9e7: folds
Hero: raises $8 to $12
46866fab: folds
5de847ae: calls $8
*** FLOP *** [6h 8h 8c]
5de847ae: checks
Hero: bets $13
5de847ae: calls $13
*** TURN *** [6h 8h 8c] [9s]
5de847ae: checks
Hero: checks
*** RIVER *** [6h 8h 8c 9s] [9d]
5de847ae: bets $39
Hero: folds
Uncalled bet ($39) returned to 5de847ae
*** SHOWDOWN ***
5de847ae collected $52 from pot
*** SUMMARY ***
Total pot $52
Board [6h 8h 8c 9s 9d]
Seat 2: 5de847ae(big blind)won ($52) with Pair of Nines and Pair of Eights
Seat 1: 46866fab(small blind) folded before Flop
Seat 3: 61ebb236 folded before Flop (didn't bet)
Seat 6: 26bfe9e7 folded before Flop (didn't bet)
Seat 5: a3758599 folded before Flop (didn't bet)
Seat 7: Hero folded on the River
Seat 4: fcce531d folded before Flop (didn't bet)



Poker Hand #ring_941508701: NLH No Limit ($2/$4) - 2025/06/17 19:22:56
Table 'MR NLH 2/4' 7-max Seat #6 is the button
Seat 2: 5de847ae ($425.36 in chips)
Seat 1: 46866fab ($67.78 in chips)
Seat 3: 61ebb236 ($331.44 in chips)
Seat 6: 26bfe9e7 ($825.95 in chips)
Seat 5: a3758599 ($1,137.52 in chips)
Seat 7: Hero ($1,980.48 in chips)
Seat 4: fcce531d ($774.36 in chips)
Hero: posts small blind $2
46866fab: posts big blind $4
*** HOLE CARDS ***
Dealt to 5de847ae 
Dealt to 46866fab 
Dealt to 61ebb236 
Dealt to 26bfe9e7 
Dealt to a3758599 
Dealt to Hero [4s 9s]
Dealt to fcce531d 
5de847ae: folds
61ebb236: folds
fcce531d: folds
a3758599: raises $6 to $10
26bfe9e7: folds
Hero: folds
46866fab: folds
Uncalled bet ($6) returned to a3758599
*** SHOWDOWN ***
a3758599 collected $10 from pot
*** SUMMARY ***
Total pot $10
Seat 2: 5de847ae folded before Flop (didn't bet)
Seat 1: 46866fab(big blind) folded before Flop
Seat 3: 61ebb236 folded before Flop (didn't bet)
Seat 6: 26bfe9e7 folded before Flop (didn't bet)
Seat 5: a3758599won ($10)
Seat 7: Hero(small blind) folded before Flop
Seat 4: fcce531d folded before Flop (didn't bet)



Poker Hand #ring_941507890: NLH No Limit ($2/$4) - 2025/06/17 19:22:25
Table 'MR NLH 2/4' 7-max Seat #5 is the button
Seat 2: 5de847ae ($425.36 in chips)
Seat 1: 46866fab ($67.78 in chips)
Seat 3: 61ebb236 ($331.44 in chips)
Seat 6: 26bfe9e7 ($827.95 in chips)
Seat 5: a3758599 ($1,147.52 in chips)
Seat 7: Hero ($1,968.48 in chips)
Seat 4: fcce531d ($774.36 in chips)
26bfe9e7: posts small blind $2
Hero: posts big blind $4
*** HOLE CARDS ***
Dealt to 5de847ae 
Dealt to 46866fab 
Dealt to 61ebb236 
Dealt to 26bfe9e7 
Dealt to a3758599 
Dealt to Hero [Qd Ac]
Dealt to fcce531d 
46866fab: folds
5de847ae: folds
61ebb236: folds
fcce531d: folds
a3758599: raises $6 to $10
26bfe9e7: folds
Hero: raises $25.3 to $35.3
a3758599: folds
Uncalled bet ($25.3) returned to Hero
*** SHOWDOWN ***
Hero collected $22 from pot
*** SUMMARY ***
Total pot $22
Seat 2: 5de847ae folded before Flop (didn't bet)
Seat 1: 46866fab folded before Flop (didn't bet)
Seat 3: 61ebb236 folded before Flop (didn't bet)
Seat 6: 26bfe9e7(small blind) folded before Flop
Seat 5: a3758599 folded before Flop
Seat 7: Hero(big blind)won ($22)
Seat 4: fcce531d folded before Flop (didn't bet)



