Poker Hand #ring_943511469: NLH No Limit ($2/$4) - 2025/06/18 23:16:52
Table 'MR NLH 2/4' 7-max Seat #6 is the button
Seat 5: 4f1b2468 ($354 in chips)
Seat 3: 8613d84 ($1,032.29 in chips)
Seat 4: 75f82018 ($740 in chips)
Seat 6: efa1c0c0 ($1,096.36 in chips)
Seat 7: efd38eae ($225.94 in chips)
Seat 1: 52e2b8e9 ($1,012.99 in chips)
Seat 2: Hero ($639.39 in chips)
efd38eae: posts small blind $2
52e2b8e9: posts big blind $4
*** HOLE CARDS ***
Dealt to 4f1b2468 
Dealt to 8613d84 
Dealt to 75f82018 
Dealt to efa1c0c0 
Dealt to efd38eae 
Dealt to 52e2b8e9 
Dealt to Hero [Ah 8s]
Hero: folds
8613d84: raises $8 to $12
75f82018: calls $12
4f1b2468: raises $42 to $54
efa1c0c0: folds
efd38eae: folds
52e2b8e9: folds
8613d84: calls $42
75f82018: folds
*** FLOP *** [3c Kc 9s]
8613d84: checks
4f1b2468: bets $63
8613d84: folds
Uncalled bet ($63) returned to 4f1b2468
*** SHOWDOWN ***
4f1b2468 collected $126 from pot
*** SUMMARY ***
Total pot $126
Board [3c Kc 9s]
Seat 5: 4f1b2468won ($126) with Ace-High
Seat 3: 8613d84 folded on the Flop
Seat 4: 75f82018 folded before Flop
Seat 6: efa1c0c0 folded before Flop (didn't bet)
Seat 7: efd38eae(small blind) folded before Flop
Seat 1: 52e2b8e9(big blind) folded before Flop
Seat 2: Hero folded before Flop (didn't bet)



Poker Hand #ring_943509823: NLH No Limit ($2/$4) - 2025/06/18 23:16:04
Table 'MR NLH 2/4' 7-max Seat #5 is the button
Seat 5: 4f1b2468 ($354 in chips)
Seat 3: 8613d84 ($849.49 in chips)
Seat 4: 75f82018 ($740 in chips)
Seat 6: efa1c0c0 ($1,256.36 in chips)
Seat 7: efd38eae ($265.94 in chips)
Seat 1: 52e2b8e9 ($1,012.99 in chips)
Seat 2: Hero ($639.39 in chips)
efa1c0c0: posts small blind $2
efd38eae: posts big blind $4
*** HOLE CARDS ***
Dealt to 4f1b2468 
Dealt to 8613d84 
Dealt to 75f82018 
Dealt to efa1c0c0 
Dealt to efd38eae 
Dealt to 52e2b8e9 
Dealt to Hero [Qs 7s]
*** FLOP *** [Qc 4c 3h]
efa1c0c0: checks
8613d84: bets $270
efa1c0c0: folds
Uncalled bet ($270) returned to 8613d84
52e2b8e9: folds
Hero: folds
8613d84: raises $8 to $12
75f82018: folds
4f1b2468: folds
efa1c0c0: raises $28 to $40
efd38eae: calls $36
8613d84: raises $120 to $160
efa1c0c0: calls $120
efd38eae: folds
*** SHOWDOWN ***
8613d84 collected $360 from pot
*** SUMMARY ***
Total pot $360
Board [Qc 4c 3h]
Seat 5: 4f1b2468 folded before Flop (didn't bet)
Seat 3: 8613d84won ($360) with Ace-High
Seat 4: 75f82018 folded before Flop (didn't bet)
Seat 6: efa1c0c0(small blind) folded on the Flop
Seat 7: efd38eae(big blind) folded before Flop
Seat 1: 52e2b8e9 folded before Flop (didn't bet)
Seat 2: Hero folded before Flop (didn't bet)



Poker Hand #ring_943508977: NLH No Limit ($2/$4) - 2025/06/18 23:15:41
Table 'MR NLH 2/4' 7-max Seat #4 is the button
Seat 5: 4f1b2468 ($356 in chips)
Seat 3: 8613d84 ($849.49 in chips)
Seat 4: 75f82018 ($740 in chips)
Seat 6: efa1c0c0 ($1,254.36 in chips)
Seat 7: efd38eae ($265.94 in chips)
Seat 1: 52e2b8e9 ($1,012.99 in chips)
Seat 2: Hero ($639.39 in chips)
4f1b2468: posts small blind $2
efa1c0c0: posts big blind $4
*** HOLE CARDS ***
Dealt to 4f1b2468 
Dealt to 8613d84 
Dealt to 75f82018 
Dealt to efa1c0c0 
Dealt to efd38eae 
Dealt to 52e2b8e9 
Dealt to Hero [7c 5h]
efd38eae: folds
52e2b8e9: folds
Hero: folds
8613d84: folds
75f82018: folds
4f1b2468: folds
*** SHOWDOWN ***
efa1c0c0 collected $6 from pot
*** SUMMARY ***
Total pot $6
Seat 5: 4f1b2468(small blind) folded before Flop
Seat 3: 8613d84 folded before Flop (didn't bet)
Seat 4: 75f82018 folded before Flop (didn't bet)
Seat 6: efa1c0c0(big blind)won ($6)
Seat 7: efd38eae folded before Flop (didn't bet)
Seat 1: 52e2b8e9 folded before Flop (didn't bet)
Seat 2: Hero folded before Flop (didn't bet)



Poker Hand #ring_943506525: NLH No Limit ($2/$4) - 2025/06/18 23:14:27
Table 'MR NLH 2/4' 7-max Seat #3 is the button
Seat 5: 4f1b2468 ($360 in chips)
Seat 3: 8613d84 ($849.49 in chips)
Seat 4: 75f82018 ($752 in chips)
Seat 6: efa1c0c0 ($1,266.36 in chips)
Seat 7: efd38eae ($265.94 in chips)
Seat 1: 52e2b8e9 ($1,012.99 in chips)
Seat 2: Hero ($614.19 in chips)
75f82018: posts small blind $2
4f1b2468: posts big blind $4
*** HOLE CARDS ***
Dealt to 4f1b2468 
Dealt to 8613d84 
Dealt to 75f82018 
Dealt to efa1c0c0 
Dealt to efd38eae 
Dealt to 52e2b8e9 
Dealt to Hero [Kh Qc]
efa1c0c0: calls $4
efd38eae: folds
52e2b8e9: folds
Hero: raises $8 to $12
8613d84: folds
75f82018: calls $10
4f1b2468: folds
efa1c0c0: calls $8
*** FLOP *** [2s 4s 6s]
75f82018: checks
efa1c0c0: checks
Hero: bets $20
75f82018: folds
efa1c0c0: folds
Uncalled bet ($20) returned to Hero
*** SHOWDOWN ***
Hero collected $40 from pot
*** SUMMARY ***
Total pot $40
Board [2s 4s 6s]
Seat 5: 4f1b2468(big blind) folded before Flop
Seat 3: 8613d84 folded before Flop (didn't bet)
Seat 4: 75f82018(small blind) folded on the Flop
Seat 6: efa1c0c0 folded on the Flop
Seat 7: efd38eae folded before Flop (didn't bet)
Seat 1: 52e2b8e9 folded before Flop (didn't bet)
Seat 2: Herowon ($40) with King-High



Poker Hand #ring_943502244: NLH No Limit ($2/$4) - 2025/06/18 23:12:19
Table 'MR NLH 2/4' 7-max Seat #2 is the button
Seat 5: 4f1b2468 ($360 in chips)
Seat 3: 8613d84 ($851.49 in chips)
Seat 4: 75f82018 ($756 in chips)
Seat 6: efa1c0c0 ($1,245.89 in chips)
Seat 7: efd38eae ($269.94 in chips)
Seat 1: 52e2b8e9 ($1,024.99 in chips)
Seat 2: Hero ($614.19 in chips)
8613d84: posts small blind $2
75f82018: posts big blind $4
*** HOLE CARDS ***
Dealt to 4f1b2468 
Dealt to 8613d84 
Dealt to 75f82018 
Dealt to efa1c0c0 
Dealt to efd38eae 
Dealt to 52e2b8e9 
Dealt to Hero [Qc 8s]
4f1b2468: folds
efa1c0c0: calls $4
efd38eae: calls $4
52e2b8e9: raises $8 to $12
Hero: folds
8613d84: folds
75f82018: folds
efa1c0c0: calls $8
efd38eae: folds
*** FLOP *** [2c Kd 8d]
efa1c0c0: checks
52e2b8e9: checks
*** TURN *** [2c Kd 8d] [6h]
efa1c0c0: checks
52e2b8e9: checks
*** RIVER *** [2c Kd 8d 6h] [4s]
efa1c0c0: checks
52e2b8e9: checks
52e2b8e9: shows [7s Ad]
efa1c0c0: shows [4h 5d]
*** SHOWDOWN ***
efa1c0c0 collected $34 from pot
*** SUMMARY ***
Total pot $34
Board [2c Kd 8d 6h 4s]
Seat 5: 4f1b2468 folded before Flop (didn't bet)
Seat 3: 8613d84(small blind) folded before Flop
Seat 4: 75f82018(big blind) folded before Flop
Seat 6: efa1c0c0 showed [4h 5d] and won ($34) with Pair of Fours
Seat 7: efd38eae folded before Flop
Seat 1: 52e2b8e9 showed [7s Ad] and lost with Ace-High
Seat 2: Hero folded before Flop (didn't bet)



Poker Hand #ring_943499983: NLH No Limit ($2/$4) - 2025/06/18 23:11:12
Table 'MR NLH 2/4' 7-max Seat #1 is the button
Seat 5: 4f1b2468 ($360 in chips)
Seat 3: 8613d84 ($822.65 in chips)
Seat 4: 75f82018 ($756 in chips)
Seat 6: efa1c0c0 ($1,261.89 in chips)
Seat 7: efd38eae ($269.94 in chips)
Seat 1: 52e2b8e9 ($1,024.99 in chips)
Seat 2: Hero ($630.19 in chips)
Hero: posts small blind $2
8613d84: posts big blind $4
*** HOLE CARDS ***
Dealt to 4f1b2468 
Dealt to 8613d84 
Dealt to 75f82018 
Dealt to efa1c0c0 
Dealt to efd38eae 
Dealt to 52e2b8e9 
Dealt to Hero [7s 7h]
75f82018: folds
4f1b2468: folds
efa1c0c0: raises $12 to $16
efd38eae: folds
52e2b8e9: folds
Hero: calls $14
8613d84: calls $12
*** FLOP *** [6h 6s 9s]
Hero: checks
8613d84: checks
efa1c0c0: checks
*** TURN *** [6h 6s 9s] [Ah]
Hero: checks
8613d84: checks
efa1c0c0: checks
*** RIVER *** [6h 6s 9s Ah] [9d]
Hero: checks
8613d84: checks
efa1c0c0: checks
Hero: shows [7s 7h]
8613d84: shows [7d As]
efa1c0c0: shows [3c 2s]
*** SHOWDOWN ***
8613d84 collected $48 from pot
*** SUMMARY ***
Total pot $48
Board [6h 6s 9s Ah 9d]
Seat 5: 4f1b2468 folded before Flop (didn't bet)
Seat 3: 8613d84(big blind) showed [7d As] and won ($48) with Pair of Aces and Pair of Nines
Seat 4: 75f82018 folded before Flop (didn't bet)
Seat 6: efa1c0c0 showed [3c 2s] and lost with Pair of Nines and Pair of Sixes
Seat 7: efd38eae folded before Flop (didn't bet)
Seat 1: 52e2b8e9 folded before Flop (didn't bet)
Seat 2: Hero(small blind) showed [7s 7h] and lost with Pair of Nines and Pair of Sevens



Poker Hand #ring_943496654: NLH No Limit ($2/$4) - 2025/06/18 23:09:32
Table 'MR NLH 2/4' 7-max Seat #7 is the button
Seat 5: 4f1b2468 ($360 in chips)
Seat 3: 8613d84 ($746.46 in chips)
Seat 4: 75f82018 ($756 in chips)
Seat 6: efa1c0c0 ($1,316.28 in chips)
Seat 7: efd38eae ($269.94 in chips)
Seat 1: 52e2b8e9 ($1,026.99 in chips)
Seat 2: Hero ($657.19 in chips)
52e2b8e9: posts small blind $2
Hero: posts big blind $4
*** HOLE CARDS ***
Dealt to 4f1b2468 
Dealt to 8613d84 
Dealt to 75f82018 
Dealt to efa1c0c0 
Dealt to efd38eae 
Dealt to 52e2b8e9 
Dealt to Hero [3s 3h]
8613d84: raises $8 to $12
75f82018: folds
4f1b2468: folds
efa1c0c0: raises $15 to $27
efd38eae: folds
52e2b8e9: folds
Hero: calls $23
8613d84: calls $15
*** FLOP *** [Jc 4s 9s]
Hero: checks
8613d84: checks
efa1c0c0: checks
*** TURN *** [Jc 4s 9s] [5c]
Hero: checks
8613d84: bets $27.39
efa1c0c0: calls $27.39
Hero: folds
*** RIVER *** [Jc 4s 9s 5c] [9c]
8613d84: bets $45.46
efa1c0c0: folds
Uncalled bet ($45.46) returned to 8613d84
*** SHOWDOWN ***
8613d84 collected $137.78 from pot
*** SUMMARY ***
Total pot $137.78
Board [Jc 4s 9s 5c 9c]
Seat 5: 4f1b2468 folded before Flop (didn't bet)
Seat 3: 8613d84won ($137.78) with Pair of Tens and Pair of Nines
Seat 4: 75f82018 folded before Flop (didn't bet)
Seat 6: efa1c0c0 folded on the River
Seat 7: efd38eae folded before Flop (didn't bet)
Seat 1: 52e2b8e9(small blind) folded before Flop
Seat 2: Hero(big blind) folded on the Turn



Poker Hand #ring_943495521: NLH No Limit ($2/$4) - 2025/06/18 23:08:59
Table 'MR NLH 2/4' 7-max Seat #6 is the button
Seat 5: 4f1b2468 ($364 in chips)
Seat 3: 8613d84 ($746.46 in chips)
Seat 4: 75f82018 ($756 in chips)
Seat 6: efa1c0c0 ($1,306.28 in chips)
Seat 7: efd38eae ($271.94 in chips)
Seat 1: 52e2b8e9 ($1,030.99 in chips)
Seat 2: Hero ($657.19 in chips)
efd38eae: posts small blind $2
52e2b8e9: posts big blind $4
4f1b2468: posts big blind $4
*** HOLE CARDS ***
Dealt to 4f1b2468 
Dealt to 8613d84 
Dealt to 75f82018 
Dealt to efa1c0c0 
Dealt to efd38eae 
Dealt to 52e2b8e9 
Dealt to Hero [Qh 9d]
Hero: folds
8613d84: folds
75f82018: folds
4f1b2468: checks
efa1c0c0: raises $14 to $18
efd38eae: folds
52e2b8e9: folds
4f1b2468: folds
Uncalled bet ($14) returned to efa1c0c0
*** SHOWDOWN ***
efa1c0c0 collected $14 from pot
*** SUMMARY ***
Total pot $14
Seat 5: 4f1b2468 folded before Flop
Seat 3: 8613d84 folded before Flop (didn't bet)
Seat 4: 75f82018 folded before Flop (didn't bet)
Seat 6: efa1c0c0won ($14)
Seat 7: efd38eae(small blind) folded before Flop
Seat 1: 52e2b8e9(big blind) folded before Flop
Seat 2: Hero folded before Flop (didn't bet)



Poker Hand #ring_943491175: NLH No Limit ($2/$4) - 2025/06/18 23:06:49
Table 'MR NLH 2/4' 7-max Seat #4 is the button
Seat 3: 8613d84 ($746.46 in chips)
Seat 4: 75f82018 ($788 in chips)
Seat 6: efa1c0c0 ($1,438.28 in chips)
Seat 7: efd38eae ($275.94 in chips)
Seat 1: 52e2b8e9 ($877.49 in chips)
Seat 2: Hero ($657.19 in chips)
efa1c0c0: posts small blind $2
efd38eae: posts big blind $4
*** HOLE CARDS ***
Dealt to 8613d84 
Dealt to 75f82018 
Dealt to efa1c0c0 
Dealt to efd38eae 
Dealt to 52e2b8e9 
Dealt to Hero [6h 3d]
52e2b8e9: calls $4
Hero: folds
8613d84: folds
75f82018: raises $8 to $12
efa1c0c0: calls $10
efd38eae: folds
52e2b8e9: calls $8
*** FLOP *** [Qc 6s 4c]
efa1c0c0: checks
52e2b8e9: bets $20
75f82018: calls $20
efa1c0c0: calls $20
*** TURN *** [Qc 6s 4c] [2c]
efa1c0c0: checks
52e2b8e9: checks
75f82018: checks
*** RIVER *** [Qc 6s 4c 2c] [2h]
efa1c0c0: bets $100
52e2b8e9: calls $100
75f82018: folds
52e2b8e9: shows [Qh 5h]
efa1c0c0: shows [8s 7c]
*** SHOWDOWN ***
52e2b8e9 collected $300 from pot
*** SUMMARY ***
Total pot $300
Board [Qc 6s 4c 2c 2h]
Seat 3: 8613d84 folded before Flop (didn't bet)
Seat 4: 75f82018 folded on the River
Seat 6: efa1c0c0(small blind) showed [8s 7c] and lost with Pair of Twos
Seat 7: efd38eae(big blind) folded before Flop
Seat 1: 52e2b8e9 showed [Qh 5h] and won ($300) with Pair of Queens and Pair of Twos
Seat 2: Hero folded before Flop (didn't bet)



Poker Hand #ring_943489858: NLH No Limit ($2/$4) - 2025/06/18 23:06:09
Table 'MR NLH 2/4' 7-max Seat #3 is the button
Seat 3: 8613d84 ($746.46 in chips)
Seat 4: 75f82018 ($790 in chips)
Seat 6: efa1c0c0 ($1,450.28 in chips)
Seat 7: efd38eae ($287.94 in chips)
Seat 1: 52e2b8e9 ($877.49 in chips)
Seat 2: Hero ($632.9 in chips)
75f82018: posts small blind $2
efa1c0c0: posts big blind $4
*** HOLE CARDS ***
Dealt to 8613d84 
Dealt to 75f82018 
Dealt to efa1c0c0 
Dealt to efd38eae 
Dealt to 52e2b8e9 
Dealt to Hero [Jh Jc]
efd38eae: calls $4
52e2b8e9: folds
Hero: raises $8 to $12
8613d84: folds
75f82018: folds
efa1c0c0: calls $8
efd38eae: calls $8
*** FLOP *** [4d Th Kh]
efa1c0c0: checks
efd38eae: checks
Hero: bets $19
efa1c0c0: folds
efd38eae: folds
Uncalled bet ($19) returned to Hero
*** SHOWDOWN ***
Hero collected $38 from pot
*** SUMMARY ***
Total pot $38
Board [4d Th Kh]
Seat 3: 8613d84 folded before Flop (didn't bet)
Seat 4: 75f82018(small blind) folded before Flop
Seat 6: efa1c0c0(big blind) folded on the Flop
Seat 7: efd38eae folded on the Flop
Seat 1: 52e2b8e9 folded before Flop (didn't bet)
Seat 2: Herowon ($38) with Pair of Jacks



Poker Hand #ring_943488527: NLH No Limit ($2/$4) - 2025/06/18 23:05:29
Table 'MR NLH 2/4' 7-max Seat #2 is the button
Seat 3: 8613d84 ($748.46 in chips)
Seat 4: 75f82018 ($794 in chips)
Seat 6: efa1c0c0 ($1,478.82 in chips)
Seat 7: efd38eae ($257.23 in chips)
Seat 1: 52e2b8e9 ($877.49 in chips)
Seat 2: Hero ($632.9 in chips)
8613d84: posts small blind $2
75f82018: posts big blind $4
*** HOLE CARDS ***
Dealt to 8613d84 
Dealt to 75f82018 
Dealt to efa1c0c0 
Dealt to efd38eae 
Dealt to 52e2b8e9 
Dealt to Hero [Th 8c]
efa1c0c0: raises $12 to $16
efd38eae: calls $16
52e2b8e9: folds
Hero: folds
8613d84: folds
75f82018: folds
*** FLOP *** [Qh Kc 4c]
efa1c0c0: checks
efd38eae: bets $12.54
efa1c0c0: calls $12.54
*** TURN *** [Qh Kc 4c] [4h]
efa1c0c0: checks
efd38eae: checks
*** RIVER *** [Qh Kc 4c 4h] [Jd]
efa1c0c0: checks
efd38eae: bets $47.31
efa1c0c0: folds
Uncalled bet ($47.31) returned to efd38eae
*** SHOWDOWN ***
efd38eae collected $63.08 from pot
*** SUMMARY ***
Total pot $63.08
Board [Qh Kc 4c 4h Jd]
Seat 3: 8613d84(small blind) folded before Flop
Seat 4: 75f82018(big blind) folded before Flop
Seat 6: efa1c0c0 folded on the River
Seat 7: efd38eaewon ($63.08) with Pair of Queens and Pair of Jacks
Seat 1: 52e2b8e9 folded before Flop (didn't bet)
Seat 2: Hero folded before Flop (didn't bet)



Poker Hand #ring_943486021: NLH No Limit ($2/$4) - 2025/06/18 23:04:12
Table 'MR NLH 2/4' 7-max Seat #1 is the button
Seat 3: 8613d84 ($781.66 in chips)
Seat 4: 75f82018 ($794 in chips)
Seat 6: efa1c0c0 ($1,478.82 in chips)
Seat 7: efd38eae ($257.23 in chips)
Seat 1: 52e2b8e9 ($877.49 in chips)
Seat 2: Hero ($603.68 in chips)
Hero: posts small blind $2
8613d84: posts big blind $4
*** HOLE CARDS ***
Dealt to 8613d84 
Dealt to 75f82018 
Dealt to efa1c0c0 
Dealt to efd38eae 
Dealt to 52e2b8e9 
Dealt to Hero [3s 3d]
75f82018: folds
efa1c0c0: folds
efd38eae: folds
52e2b8e9: folds
Hero: raises $6 to $10
8613d84: calls $6
*** FLOP *** [7d 2d Jh]
Hero: checks
8613d84: bets $6.6
Hero: calls $6.6
*** TURN *** [7d 2d Jh] [9d]
Hero: checks
8613d84: bets $16.6
Hero: calls $16.6
*** RIVER *** [7d 2d Jh 9d] [As]
Hero: bets $44.4
8613d84: folds
Uncalled bet ($44.4) returned to Hero
*** SHOWDOWN ***
Hero collected $66.4 from pot
*** SUMMARY ***
Total pot $66.4
Board [7d 2d Jh 9d As]
Seat 3: 8613d84(big blind) folded on the River
Seat 4: 75f82018 folded before Flop (didn't bet)
Seat 6: efa1c0c0 folded before Flop (didn't bet)
Seat 7: efd38eae folded before Flop (didn't bet)
Seat 1: 52e2b8e9 folded before Flop (didn't bet)
Seat 2: Hero(small blind)won ($66.4) with Pair of Treys



Poker Hand #ring_943484382: NLH No Limit ($2/$4) - 2025/06/18 23:03:24
Table 'MR NLH 2/4' 7-max Seat #0 is the button
Seat 3: 8613d84 ($781.66 in chips)
Seat 4: 75f82018 ($794 in chips)
Seat 6: efa1c0c0 ($1,462.35 in chips)
Seat 1: 52e2b8e9 ($879.49 in chips)
Seat 2: Hero ($619.68 in chips)
52e2b8e9: posts small blind $2
Hero: posts big blind $4
*** HOLE CARDS ***
Dealt to 8613d84 
Dealt to 75f82018 
Dealt to efa1c0c0 
Dealt to 52e2b8e9 
Dealt to Hero [Qs 8h]
8613d84: folds
75f82018: folds
efa1c0c0: raises $12 to $16
52e2b8e9: folds
Hero: calls $12
*** FLOP *** [3h 7d Jh]
Hero: checks
efa1c0c0: checks
*** TURN *** [3h 7d Jh] [Js]
Hero: checks
efa1c0c0: checks
*** RIVER *** [3h 7d Jh Js] [4h]
Hero: checks
efa1c0c0: checks
Hero: shows [Qs 8h]
efa1c0c0: shows [As 2d]
*** SHOWDOWN ***
efa1c0c0 collected $34 from pot
*** SUMMARY ***
Total pot $34
Board [3h 7d Jh Js 4h]
Seat 3: 8613d84 folded before Flop (didn't bet)
Seat 4: 75f82018 folded before Flop (didn't bet)
Seat 6: efa1c0c0 showed [As 2d] and won ($34) with Pair of Jacks
Seat 1: 52e2b8e9(small blind) folded before Flop
Seat 2: Hero(big blind) showed [Qs 8h] and lost with Pair of Jacks



Poker Hand #ring_943482880: NLH No Limit ($2/$4) - 2025/06/18 23:02:39
Table 'MR NLH 2/4' 7-max Seat #6 is the button
Seat 3: 8613d84 ($781.66 in chips)
Seat 4: 75f82018 ($794 in chips)
Seat 6: efa1c0c0 ($1,474.35 in chips)
Seat 7: efd38eae ($259.23 in chips)
Seat 1: 52e2b8e9 ($866.66 in chips)
Seat 2: Hero ($619.68 in chips)
efd38eae: posts small blind $2
52e2b8e9: posts big blind $4
*** HOLE CARDS ***
Dealt to 8613d84 
Dealt to 75f82018 
Dealt to efa1c0c0 
Dealt to efd38eae 
Dealt to 52e2b8e9 
Dealt to Hero [Qs 2s]
Hero: folds
8613d84: folds
75f82018: folds
efa1c0c0: calls $4
efd38eae: folds
52e2b8e9: raises $8 to $12
efa1c0c0: calls $8
*** FLOP *** [9d 3d 2c]
52e2b8e9: bets $13
efa1c0c0: folds
Uncalled bet ($13) returned to 52e2b8e9
*** SHOWDOWN ***
52e2b8e9 collected $26 from pot
*** SUMMARY ***
Total pot $26
Board [9d 3d 2c]
Seat 3: 8613d84 folded before Flop (didn't bet)
Seat 4: 75f82018 folded before Flop (didn't bet)
Seat 6: efa1c0c0 folded on the Flop
Seat 7: efd38eae(small blind) folded before Flop
Seat 1: 52e2b8e9(big blind)won ($26) with Ace-High
Seat 2: Hero folded before Flop (didn't bet)



Poker Hand #ring_943480586: NLH No Limit ($2/$4) - 2025/06/18 23:01:30
Table 'MR NLH 2/4' 7-max Seat #4 is the button
Seat 3: 8613d84 ($781.66 in chips)
Seat 4: 75f82018 ($794 in chips)
Seat 6: efa1c0c0 ($1,470.71 in chips)
Seat 7: efd38eae ($263.23 in chips)
Seat 1: 52e2b8e9 ($866.66 in chips)
Seat 2: Hero ($619.68 in chips)
efa1c0c0: posts small blind $2
efd38eae: posts big blind $4
*** HOLE CARDS ***
Dealt to 8613d84 
Dealt to 75f82018 
Dealt to efa1c0c0 
Dealt to efd38eae 
Dealt to 52e2b8e9 
Dealt to Hero [6s Qd]
52e2b8e9: folds
Hero: folds
8613d84: folds
75f82018: folds
efa1c0c0: calls $2
efd38eae: checks
*** FLOP *** [8d 9c Jh]
efa1c0c0: checks
efd38eae: checks
*** TURN *** [8d 9c Jh] [6h]
efa1c0c0: checks
efd38eae: checks
*** RIVER *** [8d 9c Jh 6h] [4s]
efa1c0c0: checks
efd38eae: checks
efa1c0c0: shows [2d 6d]
efd38eae: shows [Kc 4h]
*** SHOWDOWN ***
efa1c0c0 collected $8 from pot
*** SUMMARY ***
Total pot $8
Board [8d 9c Jh 6h 4s]
Seat 3: 8613d84 folded before Flop (didn't bet)
Seat 4: 75f82018 folded before Flop (didn't bet)
Seat 6: efa1c0c0(small blind) showed [2d 6d] and won ($8) with Pair of Sixes
Seat 7: efd38eae(big blind) showed [Kc 4h] and lost with Pair of Fours
Seat 1: 52e2b8e9 folded before Flop (didn't bet)
Seat 2: Hero folded before Flop (didn't bet)



Poker Hand #ring_943478895: NLH No Limit ($2/$4) - 2025/06/18 23:00:39
Table 'MR NLH 2/4' 7-max Seat #3 is the button
Seat 3: 8613d84 ($781.66 in chips)
Seat 4: 75f82018 ($796 in chips)
Seat 6: efa1c0c0 ($1,488.71 in chips)
Seat 7: efd38eae ($281.23 in chips)
Seat 1: 52e2b8e9 ($832.18 in chips)
Seat 2: Hero ($619.68 in chips)
75f82018: posts small blind $2
efa1c0c0: posts big blind $4
*** HOLE CARDS ***
Dealt to 8613d84 
Dealt to 75f82018 
Dealt to efa1c0c0 
Dealt to efd38eae 
Dealt to 52e2b8e9 
Dealt to Hero [8s Td]
efd38eae: calls $4
52e2b8e9: calls $4
Hero: folds
8613d84: folds
75f82018: folds
efa1c0c0: raises $14 to $18
efd38eae: calls $14
52e2b8e9: calls $14
*** FLOP *** [3h 4h 9s]
efa1c0c0: checks
efd38eae: checks
52e2b8e9: bets $28
efa1c0c0: folds
efd38eae: folds
Uncalled bet ($28) returned to 52e2b8e9
*** SHOWDOWN ***
52e2b8e9 collected $56 from pot
*** SUMMARY ***
Total pot $56
Board [3h 4h 9s]
Seat 3: 8613d84 folded before Flop (didn't bet)
Seat 4: 75f82018(small blind) folded before Flop
Seat 6: efa1c0c0(big blind) folded on the Flop
Seat 7: efd38eae folded on the Flop
Seat 1: 52e2b8e9won ($56) with Nine-High
Seat 2: Hero folded before Flop (didn't bet)



Poker Hand #ring_943476559: NLH No Limit ($2/$4) - 2025/06/18 22:59:28
Table 'MR NLH 2/4' 7-max Seat #2 is the button
Seat 3: 8613d84 ($783.66 in chips)
Seat 4: 75f82018 ($800 in chips)
Seat 6: efa1c0c0 ($1,504.71 in chips)
Seat 7: efd38eae ($246.66 in chips)
Seat 1: 52e2b8e9 ($848.18 in chips)
Seat 2: Hero ($619.68 in chips)
8613d84: posts small blind $2
75f82018: posts big blind $4
*** HOLE CARDS ***
Dealt to 8613d84 
Dealt to 75f82018 
Dealt to efa1c0c0 
Dealt to efd38eae 
Dealt to 52e2b8e9 
Dealt to Hero [4c Th]
efa1c0c0: raises $12 to $16
efd38eae: calls $16
52e2b8e9: calls $16
Hero: folds
8613d84: folds
75f82018: folds
*** FLOP *** [6h Jh 3s]
efa1c0c0: checks
efd38eae: checks
52e2b8e9: checks
*** TURN *** [6h Jh 3s] [7c]
efa1c0c0: checks
efd38eae: bets $17.82
52e2b8e9: folds
efa1c0c0: folds
Uncalled bet ($17.82) returned to efd38eae
*** SHOWDOWN ***
efd38eae collected $54 from pot
*** SUMMARY ***
Total pot $54
Board [6h Jh 3s 7c]
Seat 3: 8613d84(small blind) folded before Flop
Seat 4: 75f82018(big blind) folded before Flop
Seat 6: efa1c0c0 folded on the Turn
Seat 7: efd38eaewon ($54) with Pair of Treys
Seat 1: 52e2b8e9 folded on the Turn
Seat 2: Hero folded before Flop (didn't bet)



Poker Hand #ring_943473577: NLH No Limit ($2/$4) - 2025/06/18 22:57:59
Table 'MR NLH 2/4' 7-max Seat #1 is the button
Seat 3: 8613d84 ($837.16 in chips)
Seat 4: 75f82018 ($800 in chips)
Seat 5: d1bc593b ($200 in chips)
Seat 6: efa1c0c0 ($1,504.71 in chips)
Seat 7: efd38eae ($246.66 in chips)
Seat 1: 52e2b8e9 ($614.17 in chips)
Seat 2: Hero ($621.68 in chips)
Hero: posts small blind $2
8613d84: posts big blind $4
d1bc593b: posts big blind $4
*** HOLE CARDS ***
Dealt to 8613d84 
Dealt to 75f82018 
Dealt to d1bc593b 
Dealt to efa1c0c0 
Dealt to efd38eae 
Dealt to 52e2b8e9 
Dealt to Hero [5s 9d]
75f82018: folds
d1bc593b: checks
efa1c0c0: folds
efd38eae: folds
52e2b8e9: raises $12 to $16
Hero: folds
8613d84: calls $12
d1bc593b: calls $12
*** FLOP *** [3h 2h Ad]
8613d84: checks
d1bc593b: checks
52e2b8e9: bets $37.5
8613d84: calls $37.5
d1bc593b: calls $37.5
*** TURN *** [3h 2h Ad] [7d]
8613d84: checks
d1bc593b: checks
52e2b8e9: bets $121.87
8613d84: folds
d1bc593b: calls $121.87
*** RIVER *** [3h 2h Ad 7d] [2c]
d1bc593b: checks
52e2b8e9: bets $134.05
d1bc593b: calls $24.63 and is all-in
Uncalled bet ($109.42) returned to 52e2b8e9
52e2b8e9: shows [9c Ah]
d1bc593b: shows [7h 5h]
*** SHOWDOWN ***
52e2b8e9 collected $455.5 from pot
*** SUMMARY ***
Total pot $455.5
Board [3h 2h Ad 7d 2c]
Seat 3: 8613d84(big blind) folded on the Turn
Seat 4: 75f82018 folded before Flop (didn't bet)
Seat 5: d1bc593b showed [7h 5h] and lost with Pair of Sevens and Pair of Twos
Seat 6: efa1c0c0 folded before Flop (didn't bet)
Seat 7: efd38eae folded before Flop (didn't bet)
Seat 1: 52e2b8e9 showed [9c Ah] and won ($455.5) with Pair of Aces and Pair of Twos
Seat 2: Hero(small blind) folded before Flop



Poker Hand #ring_943472206: NLH No Limit ($2/$4) - 2025/06/18 22:57:16
Table 'MR NLH 2/4' 7-max Seat #7 is the button
Seat 3: 8613d84 ($837.16 in chips)
Seat 4: 75f82018 ($800 in chips)
Seat 6: efa1c0c0 ($1,520.71 in chips)
Seat 7: efd38eae ($246.66 in chips)
Seat 1: 52e2b8e9 ($616.17 in chips)
Seat 2: Hero ($605.21 in chips)
52e2b8e9: posts small blind $2
Hero: posts big blind $4
*** HOLE CARDS ***
Dealt to 8613d84 
Dealt to 75f82018 
Dealt to efa1c0c0 
Dealt to efd38eae 
Dealt to 52e2b8e9 
Dealt to Hero [6c Ah]
8613d84: folds
75f82018: folds
efa1c0c0: raises $12 to $16
efd38eae: folds
52e2b8e9: folds
Hero: calls $12
*** FLOP *** [2d 8d 2c]
Hero: checks
efa1c0c0: checks
*** TURN *** [2d 8d 2c] [Kc]
Hero: checks
efa1c0c0: checks
*** RIVER *** [2d 8d 2c Kc] [3s]
Hero: checks
efa1c0c0: checks
Hero: shows [6c Ah]
efa1c0c0: shows [6h 7d]
*** SHOWDOWN ***
Hero collected $34 from pot
*** SUMMARY ***
Total pot $34
Board [2d 8d 2c Kc 3s]
Seat 3: 8613d84 folded before Flop (didn't bet)
Seat 4: 75f82018 folded before Flop (didn't bet)
Seat 6: efa1c0c0 showed [6h 7d] and lost with Pair of Twos
Seat 7: efd38eae folded before Flop (didn't bet)
Seat 1: 52e2b8e9(small blind) folded before Flop
Seat 2: Hero(big blind) showed [6c Ah] and won ($34) with Pair of Twos



Poker Hand #ring_943470300: NLH No Limit ($2/$4) - 2025/06/18 22:56:18
Table 'MR NLH 2/4' 7-max Seat #6 is the button
Seat 3: 8613d84 ($891.16 in chips)
Seat 4: 75f82018 ($107.25 in chips)
Seat 6: efa1c0c0 ($1,415.27 in chips)
Seat 7: efd38eae ($248.66 in chips)
Seat 1: 52e2b8e9 ($620.17 in chips)
Seat 2: Hero ($659.21 in chips)
efd38eae: posts small blind $2
52e2b8e9: posts big blind $4
*** HOLE CARDS ***
Dealt to 8613d84 
Dealt to 75f82018 
Dealt to efa1c0c0 
Dealt to efd38eae 
Dealt to 52e2b8e9 
Dealt to Hero [8d 8h]
Hero: raises $8 to $12
8613d84: calls $12
75f82018: folds
efa1c0c0: raises $42 to $54
efd38eae: folds
52e2b8e9: folds
Hero: calls $42
8613d84: calls $42
*** FLOP *** [Kd 2c 9d]
Hero: checks
8613d84: checks
efa1c0c0: bets $84
Hero: folds
8613d84: folds
Uncalled bet ($84) returned to efa1c0c0
*** SHOWDOWN ***
efa1c0c0 collected $168 from pot
*** SUMMARY ***
Total pot $168
Board [Kd 2c 9d]
Seat 3: 8613d84 folded on the Flop
Seat 4: 75f82018 folded before Flop (didn't bet)
Seat 6: efa1c0c0won ($168) with Pair of Kings
Seat 7: efd38eae(small blind) folded before Flop
Seat 1: 52e2b8e9(big blind) folded before Flop
Seat 2: Hero folded on the Flop



Poker Hand #ring_943467406: NLH No Limit ($2/$4) - 2025/06/18 22:54:48
Table 'MR NLH 2/4' 7-max Seat #4 is the button
Seat 3: 8613d84 ($931.16 in chips)
Seat 4: 75f82018 ($824.75 in chips)
Seat 6: efa1c0c0 ($717.5 in chips)
Seat 7: efd38eae ($252.66 in chips)
Seat 1: 52e2b8e9 ($624.17 in chips)
Seat 2: Hero ($659.21 in chips)
efa1c0c0: posts small blind $2
efd38eae: posts big blind $4
*** HOLE CARDS ***
Dealt to 8613d84 
Dealt to 75f82018 
Dealt to efa1c0c0 
Dealt to efd38eae 
Dealt to 52e2b8e9 
Dealt to Hero [Kh 4c]
52e2b8e9: calls $4
Hero: folds
8613d84: raises $8 to $12
75f82018: raises $28 to $40
efa1c0c0: calls $38
efd38eae: folds
52e2b8e9: folds
8613d84: calls $28
*** FLOP *** [Tc 7d 8c]
efa1c0c0: bets $64
8613d84: folds
75f82018: calls $64
*** TURN *** [Tc 7d 8c] [Ks]
efa1c0c0: bets $128
75f82018: calls $128
*** RIVER *** [Tc 7d 8c Ks] [8h]
efa1c0c0: bets $485.5 and is all-in
75f82018: calls $485.5
75f82018: shows [Ad Ah]
efa1c0c0: shows [Td 8d]
*** SHOWDOWN ***
efa1c0c0 collected $1,483 from pot
*** SUMMARY ***
Total pot $1,483
Board [Tc 7d 8c Ks 8h]
Seat 3: 8613d84 folded on the Flop
Seat 4: 75f82018 showed [Ad Ah] and lost with Pair of Aces and Pair of Eights
Seat 6: efa1c0c0(small blind) showed [Td 8d] and won ($1,483) with Eights Full over Tens
Seat 7: efd38eae(big blind) folded before Flop
Seat 1: 52e2b8e9 folded before Flop
Seat 2: Hero folded before Flop (didn't bet)



Poker Hand #ring_943465696: NLH No Limit ($2/$4) - 2025/06/18 22:53:56
Table 'MR NLH 2/4' 7-max Seat #3 is the button
Seat 3: 8613d84 ($931.16 in chips)
Seat 4: 75f82018 ($826.75 in chips)
Seat 6: efa1c0c0 ($739.5 in chips)
Seat 7: efd38eae ($274.66 in chips)
Seat 1: 52e2b8e9 ($628.17 in chips)
Seat 2: Hero ($609.21 in chips)
75f82018: posts small blind $2
efa1c0c0: posts big blind $4
*** HOLE CARDS ***
Dealt to 8613d84 
Dealt to 75f82018 
Dealt to efa1c0c0 
Dealt to efd38eae 
Dealt to 52e2b8e9 
Dealt to Hero [As Kd]
efd38eae: calls $4
52e2b8e9: calls $4
Hero: calls $4
8613d84: folds
75f82018: folds
efa1c0c0: raises $18 to $22
efd38eae: calls $18
52e2b8e9: folds
Hero: raises $118 to $140
efa1c0c0: folds
efd38eae: folds
Uncalled bet ($118) returned to Hero
*** SHOWDOWN ***
Hero collected $72 from pot
*** SUMMARY ***
Total pot $72
Seat 3: 8613d84 folded before Flop (didn't bet)
Seat 4: 75f82018(small blind) folded before Flop
Seat 6: efa1c0c0(big blind) folded before Flop
Seat 7: efd38eae folded before Flop
Seat 1: 52e2b8e9 folded before Flop
Seat 2: Herowon ($72)



Poker Hand #ring_943464292: NLH No Limit ($2/$4) - 2025/06/18 22:53:13
Table 'MR NLH 2/4' 7-max Seat #2 is the button
Seat 3: 8613d84 ($933.16 in chips)
Seat 4: 75f82018 ($830.75 in chips)
Seat 6: efa1c0c0 ($739.5 in chips)
Seat 7: efd38eae ($249 in chips)
Seat 1: 52e2b8e9 ($628.17 in chips)
Seat 2: Hero ($609.21 in chips)
Seat 5: 97eb6c6e ($800 in chips)
8613d84: posts small blind $2
75f82018: posts big blind $4
*** HOLE CARDS ***
Dealt to 8613d84 
Dealt to 75f82018 
Dealt to efa1c0c0 
Dealt to efd38eae 
Dealt to 52e2b8e9 
Dealt to Hero [4s 9c]
Dealt to 97eb6c6e 
97eb6c6e: raises $6 to $10
efa1c0c0: folds
efd38eae: raises $13 to $23
52e2b8e9: folds
Hero: folds
8613d84: folds
75f82018: folds
97eb6c6e: calls $13
*** FLOP *** [Js 5d 7d]
97eb6c6e: checks
efd38eae: bets $52
97eb6c6e: folds
Uncalled bet ($52) returned to efd38eae
*** SHOWDOWN ***
efd38eae collected $52 from pot
*** SUMMARY ***
Total pot $52
Board [Js 5d 7d]
Seat 3: 8613d84(small blind) folded before Flop
Seat 4: 75f82018(big blind) folded before Flop
Seat 6: efa1c0c0 folded before Flop (didn't bet)
Seat 7: efd38eaewon ($52) with Pair of Queens
Seat 1: 52e2b8e9 folded before Flop (didn't bet)
Seat 2: Hero folded before Flop (didn't bet)
Seat 5: 97eb6c6e folded on the Flop



Poker Hand #ring_943462622: NLH No Limit ($2/$4) - 2025/06/18 22:52:24
Table 'MR NLH 2/4' 7-max Seat #1 is the button
Seat 3: 8613d84 ($937.16 in chips)
Seat 4: 75f82018 ($830.75 in chips)
Seat 6: efa1c0c0 ($784 in chips)
Seat 7: efd38eae ($249 in chips)
Seat 1: 52e2b8e9 ($582.94 in chips)
Seat 2: Hero ($611.21 in chips)
Seat 5: 97eb6c6e ($800 in chips)
Hero: posts small blind $2
8613d84: posts big blind $4
*** HOLE CARDS ***
Dealt to 8613d84 
Dealt to 75f82018 
Dealt to efa1c0c0 
Dealt to efd38eae 
Dealt to 52e2b8e9 
Dealt to Hero [9d 8c]
Dealt to 97eb6c6e 
75f82018: folds
97eb6c6e: folds
efa1c0c0: raises $12 to $16
efd38eae: folds
52e2b8e9: calls $16
Hero: folds
8613d84: folds
*** FLOP *** [6d 7c Tc]
efa1c0c0: checks
52e2b8e9: checks
*** TURN *** [6d 7c Tc] [7d]
efa1c0c0: checks
52e2b8e9: bets $28.5
efa1c0c0: calls $28.5
*** RIVER *** [6d 7c Tc 7d] [Ah]
efa1c0c0: checks
52e2b8e9: bets $71.24
efa1c0c0: folds
Uncalled bet ($71.24) returned to 52e2b8e9
*** SHOWDOWN ***
52e2b8e9 collected $95 from pot
*** SUMMARY ***
Total pot $95
Board [6d 7c Tc 7d Ah]
Seat 3: 8613d84(big blind) folded before Flop
Seat 4: 75f82018 folded before Flop (didn't bet)
Seat 6: efa1c0c0 folded on the River
Seat 7: efd38eae folded before Flop (didn't bet)
Seat 1: 52e2b8e9won ($95) with Pair of Sevens
Seat 2: Hero(small blind) folded before Flop
Seat 5: 97eb6c6e folded before Flop (didn't bet)



Poker Hand #ring_943461292: NLH No Limit ($2/$4) - 2025/06/18 22:51:45
Table 'MR NLH 2/4' 7-max Seat #7 is the button
Seat 3: 8613d84 ($937.16 in chips)
Seat 4: 75f82018 ($800 in chips)
Seat 6: efa1c0c0 ($800 in chips)
Seat 7: efd38eae ($249 in chips)
Seat 1: 52e2b8e9 ($584.94 in chips)
Seat 2: Hero ($627.21 in chips)
Seat 5: 97eb6c6e ($800 in chips)
52e2b8e9: posts small blind $2
Hero: posts big blind $4
efa1c0c0: posts big blind $4
*** HOLE CARDS ***
Dealt to 8613d84 
Dealt to 75f82018 
Dealt to efa1c0c0 
Dealt to efd38eae 
Dealt to 52e2b8e9 
Dealt to Hero [Qs 3s]
Dealt to 97eb6c6e 
8613d84: folds
75f82018: raises $12 to $16
97eb6c6e: folds
efa1c0c0: calls $12
efd38eae: folds
52e2b8e9: folds
Hero: calls $12
*** FLOP *** [9d 2s 4h]
Hero: checks
75f82018: bets $37.5
efa1c0c0: folds
Hero: folds
Uncalled bet ($37.5) returned to 75f82018
*** SHOWDOWN ***
75f82018 collected $50 from pot
*** SUMMARY ***
Total pot $50
Board [9d 2s 4h]
Seat 3: 8613d84 folded before Flop (didn't bet)
Seat 4: 75f82018won ($50) with Ace-High
Seat 6: efa1c0c0 folded on the Flop
Seat 7: efd38eae folded before Flop (didn't bet)
Seat 1: 52e2b8e9(small blind) folded before Flop
Seat 2: Hero(big blind) folded on the Flop
Seat 5: 97eb6c6e folded before Flop (didn't bet)



Poker Hand #ring_943457079: NLH No Limit ($2/$4) - 2025/06/18 22:49:38
Table 'MR NLH 2/4' 7-max Seat #5 is the button
Seat 3: 8613d84 ($937.16 in chips)
Seat 4: 75f82018 ($592.11 in chips)
Seat 7: efd38eae ($261 in chips)
Seat 1: 52e2b8e9 ($596.94 in chips)
Seat 2: Hero ($464.61 in chips)
Seat 5: 97eb6c6e ($798 in chips)
efd38eae: posts small blind $2
52e2b8e9: posts big blind $4
*** HOLE CARDS ***
Dealt to 8613d84 
Dealt to 75f82018 
Dealt to efd38eae 
Dealt to 52e2b8e9 
Dealt to Hero [Qd 9d]
Dealt to 97eb6c6e 
Hero: raises $8 to $12
8613d84: folds
75f82018: calls $12
97eb6c6e: calls $12
efd38eae: calls $10
52e2b8e9: calls $8
*** FLOP *** [2h Qc Tc]
efd38eae: checks
52e2b8e9: checks
Hero: bets $30
75f82018: calls $30
97eb6c6e: folds
efd38eae: folds
52e2b8e9: folds
*** TURN *** [2h Qc Tc] [8d]
Hero: checks
75f82018: bets $100
Hero: calls $100
*** RIVER *** [2h Qc Tc 8d] [2s]
Hero: checks
75f82018: checks
Hero: shows [Qd 9d]
75f82018: shows [Jc 7c]
*** SHOWDOWN ***
Hero collected $320 from pot
*** SUMMARY ***
Total pot $320
Board [2h Qc Tc 8d 2s]
Seat 3: 8613d84 folded before Flop (didn't bet)
Seat 4: 75f82018 showed [Jc 7c] and lost with Pair of Twos
Seat 7: efd38eae(small blind) folded on the Flop
Seat 1: 52e2b8e9(big blind) folded on the Flop
Seat 2: Hero showed [Qd 9d] and won ($320) with Pair of Queens and Pair of Twos
Seat 5: 97eb6c6e folded on the Flop



Poker Hand #ring_943455667: NLH No Limit ($2/$4) - 2025/06/18 22:48:56
Table 'MR NLH 2/4' 7-max Seat #4 is the button
Seat 3: 8613d84 ($937.16 in chips)
Seat 4: 75f82018 ($592.11 in chips)
Seat 7: efd38eae ($265 in chips)
Seat 1: 52e2b8e9 ($600.94 in chips)
Seat 2: Hero ($455.24 in chips)
Seat 5: 97eb6c6e ($800 in chips)
97eb6c6e: posts small blind $2
efd38eae: posts big blind $4
*** HOLE CARDS ***
Dealt to 8613d84 
Dealt to 75f82018 
Dealt to efd38eae 
Dealt to 52e2b8e9 
Dealt to Hero [8c Kc]
Dealt to 97eb6c6e 
52e2b8e9: calls $4
Hero: calls $4
8613d84: folds
75f82018: folds
97eb6c6e: folds
efd38eae: checks
*** FLOP *** [Ad 9c 3c]
efd38eae: checks
52e2b8e9: checks
Hero: bets $11.2
efd38eae: folds
52e2b8e9: folds
Uncalled bet ($11.2) returned to Hero
*** SHOWDOWN ***
Hero collected $14 from pot
*** SUMMARY ***
Total pot $14
Board [Ad 9c 3c]
Seat 3: 8613d84 folded before Flop (didn't bet)
Seat 4: 75f82018 folded before Flop (didn't bet)
Seat 7: efd38eae(big blind) folded on the Flop
Seat 1: 52e2b8e9 folded on the Flop
Seat 2: Herowon ($14) with Ace-High
Seat 5: 97eb6c6e(small blind) folded before Flop



Poker Hand #ring_943453548: NLH No Limit ($2/$4) - 2025/06/18 22:47:50
Table 'MR NLH 2/4' 7-max Seat #3 is the button
Seat 3: 8613d84 ($879.38 in chips)
Seat 4: 75f82018 ($644.11 in chips)
Seat 7: efd38eae ($265 in chips)
Seat 1: 52e2b8e9 ($600.94 in chips)
Seat 2: Hero ($455.24 in chips)
Seat 5: 97eb6c6e ($798 in chips)
75f82018: posts small blind $2
97eb6c6e: posts big blind $4
*** HOLE CARDS ***
Dealt to 8613d84 
Dealt to 75f82018 
Dealt to efd38eae 
Dealt to 52e2b8e9 
Dealt to Hero [4h Ad]
Dealt to 97eb6c6e 
efd38eae: folds
52e2b8e9: folds
Hero: folds
8613d84: raises $8 to $12
75f82018: calls $10
97eb6c6e: calls $8
*** FLOP *** [5h Th 9h]
75f82018: checks
97eb6c6e: checks
8613d84: bets $11.88
75f82018: raises $28.12 to $40
97eb6c6e: folds
8613d84: raises $87 to $127
75f82018: folds
Uncalled bet ($87) returned to 8613d84
8613d84: shows [Kd]
*** SHOWDOWN ***
8613d84 collected $116 from pot
*** SUMMARY ***
Total pot $116
Board [5h Th 9h]
Seat 3: 8613d84 showed [Kd] and won ($116) with Ace-High
Seat 4: 75f82018(small blind) folded on the Flop
Seat 7: efd38eae folded before Flop (didn't bet)
Seat 1: 52e2b8e9 folded before Flop (didn't bet)
Seat 2: Hero folded before Flop (didn't bet)
Seat 5: 97eb6c6e(big blind) folded on the Flop



Poker Hand #ring_943452623: NLH No Limit ($2/$4) - 2025/06/18 22:47:22
Table 'MR NLH 2/4' 7-max Seat #2 is the button
Seat 3: 8613d84 ($881.38 in chips)
Seat 4: 75f82018 ($638.11 in chips)
Seat 7: efd38eae ($265 in chips)
Seat 1: 52e2b8e9 ($604.94 in chips)
Seat 2: Hero ($455.24 in chips)
Seat 5: 97eb6c6e ($798 in chips)
8613d84: posts small blind $2
75f82018: posts big blind $4
*** HOLE CARDS ***
Dealt to 8613d84 
Dealt to 75f82018 
Dealt to efd38eae 
Dealt to 52e2b8e9 
Dealt to Hero [4h 9s]
Dealt to 97eb6c6e 
97eb6c6e: folds
efd38eae: folds
52e2b8e9: calls $4
Hero: folds
8613d84: folds
75f82018: raises $12 to $16
52e2b8e9: folds
Uncalled bet ($12) returned to 75f82018
*** SHOWDOWN ***
75f82018 collected $10 from pot
*** SUMMARY ***
Total pot $10
Seat 3: 8613d84(small blind) folded before Flop
Seat 4: 75f82018(big blind)won ($10)
Seat 7: efd38eae folded before Flop (didn't bet)
Seat 1: 52e2b8e9 folded before Flop
Seat 2: Hero folded before Flop (didn't bet)
Seat 5: 97eb6c6e folded before Flop (didn't bet)



Poker Hand #ring_943451829: NLH No Limit ($2/$4) - 2025/06/18 22:46:58
Table 'MR NLH 2/4' 7-max Seat #1 is the button
Seat 3: 8613d84 ($885.38 in chips)
Seat 4: 75f82018 ($650.11 in chips)
Seat 7: efd38eae ($265 in chips)
Seat 1: 52e2b8e9 ($604.94 in chips)
Seat 2: Hero ($439.24 in chips)
Seat 5: 97eb6c6e ($798 in chips)
Hero: posts small blind $2
8613d84: posts big blind $4
*** HOLE CARDS ***
Dealt to 8613d84 
Dealt to 75f82018 
Dealt to efd38eae 
Dealt to 52e2b8e9 
Dealt to Hero [Ac Ah]
Dealt to 97eb6c6e 
75f82018: raises $8 to $12
97eb6c6e: folds
efd38eae: folds
52e2b8e9: folds
Hero: raises $32.2 to $44.2
8613d84: folds
75f82018: folds
Uncalled bet ($32.2) returned to Hero
*** SHOWDOWN ***
Hero collected $28 from pot
*** SUMMARY ***
Total pot $28
Seat 3: 8613d84(big blind) folded before Flop
Seat 4: 75f82018 folded before Flop
Seat 7: efd38eae folded before Flop (didn't bet)
Seat 1: 52e2b8e9 folded before Flop (didn't bet)
Seat 2: Hero(small blind)won ($28)
Seat 5: 97eb6c6e folded before Flop (didn't bet)



Poker Hand #ring_943450725: NLH No Limit ($2/$4) - 2025/06/18 22:46:24
Table 'MR NLH 2/4' 7-max Seat #7 is the button
Seat 3: 8613d84 ($872.55 in chips)
Seat 4: 75f82018 ($650.11 in chips)
Seat 7: efd38eae ($265 in chips)
Seat 1: 52e2b8e9 ($606.94 in chips)
Seat 2: Hero ($451.24 in chips)
Seat 5: 97eb6c6e ($798 in chips)
52e2b8e9: posts small blind $2
Hero: posts big blind $4
*** HOLE CARDS ***
Dealt to 8613d84 
Dealt to 75f82018 
Dealt to efd38eae 
Dealt to 52e2b8e9 
Dealt to Hero [Jh 9s]
Dealt to 97eb6c6e 
8613d84: raises $8 to $12
75f82018: folds
97eb6c6e: folds
efd38eae: folds
52e2b8e9: folds
Hero: calls $8
*** FLOP *** [Ks Kd 2c]
Hero: checks
8613d84: checks
*** TURN *** [Ks Kd 2c] [6d]
Hero: checks
8613d84: bets $8.58
Hero: folds
Uncalled bet ($8.58) returned to 8613d84
*** SHOWDOWN ***
8613d84 collected $26 from pot
*** SUMMARY ***
Total pot $26
Board [Ks Kd 2c 6d]
Seat 3: 8613d84won ($26) with Pair of Kings and Pair of Sixes
Seat 4: 75f82018 folded before Flop (didn't bet)
Seat 7: efd38eae folded before Flop (didn't bet)
Seat 1: 52e2b8e9(small blind) folded before Flop
Seat 2: Hero(big blind) folded on the Turn
Seat 5: 97eb6c6e folded before Flop (didn't bet)



Poker Hand #ring_943450235: NLH No Limit ($2/$4) - 2025/06/18 22:46:09
Table 'MR NLH 2/4' 7-max Seat #5 is the button
Seat 3: 8613d84 ($872.55 in chips)
Seat 4: 75f82018 ($650.11 in chips)
Seat 7: efd38eae ($267 in chips)
Seat 1: 52e2b8e9 ($604.94 in chips)
Seat 2: Hero ($451.24 in chips)
Seat 5: 97eb6c6e ($798 in chips)
efd38eae: posts small blind $2
52e2b8e9: posts big blind $4
*** HOLE CARDS ***
Dealt to 8613d84 
Dealt to 75f82018 
Dealt to efd38eae 
Dealt to 52e2b8e9 
Dealt to Hero [5s 7d]
Dealt to 97eb6c6e 
Hero: folds
8613d84: folds
75f82018: folds
97eb6c6e: folds
efd38eae: folds
*** SHOWDOWN ***
52e2b8e9 collected $6 from pot
*** SUMMARY ***
Total pot $6
Seat 3: 8613d84 folded before Flop (didn't bet)
Seat 4: 75f82018 folded before Flop (didn't bet)
Seat 7: efd38eae(small blind) folded before Flop
Seat 1: 52e2b8e9(big blind)won ($6)
Seat 2: Hero folded before Flop (didn't bet)
Seat 5: 97eb6c6e folded before Flop (didn't bet)



Poker Hand #ring_943448601: NLH No Limit ($2/$4) - 2025/06/18 22:45:19
Table 'MR NLH 2/4' 7-max Seat #4 is the button
Seat 3: 8613d84 ($872.55 in chips)
Seat 4: 75f82018 ($650.11 in chips)
Seat 7: efd38eae ($271 in chips)
Seat 1: 52e2b8e9 ($586.01 in chips)
Seat 2: Hero ($465.74 in chips)
Seat 5: 97eb6c6e ($800 in chips)
97eb6c6e: posts small blind $2
efd38eae: posts big blind $4
*** HOLE CARDS ***
Dealt to 8613d84 
Dealt to 75f82018 
Dealt to efd38eae 
Dealt to 52e2b8e9 
Dealt to Hero [6d 7d]
Dealt to 97eb6c6e 
52e2b8e9: calls $4
Hero: calls $4
8613d84: folds
75f82018: folds
97eb6c6e: folds
efd38eae: checks
*** FLOP *** [As 6c 5d]
efd38eae: checks
52e2b8e9: checks
Hero: checks
*** TURN *** [As 6c 5d] [Qh]
efd38eae: checks
52e2b8e9: bets $10.5
Hero: calls $10.5
efd38eae: folds
*** RIVER *** [As 6c 5d Qh] [8d]
52e2b8e9: bets $26.25
Hero: folds
Uncalled bet ($26.25) returned to 52e2b8e9
*** SHOWDOWN ***
52e2b8e9 collected $35 from pot
*** SUMMARY ***
Total pot $35
Board [As 6c 5d Qh 8d]
Seat 3: 8613d84 folded before Flop (didn't bet)
Seat 4: 75f82018 folded before Flop (didn't bet)
Seat 7: efd38eae(big blind) folded on the Turn
Seat 1: 52e2b8e9won ($35) with Pair of Aces
Seat 2: Hero folded on the River
Seat 5: 97eb6c6e(small blind) folded before Flop



Poker Hand #ring_943446733: NLH No Limit ($2/$4) - 2025/06/18 22:44:21
Table 'MR NLH 2/4' 7-max Seat #3 is the button
Seat 3: 8613d84 ($872.55 in chips)
Seat 4: 75f82018 ($662.11 in chips)
Seat 7: efd38eae ($271 in chips)
Seat 1: 52e2b8e9 ($558.9 in chips)
Seat 2: Hero ($471.74 in chips)
Seat 5: 97eb6c6e ($798 in chips)
75f82018: posts small blind $2
97eb6c6e: posts big blind $4
Hero: posts big blind $4
Hero: posts small blind $2
*** HOLE CARDS ***
Dealt to 8613d84 
Dealt to 75f82018 
Dealt to efd38eae 
Dealt to 52e2b8e9 
Dealt to Hero [5d Ks]
Dealt to 97eb6c6e 
efd38eae: folds
52e2b8e9: raises $8 to $12
Hero: folds
8613d84: folds
75f82018: calls $10
97eb6c6e: calls $8
*** FLOP *** [Kc 8d 4s]
75f82018: checks
97eb6c6e: checks
52e2b8e9: bets $31.5
75f82018: folds
97eb6c6e: folds
Uncalled bet ($31.5) returned to 52e2b8e9
*** SHOWDOWN ***
52e2b8e9 collected $42 from pot
*** SUMMARY ***
Total pot $40
Board [Kc 8d 4s]
Seat 3: 8613d84 folded before Flop (didn't bet)
Seat 4: 75f82018(small blind) folded on the Flop
Seat 7: efd38eae folded before Flop (didn't bet)
Seat 1: 52e2b8e9won ($42) with Pair of Kings
Seat 2: Hero folded before Flop
Seat 5: 97eb6c6e(big blind) folded on the Flop



Poker Hand #ring_943442879: NLH No Limit ($2/$4) - 2025/06/18 22:42:21
Table 'MR NLH 2/4' 7-max Seat #5 is the button
Seat 3: 8613d84 ($841.29 in chips)
Seat 4: 75f82018 ($695.95 in chips)
Seat 7: efd38eae ($296 in chips)
Seat 1: 52e2b8e9 ($539.15 in chips)
Seat 2: Hero ($471.74 in chips)
Seat 5: 97eb6c6e ($798 in chips)
efd38eae: posts small blind $2
52e2b8e9: posts big blind $4
*** HOLE CARDS ***
Dealt to 8613d84 
Dealt to 75f82018 
Dealt to efd38eae 
Dealt to 52e2b8e9 
Dealt to Hero [Ts 3d]
Dealt to 97eb6c6e 
Hero: folds
8613d84: folds
75f82018: raises $8 to $12
97eb6c6e: folds
efd38eae: folds
52e2b8e9: folds
Uncalled bet ($8) returned to 75f82018
*** SHOWDOWN ***
75f82018 collected $10 from pot
*** SUMMARY ***
Total pot $10
Seat 3: 8613d84 folded before Flop (didn't bet)
Seat 4: 75f82018won ($10)
Seat 7: efd38eae(small blind) folded before Flop
Seat 1: 52e2b8e9(big blind) folded before Flop
Seat 2: Hero folded before Flop (didn't bet)
Seat 5: 97eb6c6e folded before Flop (didn't bet)



Poker Hand #ring_943442048: NLH No Limit ($2/$4) - 2025/06/18 22:41:55
Table 'MR NLH 2/4' 7-max Seat #4 is the button
Seat 3: 8613d84 ($841.29 in chips)
Seat 4: 75f82018 ($695.95 in chips)
Seat 7: efd38eae ($300 in chips)
Seat 1: 52e2b8e9 ($533.6 in chips)
Seat 2: Hero ($471.74 in chips)
Seat 5: 97eb6c6e ($800 in chips)
97eb6c6e: posts small blind $2
efd38eae: posts big blind $4
*** HOLE CARDS ***
Dealt to 8613d84 
Dealt to 75f82018 
Dealt to efd38eae 
Dealt to 52e2b8e9 
Dealt to Hero [2s 9d]
Dealt to 97eb6c6e 
52e2b8e9: calls $4
Hero: folds
8613d84: folds
75f82018: folds
97eb6c6e: folds
efd38eae: checks
*** FLOP *** [Js 2d 3d]
efd38eae: checks
52e2b8e9: checks
*** TURN *** [Js 2d 3d] [8d]
efd38eae: checks
52e2b8e9: bets $7.5
efd38eae: folds
Uncalled bet ($7.5) returned to 52e2b8e9
*** SHOWDOWN ***
52e2b8e9 collected $10 from pot
*** SUMMARY ***
Total pot $10
Board [Js 2d 3d 8d]
Seat 3: 8613d84 folded before Flop (didn't bet)
Seat 4: 75f82018 folded before Flop (didn't bet)
Seat 7: efd38eae(big blind) folded on the Turn
Seat 1: 52e2b8e9won ($10) with Pair of Eights
Seat 2: Hero folded before Flop (didn't bet)
Seat 5: 97eb6c6e(small blind) folded before Flop



Poker Hand #ring_943440760: NLH No Limit ($2/$4) - 2025/06/18 22:41:14
Table 'MR NLH 2/4' 7-max Seat #3 is the button
Seat 3: 8613d84 ($841.29 in chips)
Seat 4: 75f82018 ($697.95 in chips)
Seat 1: 52e2b8e9 ($528.05 in chips)
Seat 2: Hero ($471.74 in chips)
Seat 5: 97eb6c6e ($800 in chips)
75f82018: posts small blind $2
97eb6c6e: posts big blind $4
*** HOLE CARDS ***
Dealt to 8613d84 
Dealt to 75f82018 
Dealt to 52e2b8e9 
Dealt to Hero [Th 7d]
Dealt to 97eb6c6e 
52e2b8e9: calls $4
Hero: folds
8613d84: folds
75f82018: folds
97eb6c6e: checks
*** FLOP *** [9h Ad 6s]
97eb6c6e: checks
52e2b8e9: checks
*** TURN *** [9h Ad 6s] [Jh]
97eb6c6e: checks
52e2b8e9: checks
*** RIVER *** [9h Ad 6s Jh] [Ah]
97eb6c6e: checks
52e2b8e9: bets $10
97eb6c6e: folds
Uncalled bet ($10) returned to 52e2b8e9
*** SHOWDOWN ***
52e2b8e9 collected $10 from pot
*** SUMMARY ***
Total pot $10
Board [9h Ad 6s Jh Ah]
Seat 3: 8613d84 folded before Flop (didn't bet)
Seat 4: 75f82018(small blind) folded before Flop
Seat 1: 52e2b8e9won ($10) with Ace High Flush
Seat 2: Hero folded before Flop (didn't bet)
Seat 5: 97eb6c6e(big blind) folded on the River



Poker Hand #ring_943439575: NLH No Limit ($2/$4) - 2025/06/18 22:40:36
Table 'MR NLH 2/4' 7-max Seat #2 is the button
Seat 3: 8613d84 ($853.29 in chips)
Seat 4: 75f82018 ($709.95 in chips)
Seat 1: 52e2b8e9 ($528.05 in chips)
Seat 2: Hero ($449.36 in chips)
Seat 5: 97eb6c6e ($800 in chips)
8613d84: posts small blind $2
75f82018: posts big blind $4
*** HOLE CARDS ***
Dealt to 8613d84 
Dealt to 75f82018 
Dealt to 52e2b8e9 
Dealt to Hero [Qs Ah]
Dealt to 97eb6c6e 
97eb6c6e: folds
52e2b8e9: folds
Hero: raises $8 to $12
8613d84: calls $10
75f82018: calls $8
*** FLOP *** [Ac Qc 5d]
8613d84: checks
75f82018: checks
Hero: bets $16.96
8613d84: folds
75f82018: folds
Uncalled bet ($16.96) returned to Hero
*** SHOWDOWN ***
Hero collected $36 from pot
*** SUMMARY ***
Total pot $36
Board [Ac Qc 5d]
Seat 3: 8613d84(small blind) folded on the Flop
Seat 4: 75f82018(big blind) folded on the Flop
Seat 1: 52e2b8e9 folded before Flop (didn't bet)
Seat 2: Herowon ($36) with Pair of Aces and Pair of Queens
Seat 5: 97eb6c6e folded before Flop (didn't bet)



Poker Hand #ring_943437914: NLH No Limit ($2/$4) - 2025/06/18 22:39:44
Table 'MR NLH 2/4' 7-max Seat #1 is the button
Seat 3: 8613d84 ($834.64 in chips)
Seat 4: 75f82018 ($709.95 in chips)
Seat 1: 52e2b8e9 ($538.05 in chips)
Seat 2: Hero ($459.36 in chips)
Seat 5: 97eb6c6e ($800 in chips)
Hero: posts small blind $2
8613d84: posts big blind $4
*** HOLE CARDS ***
Dealt to 8613d84 
Dealt to 75f82018 
Dealt to 52e2b8e9 
Dealt to Hero [4s Kh]
Dealt to 97eb6c6e 
75f82018: folds
97eb6c6e: folds
52e2b8e9: calls $4
Hero: calls $2
8613d84: checks
*** FLOP *** [5h 2d Ac]
Hero: checks
8613d84: bets $6
52e2b8e9: calls $6
Hero: calls $6
*** TURN *** [5h 2d Ac] [6d]
Hero: checks
8613d84: bets $15
52e2b8e9: folds
Hero: folds
Uncalled bet ($15) returned to 8613d84
*** SHOWDOWN ***
8613d84 collected $30 from pot
*** SUMMARY ***
Total pot $30
Board [5h 2d Ac 6d]
Seat 3: 8613d84(big blind)won ($30) with Pair of Fives and Pair of Twos
Seat 4: 75f82018 folded before Flop (didn't bet)
Seat 1: 52e2b8e9 folded on the Turn
Seat 2: Hero(small blind) folded on the Turn
Seat 5: 97eb6c6e folded before Flop (didn't bet)



Poker Hand #ring_943436657: NLH No Limit ($2/$4) - 2025/06/18 22:39:06
Table 'MR NLH 2/4' 7-max Seat #5 is the button
Seat 3: 8613d84 ($834.64 in chips)
Seat 4: 75f82018 ($709.95 in chips)
Seat 1: 52e2b8e9 ($515.21 in chips)
Seat 2: Hero ($463.36 in chips)
Seat 5: 97eb6c6e ($798 in chips)
52e2b8e9: posts small blind $2
Hero: posts big blind $4
*** HOLE CARDS ***
Dealt to 8613d84 
Dealt to 75f82018 
Dealt to 52e2b8e9 
Dealt to Hero [6s 2s]
Dealt to 97eb6c6e 
8613d84: folds
75f82018: folds
97eb6c6e: raises $6 to $10
52e2b8e9: raises $12 to $22
Hero: folds
97eb6c6e: calls $12
*** FLOP *** [Th 3d 6c]
52e2b8e9: bets $24
97eb6c6e: folds
Uncalled bet ($24) returned to 52e2b8e9
*** SHOWDOWN ***
52e2b8e9 collected $48 from pot
*** SUMMARY ***
Total pot $48
Board [Th 3d 6c]
Seat 3: 8613d84 folded before Flop (didn't bet)
Seat 4: 75f82018 folded before Flop (didn't bet)
Seat 1: 52e2b8e9(small blind)won ($48) with Ace-High
Seat 2: Hero(big blind) folded before Flop
Seat 5: 97eb6c6e folded on the Flop



Poker Hand #ring_943435765: NLH No Limit ($2/$4) - 2025/06/18 22:38:38
Table 'MR NLH 2/4' 7-max Seat #4 is the button
Seat 3: 8613d84 ($859.64 in chips)
Seat 4: 75f82018 ($709.95 in chips)
Seat 1: 52e2b8e9 ($491.55 in chips)
Seat 2: Hero ($463.36 in chips)
Seat 5: 97eb6c6e ($800 in chips)
97eb6c6e: posts small blind $2
52e2b8e9: posts big blind $4
*** HOLE CARDS ***
Dealt to 8613d84 
Dealt to 75f82018 
Dealt to 52e2b8e9 
Dealt to Hero [2s 4h]
Dealt to 97eb6c6e 
Hero: folds
8613d84: raises $8 to $12
75f82018: folds
97eb6c6e: folds
52e2b8e9: raises $13 to $25
8613d84: calls $13
*** FLOP *** [7d 8c 6s]
52e2b8e9: bets $26
8613d84: folds
Uncalled bet ($26) returned to 52e2b8e9
*** SHOWDOWN ***
52e2b8e9 collected $52 from pot
*** SUMMARY ***
Total pot $52
Board [7d 8c 6s]
Seat 3: 8613d84 folded on the Flop
Seat 4: 75f82018 folded before Flop (didn't bet)
Seat 1: 52e2b8e9(big blind)won ($52) with Ace-High
Seat 2: Hero folded before Flop (didn't bet)
Seat 5: 97eb6c6e(small blind) folded before Flop



Poker Hand #ring_943434551: NLH No Limit ($2/$4) - 2025/06/18 22:38:00
Table 'MR NLH 2/4' 7-max Seat #3 is the button
Seat 3: 8613d84 ($840 in chips)
Seat 4: 75f82018 ($711.95 in chips)
Seat 1: 52e2b8e9 ($491.55 in chips)
Seat 2: Hero ($463.36 in chips)
Seat 5: 97eb6c6e ($800 in chips)
75f82018: posts small blind $2
97eb6c6e: posts big blind $4
*** HOLE CARDS ***
Dealt to 8613d84 
Dealt to 75f82018 
Dealt to 52e2b8e9 
Dealt to Hero [7c 8s]
Dealt to 97eb6c6e 
52e2b8e9: folds
Hero: folds
8613d84: raises $8 to $12
75f82018: folds
97eb6c6e: calls $8
*** FLOP *** [As Qc 7s]
97eb6c6e: checks
8613d84: bets $8.58
97eb6c6e: calls $8.58
*** TURN *** [As Qc 7s] [Th]
97eb6c6e: checks
8613d84: checks
*** RIVER *** [As Qc 7s Th] [5c]
97eb6c6e: checks
8613d84: bets $14.24
97eb6c6e: folds
Uncalled bet ($14.24) returned to 8613d84
*** SHOWDOWN ***
8613d84 collected $43.16 from pot
*** SUMMARY ***
Total pot $43.16
Board [As Qc 7s Th 5c]
Seat 3: 8613d84won ($43.16) with Pair of Aces
Seat 4: 75f82018(small blind) folded before Flop
Seat 1: 52e2b8e9 folded before Flop (didn't bet)
Seat 2: Hero folded before Flop (didn't bet)
Seat 5: 97eb6c6e(big blind) folded on the River



Poker Hand #ring_943433626: NLH No Limit ($2/$4) - 2025/06/18 22:37:31
Table 'MR NLH 2/4' 7-max Seat #2 is the button
Seat 3: 8613d84 ($842 in chips)
Seat 4: 75f82018 ($715.95 in chips)
Seat 1: 52e2b8e9 ($486 in chips)
Seat 2: Hero ($463.36 in chips)
8613d84: posts small blind $2
75f82018: posts big blind $4
*** HOLE CARDS ***
Dealt to 8613d84 
Dealt to 75f82018 
Dealt to 52e2b8e9 
Dealt to Hero [Th 5h]
52e2b8e9: calls $4
Hero: folds
8613d84: folds
75f82018: checks
*** FLOP *** [5d Tc Ad]
75f82018: checks
52e2b8e9: bets $5
75f82018: folds
Uncalled bet ($5) returned to 52e2b8e9
*** SHOWDOWN ***
52e2b8e9 collected $10 from pot
*** SUMMARY ***
Total pot $10
Board [5d Tc Ad]
Seat 3: 8613d84(small blind) folded before Flop
Seat 4: 75f82018(big blind) folded on the Flop
Seat 1: 52e2b8e9won ($10) with Ace-High
Seat 2: Hero folded before Flop (didn't bet)



Poker Hand #ring_943432820: NLH No Limit ($2/$4) - 2025/06/18 22:37:07
Table 'MR NLH 2/4' 7-max Seat #1 is the button
Seat 3: 8613d84 ($846 in chips)
Seat 4: 75f82018 ($727.95 in chips)
Seat 1: 52e2b8e9 ($486 in chips)
Seat 2: Hero ($447.36 in chips)
Hero: posts small blind $2
8613d84: posts big blind $4
*** HOLE CARDS ***
Dealt to 8613d84 
Dealt to 75f82018 
Dealt to 52e2b8e9 
Dealt to Hero [9s 9d]
75f82018: raises $8 to $12
52e2b8e9: folds
Hero: raises $32 to $44
8613d84: folds
75f82018: folds
Uncalled bet ($32) returned to Hero
*** SHOWDOWN ***
Hero collected $28 from pot
*** SUMMARY ***
Total pot $28
Seat 3: 8613d84(big blind) folded before Flop
Seat 4: 75f82018 folded before Flop
Seat 1: 52e2b8e9 folded before Flop (didn't bet)
Seat 2: Hero(small blind)won ($28)



Poker Hand #ring_943431823: NLH No Limit ($2/$4) - 2025/06/18 22:36:35
Table 'MR NLH 2/4' 7-max Seat #4 is the button
Seat 3: 8613d84 ($800 in chips)
Seat 4: 75f82018 ($767.95 in chips)
Seat 1: 52e2b8e9 ($488 in chips)
Seat 2: Hero ($451.36 in chips)
52e2b8e9: posts small blind $2
Hero: posts big blind $4
*** HOLE CARDS ***
Dealt to 8613d84 
Dealt to 75f82018 
Dealt to 52e2b8e9 
Dealt to Hero [Jc 2h]
8613d84: raises $8 to $12
75f82018: raises $28 to $40
52e2b8e9: folds
Hero: folds
8613d84: raises $86 to $126
75f82018: folds
Uncalled bet ($86) returned to 8613d84
*** SHOWDOWN ***
8613d84 collected $86 from pot
*** SUMMARY ***
Total pot $86
Seat 3: 8613d84won ($86)
Seat 4: 75f82018 folded before Flop
Seat 1: 52e2b8e9(small blind) folded before Flop
Seat 2: Hero(big blind) folded before Flop



Poker Hand #ring_943431085: NLH No Limit ($2/$4) - 2025/06/18 22:36:13
Table 'MR NLH 2/4' 7-max Seat #3 is the button
Seat 3: 8613d84 ($800 in chips)
Seat 4: 75f82018 ($757.03 in chips)
Seat 1: 52e2b8e9 ($500 in chips)
Seat 2: Hero ($451.36 in chips)
75f82018: posts small blind $2
52e2b8e9: posts big blind $4
*** HOLE CARDS ***
Dealt to 8613d84 
Dealt to 75f82018 
Dealt to 52e2b8e9 
Dealt to Hero [3d 7d]
Hero: folds
8613d84: folds
75f82018: raises $8 to $12
52e2b8e9: calls $8
*** FLOP *** [As 6h 2h]
75f82018: bets $8
52e2b8e9: folds
Uncalled bet ($8) returned to 75f82018
*** SHOWDOWN ***
75f82018 collected $24 from pot
*** SUMMARY ***
Total pot $24
Board [As 6h 2h]
Seat 3: 8613d84 folded before Flop (didn't bet)
Seat 4: 75f82018(small blind)won ($24) with Ace-High
Seat 1: 52e2b8e9(big blind) folded on the Flop
Seat 2: Hero folded before Flop (didn't bet)



Poker Hand #ring_943430505: NLH No Limit ($2/$4) - 2025/06/18 22:35:54
Table 'MR NLH 2/4' 7-max Seat #2 is the button
Seat 3: 8613d84 ($802 in chips)
Seat 4: 75f82018 ($745.03 in chips)
Seat 2: Hero ($451.36 in chips)
8613d84: posts small blind $2
75f82018: posts big blind $4
*** HOLE CARDS ***
Dealt to 8613d84 
Dealt to 75f82018 
Dealt to Hero [7h Ts]
Hero: folds
8613d84: raises $8 to $12
75f82018: raises $28 to $40
8613d84: folds
Uncalled bet ($28) returned to 75f82018
*** SHOWDOWN ***
75f82018 collected $24 from pot
*** SUMMARY ***
Total pot $24
Seat 3: 8613d84(small blind) folded before Flop
Seat 4: 75f82018(big blind)won ($24)
Seat 2: Hero folded before Flop (didn't bet)



Poker Hand #ring_943428448: NLH No Limit ($2/$4) - 2025/06/18 22:34:50
Table 'MR NLH 2/4' 7-max Seat #4 is the button
Seat 3: 8613d84 ($806 in chips)
Seat 4: 75f82018 ($808.25 in chips)
Seat 2: Hero ($390 in chips)
Hero: posts small blind $2
8613d84: posts big blind $4
*** HOLE CARDS ***
Dealt to 8613d84 
Dealt to 75f82018 
Dealt to Hero [Ad Ac]
75f82018: raises $8 to $12
Hero: raises $26.76 to $38.76
8613d84: folds
75f82018: calls $26.76
*** FLOP *** [Kc 2h 3d]
Hero: bets $24.46
75f82018: calls $24.46
*** TURN *** [Kc 2h 3d] [9d]
Hero: bets $74.43
75f82018: folds
Uncalled bet ($74.43) returned to Hero
*** SHOWDOWN ***
Hero collected $130.44 from pot
*** SUMMARY ***
Total pot $130.44
Board [Kc 2h 3d 9d]
Seat 3: 8613d84(big blind) folded before Flop
Seat 4: 75f82018 folded on the Turn
Seat 2: Hero(small blind)won ($130.44) with Pair of Aces



Poker Hand #ring_943427993: NLH No Limit ($2/$4) - 2025/06/18 22:34:35
Table 'MR NLH 2/4' 7-max Seat #3 is the button
Seat 3: 8613d84 ($800 in chips)
Seat 4: 75f82018 ($810.25 in chips)
Seat 2: Hero ($394 in chips)
75f82018: posts small blind $2
Hero: posts big blind $4
*** HOLE CARDS ***
Dealt to 8613d84 
Dealt to 75f82018 
Dealt to Hero [9h 3h]
8613d84: raises $8 to $12
75f82018: folds
Hero: folds
Uncalled bet ($8) returned to 8613d84
*** SHOWDOWN ***
8613d84 collected $10 from pot
*** SUMMARY ***
Total pot $10
Seat 3: 8613d84won ($10)
Seat 4: 75f82018(small blind) folded before Flop
Seat 2: Hero(big blind) folded before Flop



Poker Hand #ring_943427615: NLH No Limit ($2/$4) - 2025/06/18 22:34:24
Table 'MR NLH 2/4' 7-max Seat #2 is the button
Seat 3: 8613d84 ($766 in chips)
Seat 4: 75f82018 ($808.25 in chips)
Seat 2: Hero ($394 in chips)
8613d84: posts small blind $2
75f82018: posts big blind $4
*** HOLE CARDS ***
Dealt to 8613d84 
Dealt to 75f82018 
Dealt to Hero [5h 8s]
Hero: folds
8613d84: folds
*** SHOWDOWN ***
75f82018 collected $6 from pot
*** SUMMARY ***
Total pot $6
Seat 3: 8613d84(small blind) folded before Flop
Seat 4: 75f82018(big blind)won ($6)
Seat 2: Hero folded before Flop (didn't bet)



Poker Hand #ring_943427213: NLH No Limit ($2/$4) - 2025/06/18 22:34:11
Table 'MR NLH 2/4' 7-max Seat #4 is the button
Seat 3: 8613d84 ($764 in chips)
Seat 4: 75f82018 ($808.25 in chips)
Seat 2: Hero ($396 in chips)
Hero: posts small blind $2
8613d84: posts big blind $4
*** HOLE CARDS ***
Dealt to 8613d84 
Dealt to 75f82018 
Dealt to Hero [Qd 4s]
75f82018: folds
Hero: folds
*** SHOWDOWN ***
8613d84 collected $6 from pot
*** SUMMARY ***
Total pot $6
Seat 3: 8613d84(big blind)won ($6)
Seat 4: 75f82018 folded before Flop (didn't bet)
Seat 2: Hero(small blind) folded before Flop



Poker Hand #ring_943426300: NLH No Limit ($2/$4) - 2025/06/18 22:33:43
Table 'MR NLH 2/4' 7-max Seat #3 is the button
Seat 3: 8613d84 ($804 in chips)
Seat 4: 75f82018 ($768.03 in chips)
Seat 2: Hero ($400 in chips)
75f82018: posts small blind $2
Hero: posts big blind $4
*** HOLE CARDS ***
Dealt to 8613d84 
Dealt to 75f82018 
Dealt to Hero [Jd 2h]
8613d84: raises $8 to $12
75f82018: raises $28 to $40
Hero: folds
8613d84: calls $28
*** FLOP *** [Ts Ks Js]
75f82018: bets $10
8613d84: folds
Uncalled bet ($10) returned to 75f82018
*** SHOWDOWN ***
75f82018 collected $84 from pot
*** SUMMARY ***
Total pot $84
Board [Ts Ks Js]
Seat 3: 8613d84 folded on the Flop
Seat 4: 75f82018(small blind)won ($84) with Pair of Kings
Seat 2: Hero(big blind) folded before Flop



