Poker Hand #ring_980131764: NLH No Limit ($2/$4) - 2025/07/08 23:09:17
Table 'MR NLH 2/4' 7-max Seat #2 is the button
Seat 2: f3a97bda ($325.11 in chips)
Seat 3: 904cfc6 ($197.96 in chips)
Seat 4: 3c3d4d8e ($408.85 in chips)
Seat 1: Hero ($436.79 in chips)
904cfc6: posts small blind $2
3c3d4d8e: posts big blind $4
*** HOLE CARDS ***
Dealt to f3a97bda 
Dealt to 904cfc6 
Dealt to 3c3d4d8e 
Dealt to Hero [Jd Tc]
Hero: raises $8 to $12
f3a97bda: calls $12
904cfc6: calls $10
3c3d4d8e: folds
*** FLOP *** [Jc 9c Qh]
904cfc6: checks
Hero: checks
f3a97bda: checks
*** TURN *** [Jc 9c Qh] [5d]
904cfc6: checks
Hero: checks
f3a97bda: bets $30
904cfc6: folds
Hero: calls $30
*** RIVER *** [Jc 9c Qh 5d] [5c]
Hero: checks
f3a97bda: checks
Hero: shows [Jd Tc]
f3a97bda: shows [7h 7c]
*** SHOWDOWN ***
Hero collected $100 from pot
*** SUMMARY ***
Total pot $100
Board [Jc 9c Qh 5d 5c]
Seat 2: f3a97bda showed [7h 7c] and lost with Pair of Sevens and Pair of Fives
Seat 3: 904cfc6(small blind) folded on the Turn
Seat 4: 3c3d4d8e(big blind) folded before Flop
Seat 1: Hero showed [Jd Tc] and won ($100) with Pair of Jacks and Pair of Fives



Poker Hand #ring_980130940: NLH No Limit ($2/$4) - 2025/07/08 23:08:52
Table 'MR NLH 2/4' 7-max Seat #1 is the button
Seat 2: f3a97bda ($327.11 in chips)
Seat 3: 904cfc6 ($195.96 in chips)
Seat 4: 3c3d4d8e ($408.85 in chips)
Seat 1: Hero ($436.79 in chips)
f3a97bda: posts small blind $2
904cfc6: posts big blind $4
*** HOLE CARDS ***
Dealt to f3a97bda 
Dealt to 904cfc6 
Dealt to 3c3d4d8e 
Dealt to Hero [6h Tc]
3c3d4d8e: folds
Hero: folds
f3a97bda: folds
*** SHOWDOWN ***
904cfc6 collected $6 from pot
*** SUMMARY ***
Total pot $6
Seat 2: f3a97bda(small blind) folded before Flop
Seat 3: 904cfc6(big blind)won ($6)
Seat 4: 3c3d4d8e folded before Flop (didn't bet)
Seat 1: Hero folded before Flop (didn't bet)



Poker Hand #ring_980130024: NLH No Limit ($2/$4) - 2025/07/08 23:08:24
Table 'MR NLH 2/4' 7-max Seat #4 is the button
Seat 2: f3a97bda ($331.11 in chips)
Seat 3: 904cfc6 ($195.96 in chips)
Seat 4: 3c3d4d8e ($402.85 in chips)
Seat 1: Hero ($438.79 in chips)
Hero: posts small blind $2
f3a97bda: posts big blind $4
*** HOLE CARDS ***
Dealt to f3a97bda 
Dealt to 904cfc6 
Dealt to 3c3d4d8e 
Dealt to Hero [Qd 7h]
904cfc6: folds
3c3d4d8e: raises $6 to $10
Hero: folds
f3a97bda: folds
Uncalled bet ($6) returned to 3c3d4d8e
*** SHOWDOWN ***
3c3d4d8e collected $10 from pot
*** SUMMARY ***
Total pot $10
Seat 2: f3a97bda(big blind) folded before Flop
Seat 3: 904cfc6 folded before Flop (didn't bet)
Seat 4: 3c3d4d8ewon ($10)
Seat 1: Hero(small blind) folded before Flop



Poker Hand #ring_980128894: NLH No Limit ($2/$4) - 2025/07/08 23:07:52
Table 'MR NLH 2/4' 7-max Seat #3 is the button
Seat 2: f3a97bda ($373.15 in chips)
Seat 3: 904cfc6 ($207.96 in chips)
Seat 4: 3c3d4d8e ($404.85 in chips)
Seat 1: Hero ($388.16 in chips)
3c3d4d8e: posts small blind $2
Hero: posts big blind $4
*** HOLE CARDS ***
Dealt to f3a97bda 
Dealt to 904cfc6 
Dealt to 3c3d4d8e 
Dealt to Hero [Ts Tc]
f3a97bda: raises $8 to $12
904cfc6: calls $12
3c3d4d8e: folds
Hero: raises $30.04 to $42.04
f3a97bda: calls $30.04
904cfc6: folds
*** FLOP *** [Kc 7c 6h]
Hero: bets $29.43
f3a97bda: folds
Uncalled bet ($29.43) returned to Hero
*** SHOWDOWN ***
Hero collected $98.08 from pot
*** SUMMARY ***
Total pot $98.08
Board [Kc 7c 6h]
Seat 2: f3a97bda folded on the Flop
Seat 3: 904cfc6 folded before Flop
Seat 4: 3c3d4d8e(small blind) folded before Flop
Seat 1: Hero(big blind)won ($98.08) with Pair of Tens



Poker Hand #ring_980128256: NLH No Limit ($2/$4) - 2025/07/08 23:07:33
Table 'MR NLH 2/4' 7-max Seat #2 is the button
Seat 2: f3a97bda ($367.15 in chips)
Seat 3: 904cfc6 ($209.96 in chips)
Seat 4: 3c3d4d8e ($408.85 in chips)
Seat 1: Hero ($388.16 in chips)
904cfc6: posts small blind $2
3c3d4d8e: posts big blind $4
*** HOLE CARDS ***
Dealt to f3a97bda 
Dealt to 904cfc6 
Dealt to 3c3d4d8e 
Dealt to Hero [As 2h]
Hero: folds
f3a97bda: raises $8 to $12
904cfc6: folds
3c3d4d8e: folds
Uncalled bet ($8) returned to f3a97bda
*** SHOWDOWN ***
f3a97bda collected $10 from pot
*** SUMMARY ***
Total pot $10
Seat 2: f3a97bdawon ($10)
Seat 3: 904cfc6(small blind) folded before Flop
Seat 4: 3c3d4d8e(big blind) folded before Flop
Seat 1: Hero folded before Flop (didn't bet)



Poker Hand #ring_980126951: NLH No Limit ($2/$4) - 2025/07/08 23:06:54
Table 'MR NLH 2/4' 7-max Seat #1 is the button
Seat 2: f3a97bda ($356.23 in chips)
Seat 3: 904cfc6 ($221.96 in chips)
Seat 4: 3c3d4d8e ($408.85 in chips)
Seat 1: Hero ($388.16 in chips)
f3a97bda: posts small blind $2
904cfc6: posts big blind $4
*** HOLE CARDS ***
Dealt to f3a97bda 
Dealt to 904cfc6 
Dealt to 3c3d4d8e 
Dealt to Hero [7h 3c]
3c3d4d8e: folds
Hero: folds
f3a97bda: raises $8 to $12
904cfc6: calls $8
*** FLOP *** [8c Js 4s]
f3a97bda: bets $12
904cfc6: folds
Uncalled bet ($12) returned to f3a97bda
*** SHOWDOWN ***
f3a97bda collected $24 from pot
*** SUMMARY ***
Total pot $24
Board [8c Js 4s]
Seat 2: f3a97bda(small blind)won ($24) with Pair of Eights
Seat 3: 904cfc6(big blind) folded on the Flop
Seat 4: 3c3d4d8e folded before Flop (didn't bet)
Seat 1: Hero folded before Flop (didn't bet)



Poker Hand #ring_980124846: NLH No Limit ($2/$4) - 2025/07/08 23:05:53
Table 'MR NLH 2/4' 7-max Seat #4 is the button
Seat 2: f3a97bda ($360.23 in chips)
Seat 3: 904cfc6 ($190.27 in chips)
Seat 4: 3c3d4d8e ($430.07 in chips)
Seat 1: Hero ($398.16 in chips)
Hero: posts small blind $2
f3a97bda: posts big blind $4
*** HOLE CARDS ***
Dealt to f3a97bda 
Dealt to 904cfc6 
Dealt to 3c3d4d8e 
Dealt to Hero [Qh 9h]
904cfc6: calls $4
3c3d4d8e: raises $6 to $10
Hero: calls $8
f3a97bda: folds
904cfc6: calls $6
*** FLOP *** [8c 6c 4d]
Hero: checks
904cfc6: checks
3c3d4d8e: bets $11.22
Hero: folds
904cfc6: calls $11.22
*** TURN *** [8c 6c 4d] [7h]
904cfc6: checks
3c3d4d8e: checks
*** RIVER *** [8c 6c 4d 7h] [Ks]
904cfc6: checks
3c3d4d8e: checks
904cfc6: shows [Jd 7d]
3c3d4d8e: shows [9c Ad]
*** SHOWDOWN ***
904cfc6 collected $56.44 from pot
*** SUMMARY ***
Total pot $56.44
Board [8c 6c 4d 7h Ks]
Seat 2: f3a97bda(big blind) folded before Flop
Seat 3: 904cfc6 showed [Jd 7d] and won ($56.44) with Pair of Sevens
Seat 4: 3c3d4d8e showed [9c Ad] and lost with Ace-High
Seat 1: Hero(small blind) folded on the Flop



Poker Hand #ring_980123573: NLH No Limit ($2/$4) - 2025/07/08 23:05:15
Table 'MR NLH 2/4' 7-max Seat #3 is the button
Seat 2: f3a97bda ($360.23 in chips)
Seat 3: 904cfc6 ($192.11 in chips)
Seat 4: 3c3d4d8e ($432.07 in chips)
Seat 1: Hero ($400 in chips)
3c3d4d8e: posts small blind $2
Hero: posts big blind $4
*** HOLE CARDS ***
Dealt to f3a97bda 
Dealt to 904cfc6 
Dealt to 3c3d4d8e 
Dealt to Hero [7h Ad]
f3a97bda: folds
904cfc6: raises $8 to $12
3c3d4d8e: folds
Hero: calls $8
*** FLOP *** [6c Td As]
Hero: checks
904cfc6: bets $13
Hero: calls $13
*** TURN *** [6c Td As] [Js]
Hero: checks
904cfc6: bets $26
Hero: calls $26
*** RIVER *** [6c Td As Js] [9d]
Hero: checks
904cfc6: checks
Hero: shows [7h Ad]
904cfc6: shows [Ah 3s]
*** SHOWDOWN ***
Hero collected $52 from pot
904cfc6 collected $52 from pot
*** SUMMARY ***
Total pot $104
Board [6c Td As Js 9d]
Seat 2: f3a97bda folded before Flop (didn't bet)
Seat 3: 904cfc6 showed [Ah 3s] and won ($52) with Pair of Aces
Seat 4: 3c3d4d8e(small blind) folded before Flop
Seat 1: Hero(big blind) showed [7h Ad] and won ($52) with Pair of Aces



