Poker Hand #ring_947180416: NLH No Limit ($2/$4) - 2025/06/20 21:43:08
Table 'MR NLH 2/4' 7-max Seat #5 is the button
Seat 4: e9701fdb ($367.96 in chips)
Seat 2: ce196613 ($905.15 in chips)
Seat 7: a4a1532c ($170 in chips)
Seat 5: 49a16372 ($2,151.45 in chips)
Seat 6: f83f70c3 ($777.32 in chips)
Seat 3: e657e916 ($137.06 in chips)
Seat 1: Hero ($548.09 in chips)
f83f70c3: posts small blind $2
a4a1532c: posts big blind $4
*** HOLE CARDS ***
Dealt to e9701fdb 
Dealt to ce196613 
Dealt to a4a1532c 
Dealt to 49a16372 
Dealt to f83f70c3 
Dealt to e657e916 
Dealt to Hero [2h Js]
Hero: folds
ce196613: folds
e657e916: calls $4
e9701fdb: folds
49a16372: raises $12 to $16
f83f70c3: raises $48 to $64
a4a1532c: folds
e657e916: folds
49a16372: folds
Uncalled bet ($48) returned to f83f70c3
*** SHOWDOWN ***
f83f70c3 collected $40 from pot
*** SUMMARY ***
Total pot $40
Seat 4: e9701fdb folded before Flop (didn't bet)
Seat 2: ce196613 folded before Flop (didn't bet)
Seat 7: a4a1532c(big blind) folded before Flop
Seat 5: 49a16372 folded before Flop
Seat 6: f83f70c3(small blind)won ($40)
Seat 3: e657e916 folded before Flop
Seat 1: Hero folded before Flop (didn't bet)



Poker Hand #ring_947179952: NLH No Limit ($2/$4) - 2025/06/20 21:42:51
Table 'MR NLH 2/4' 7-max Seat #4 is the button
Seat 4: e9701fdb ($367.96 in chips)
Seat 2: ce196613 ($905.15 in chips)
Seat 7: a4a1532c ($170 in chips)
Seat 5: 49a16372 ($2,153.45 in chips)
Seat 6: f83f70c3 ($775.32 in chips)
Seat 3: e657e916 ($137.06 in chips)
Seat 1: Hero ($548.09 in chips)
49a16372: posts small blind $2
f83f70c3: posts big blind $4
*** HOLE CARDS ***
Dealt to e9701fdb 
Dealt to ce196613 
Dealt to a4a1532c 
Dealt to 49a16372 
Dealt to f83f70c3 
Dealt to e657e916 
Dealt to Hero [9d Tc]
a4a1532c: folds
Hero: folds
ce196613: folds
e657e916: folds
e9701fdb: folds
49a16372: folds
*** SHOWDOWN ***
f83f70c3 collected $6 from pot
*** SUMMARY ***
Total pot $6
Seat 4: e9701fdb folded before Flop (didn't bet)
Seat 2: ce196613 folded before Flop (didn't bet)
Seat 7: a4a1532c folded before Flop (didn't bet)
Seat 5: 49a16372(small blind) folded before Flop
Seat 6: f83f70c3(big blind)won ($6)
Seat 3: e657e916 folded before Flop (didn't bet)
Seat 1: Hero folded before Flop (didn't bet)



Poker Hand #ring_947179084: NLH No Limit ($2/$4) - 2025/06/20 21:42:18
Table 'MR NLH 2/4' 7-max Seat #3 is the button
Seat 4: e9701fdb ($369.96 in chips)
Seat 2: ce196613 ($905.15 in chips)
Seat 7: a4a1532c ($170 in chips)
Seat 5: 49a16372 ($2,136.98 in chips)
Seat 6: f83f70c3 ($775.32 in chips)
Seat 3: e657e916 ($153.06 in chips)
Seat 1: Hero ($548.09 in chips)
e9701fdb: posts small blind $2
49a16372: posts big blind $4
*** HOLE CARDS ***
Dealt to e9701fdb 
Dealt to ce196613 
Dealt to a4a1532c 
Dealt to 49a16372 
Dealt to f83f70c3 
Dealt to e657e916 
Dealt to Hero [7s 2c]
f83f70c3: folds
a4a1532c: folds
Hero: folds
ce196613: folds
e657e916: calls $4
e9701fdb: folds
49a16372: raises $12 to $16
e657e916: calls $12
*** FLOP *** [Tc 6s 4s]
49a16372: bets $11.22
e657e916: folds
Uncalled bet ($11.22) returned to 49a16372
*** SHOWDOWN ***
49a16372 collected $34 from pot
*** SUMMARY ***
Total pot $34
Board [Tc 6s 4s]
Seat 4: e9701fdb(small blind) folded before Flop
Seat 2: ce196613 folded before Flop (didn't bet)
Seat 7: a4a1532c folded before Flop (didn't bet)
Seat 5: 49a16372(big blind)won ($34) with Ace-High
Seat 6: f83f70c3 folded before Flop (didn't bet)
Seat 3: e657e916 folded on the Flop
Seat 1: Hero folded before Flop (didn't bet)



Poker Hand #ring_947178277: NLH No Limit ($2/$4) - 2025/06/20 21:41:46
Table 'MR NLH 2/4' 7-max Seat #2 is the button
Seat 4: e9701fdb ($373.96 in chips)
Seat 2: ce196613 ($917.15 in chips)
Seat 7: a4a1532c ($170 in chips)
Seat 5: 49a16372 ($2,136.98 in chips)
Seat 6: f83f70c3 ($775.32 in chips)
Seat 3: e657e916 ($137.06 in chips)
Seat 1: Hero ($548.09 in chips)
e657e916: posts small blind $2
e9701fdb: posts big blind $4
*** HOLE CARDS ***
Dealt to e9701fdb 
Dealt to ce196613 
Dealt to a4a1532c 
Dealt to 49a16372 
Dealt to f83f70c3 
Dealt to e657e916 
Dealt to Hero [Td Qh]
49a16372: folds
f83f70c3: folds
a4a1532c: folds
Hero: folds
ce196613: raises $8 to $12
e657e916: raises $21 to $33
e9701fdb: folds
ce196613: folds
Uncalled bet ($21) returned to e657e916
*** SHOWDOWN ***
e657e916 collected $28 from pot
*** SUMMARY ***
Total pot $28
Seat 4: e9701fdb(big blind) folded before Flop
Seat 2: ce196613 folded before Flop
Seat 7: a4a1532c folded before Flop (didn't bet)
Seat 5: 49a16372 folded before Flop (didn't bet)
Seat 6: f83f70c3 folded before Flop (didn't bet)
Seat 3: e657e916(small blind)won ($28)
Seat 1: Hero folded before Flop (didn't bet)



Poker Hand #ring_947177213: NLH No Limit ($2/$4) - 2025/06/20 21:41:07
Table 'MR NLH 2/4' 7-max Seat #1 is the button
Seat 4: e9701fdb ($361.13 in chips)
Seat 2: ce196613 ($919.15 in chips)
Seat 7: a4a1532c ($170 in chips)
Seat 5: 49a16372 ($2,136.98 in chips)
Seat 6: f83f70c3 ($775.32 in chips)
Seat 3: e657e916 ($149.06 in chips)
Seat 1: Hero ($548.09 in chips)
ce196613: posts small blind $2
e657e916: posts big blind $4
*** HOLE CARDS ***
Dealt to e9701fdb 
Dealt to ce196613 
Dealt to a4a1532c 
Dealt to 49a16372 
Dealt to f83f70c3 
Dealt to e657e916 
Dealt to Hero [4s Ah]
e9701fdb: raises $8 to $12
49a16372: folds
f83f70c3: folds
a4a1532c: folds
Hero: folds
ce196613: folds
e657e916: calls $8
*** FLOP *** [5s 3s 2d]
e657e916: checks
e9701fdb: checks
*** TURN *** [5s 3s 2d] [Jc]
e657e916: checks
e9701fdb: checks
*** RIVER *** [5s 3s 2d Jc] [9d]
e657e916: checks
e9701fdb: checks
e657e916: shows [8h 6h]
e9701fdb: shows [Td Kd]
*** SHOWDOWN ***
e9701fdb collected $26 from pot
*** SUMMARY ***
Total pot $26
Board [5s 3s 2d Jc 9d]
Seat 4: e9701fdb showed [Td Kd] and won ($26) with King-High
Seat 2: ce196613(small blind) folded before Flop
Seat 7: a4a1532c folded before Flop (didn't bet)
Seat 5: 49a16372 folded before Flop (didn't bet)
Seat 6: f83f70c3 folded before Flop (didn't bet)
Seat 3: e657e916(big blind) showed [8h 6h] and lost with Jack-High
Seat 1: Hero folded before Flop (didn't bet)



Poker Hand #ring_947175929: NLH No Limit ($2/$4) - 2025/06/20 21:40:17
Table 'MR NLH 2/4' 7-max Seat #7 is the button
Seat 4: e9701fdb ($361.13 in chips)
Seat 2: ce196613 ($923.15 in chips)
Seat 7: a4a1532c ($170 in chips)
Seat 5: 49a16372 ($2,158.98 in chips)
Seat 6: f83f70c3 ($775.32 in chips)
Seat 3: e657e916 ($149.06 in chips)
Seat 1: Hero ($525.25 in chips)
Hero: posts small blind $2
ce196613: posts big blind $4
*** HOLE CARDS ***
Dealt to e9701fdb 
Dealt to ce196613 
Dealt to a4a1532c 
Dealt to 49a16372 
Dealt to f83f70c3 
Dealt to e657e916 
Dealt to Hero [7s 9s]
e657e916: folds
e9701fdb: folds
49a16372: raises $6 to $10
f83f70c3: folds
a4a1532c: folds
Hero: calls $8
ce196613: folds
*** FLOP *** [3c 5s 5h]
Hero: checks
49a16372: checks
*** TURN *** [3c 5s 5h] [6c]
Hero: bets $12
49a16372: calls $12
*** RIVER *** [3c 5s 5h 6c] [8s]
Hero: bets $38.4
49a16372: folds
Uncalled bet ($38.4) returned to Hero
*** SHOWDOWN ***
Hero collected $48 from pot
*** SUMMARY ***
Total pot $48
Board [3c 5s 5h 6c 8s]
Seat 4: e9701fdb folded before Flop (didn't bet)
Seat 2: ce196613(big blind) folded before Flop
Seat 7: a4a1532c folded before Flop (didn't bet)
Seat 5: 49a16372 folded on the River
Seat 6: f83f70c3 folded before Flop (didn't bet)
Seat 3: e657e916 folded before Flop (didn't bet)
Seat 1: Hero(small blind)won ($48) with Nines-High Straight



Poker Hand #ring_947174703: NLH No Limit ($2/$4) - 2025/06/20 21:39:31
Table 'MR NLH 2/4' 7-max Seat #6 is the button
Seat 4: e9701fdb ($361.13 in chips)
Seat 2: ce196613 ($866.55 in chips)
Seat 7: a4a1532c ($172 in chips)
Seat 5: 49a16372 ($2,158.98 in chips)
Seat 6: f83f70c3 ($775.32 in chips)
Seat 3: e657e916 ($206.06 in chips)
Seat 1: Hero ($529.25 in chips)
a4a1532c: posts small blind $2
Hero: posts big blind $4
*** HOLE CARDS ***
Dealt to e9701fdb 
Dealt to ce196613 
Dealt to a4a1532c 
Dealt to 49a16372 
Dealt to f83f70c3 
Dealt to e657e916 
Dealt to Hero [Jc 2d]
ce196613: raises $8 to $12
e657e916: calls $12
e9701fdb: folds
49a16372: folds
f83f70c3: folds
a4a1532c: folds
Hero: folds
*** FLOP *** [3h Kd Td]
ce196613: bets $15
e657e916: calls $15
*** TURN *** [3h Kd Td] [3c]
ce196613: bets $30
e657e916: calls $30
*** RIVER *** [3h Kd Td 3c] [Ac]
ce196613: bets $60
e657e916: folds
Uncalled bet ($60) returned to ce196613
*** SHOWDOWN ***
ce196613 collected $120 from pot
*** SUMMARY ***
Total pot $120
Board [3h Kd Td 3c Ac]
Seat 4: e9701fdb folded before Flop (didn't bet)
Seat 2: ce196613won ($120) with Pair of Kings and Pair of Treys
Seat 7: a4a1532c(small blind) folded before Flop
Seat 5: 49a16372 folded before Flop (didn't bet)
Seat 6: f83f70c3 folded before Flop (didn't bet)
Seat 3: e657e916 folded on the River
Seat 1: Hero(big blind) folded before Flop



Poker Hand #ring_947174013: NLH No Limit ($2/$4) - 2025/06/20 21:39:04
Table 'MR NLH 2/4' 7-max Seat #5 is the button
Seat 4: e9701fdb ($361.13 in chips)
Seat 2: ce196613 ($866.55 in chips)
Seat 7: a4a1532c ($176 in chips)
Seat 5: 49a16372 ($2,152.98 in chips)
Seat 6: f83f70c3 ($777.32 in chips)
Seat 3: e657e916 ($206.06 in chips)
Seat 1: Hero ($529.25 in chips)
f83f70c3: posts small blind $2
a4a1532c: posts big blind $4
*** HOLE CARDS ***
Dealt to e9701fdb 
Dealt to ce196613 
Dealt to a4a1532c 
Dealt to 49a16372 
Dealt to f83f70c3 
Dealt to e657e916 
Dealt to Hero [9c 4s]
Hero: folds
ce196613: folds
e657e916: folds
e9701fdb: folds
49a16372: raises $6 to $10
f83f70c3: folds
a4a1532c: folds
Uncalled bet ($6) returned to 49a16372
*** SHOWDOWN ***
49a16372 collected $10 from pot
*** SUMMARY ***
Total pot $10
Seat 4: e9701fdb folded before Flop (didn't bet)
Seat 2: ce196613 folded before Flop (didn't bet)
Seat 7: a4a1532c(big blind) folded before Flop
Seat 5: 49a16372won ($10)
Seat 6: f83f70c3(small blind) folded before Flop
Seat 3: e657e916 folded before Flop (didn't bet)
Seat 1: Hero folded before Flop (didn't bet)



Poker Hand #ring_947172802: NLH No Limit ($2/$4) - 2025/06/20 21:38:19
Table 'MR NLH 2/4' 7-max Seat #4 is the button
Seat 4: e9701fdb ($361.13 in chips)
Seat 2: ce196613 ($866.55 in chips)
Seat 7: a4a1532c ($176 in chips)
Seat 5: 49a16372 ($2,154.98 in chips)
Seat 6: f83f70c3 ($781.32 in chips)
Seat 3: e657e916 ($189.41 in chips)
Seat 1: Hero ($541.25 in chips)
49a16372: posts small blind $2
f83f70c3: posts big blind $4
*** HOLE CARDS ***
Dealt to e9701fdb 
Dealt to ce196613 
Dealt to a4a1532c 
Dealt to 49a16372 
Dealt to f83f70c3 
Dealt to e657e916 
Dealt to Hero [3s 3h]
a4a1532c: folds
Hero: raises $8 to $12
ce196613: folds
e657e916: calls $12
e9701fdb: folds
49a16372: folds
f83f70c3: folds
*** FLOP *** [8s 8c Kc]
Hero: checks
e657e916: checks
*** TURN *** [8s 8c Kc] [Jh]
Hero: checks
e657e916: checks
*** RIVER *** [8s 8c Kc Jh] [4c]
Hero: checks
e657e916: checks
Hero: shows [3s 3h]
e657e916: shows [7s 4s]
*** SHOWDOWN ***
e657e916 collected $30 from pot
*** SUMMARY ***
Total pot $30
Board [8s 8c Kc Jh 4c]
Seat 4: e9701fdb folded before Flop (didn't bet)
Seat 2: ce196613 folded before Flop (didn't bet)
Seat 7: a4a1532c folded before Flop (didn't bet)
Seat 5: 49a16372(small blind) folded before Flop
Seat 6: f83f70c3(big blind) folded before Flop
Seat 3: e657e916 showed [7s 4s] and won ($30) with Pair of Eights and Pair of Fours
Seat 1: Hero showed [3s 3h] and lost with Pair of Eights and Pair of Treys



Poker Hand #ring_947171250: NLH No Limit ($2/$4) - 2025/06/20 21:37:20
Table 'MR NLH 2/4' 7-max Seat #3 is the button
Seat 4: e9701fdb ($363.13 in chips)
Seat 2: ce196613 ($841.89 in chips)
Seat 7: a4a1532c ($176 in chips)
Seat 5: 49a16372 ($2,158.98 in chips)
Seat 6: f83f70c3 ($781.32 in chips)
Seat 3: e657e916 ($211.31 in chips)
Seat 1: Hero ($541.25 in chips)
e9701fdb: posts small blind $2
49a16372: posts big blind $4
*** HOLE CARDS ***
Dealt to e9701fdb 
Dealt to ce196613 
Dealt to a4a1532c 
Dealt to 49a16372 
Dealt to f83f70c3 
Dealt to e657e916 
Dealt to Hero [7d Ks]
f83f70c3: folds
a4a1532c: folds
Hero: folds
ce196613: raises $8 to $12
e657e916: calls $12
e9701fdb: folds
49a16372: folds
*** FLOP *** [Ad 5s 8h]
ce196613: bets $9.9
e657e916: calls $9.9
*** TURN *** [Ad 5s 8h] [Qh]
ce196613: bets $37.35
e657e916: folds
Uncalled bet ($37.35) returned to ce196613
*** SHOWDOWN ***
ce196613 collected $49.8 from pot
*** SUMMARY ***
Total pot $49.8
Board [Ad 5s 8h Qh]
Seat 4: e9701fdb(small blind) folded before Flop
Seat 2: ce196613won ($49.8) with Ace-High
Seat 7: a4a1532c folded before Flop (didn't bet)
Seat 5: 49a16372(big blind) folded before Flop
Seat 6: f83f70c3 folded before Flop (didn't bet)
Seat 3: e657e916 folded on the Turn
Seat 1: Hero folded before Flop (didn't bet)



Poker Hand #ring_947170772: NLH No Limit ($2/$4) - 2025/06/20 21:37:01
Table 'MR NLH 2/4' 7-max Seat #2 is the button
Seat 4: e9701fdb ($361.13 in chips)
Seat 2: ce196613 ($841.89 in chips)
Seat 7: a4a1532c ($176 in chips)
Seat 5: 49a16372 ($2,158.98 in chips)
Seat 6: f83f70c3 ($781.32 in chips)
Seat 3: e657e916 ($213.31 in chips)
Seat 1: Hero ($541.25 in chips)
e657e916: posts small blind $2
e9701fdb: posts big blind $4
*** HOLE CARDS ***
Dealt to e9701fdb 
Dealt to ce196613 
Dealt to a4a1532c 
Dealt to 49a16372 
Dealt to f83f70c3 
Dealt to e657e916 
Dealt to Hero [Th 7d]
49a16372: folds
f83f70c3: folds
a4a1532c: folds
Hero: folds
ce196613: folds
e657e916: folds
*** SHOWDOWN ***
e9701fdb collected $6 from pot
*** SUMMARY ***
Total pot $6
Seat 4: e9701fdb(big blind)won ($6)
Seat 2: ce196613 folded before Flop (didn't bet)
Seat 7: a4a1532c folded before Flop (didn't bet)
Seat 5: 49a16372 folded before Flop (didn't bet)
Seat 6: f83f70c3 folded before Flop (didn't bet)
Seat 3: e657e916(small blind) folded before Flop
Seat 1: Hero folded before Flop (didn't bet)



Poker Hand #ring_947169225: NLH No Limit ($2/$4) - 2025/06/20 21:36:00
Table 'MR NLH 2/4' 7-max Seat #1 is the button
Seat 4: e9701fdb ($361.13 in chips)
Seat 2: ce196613 ($851.89 in chips)
Seat 7: a4a1532c ($176 in chips)
Seat 5: 49a16372 ($2,131.78 in chips)
Seat 6: f83f70c3 ($781.32 in chips)
Seat 3: e657e916 ($223.31 in chips)
Seat 1: Hero ($551.25 in chips)
ce196613: posts small blind $2
e657e916: posts big blind $4
*** HOLE CARDS ***
Dealt to e9701fdb 
Dealt to ce196613 
Dealt to a4a1532c 
Dealt to 49a16372 
Dealt to f83f70c3 
Dealt to e657e916 
Dealt to Hero [Jd Ac]
e9701fdb: folds
49a16372: raises $6 to $10
f83f70c3: folds
a4a1532c: folds
Hero: calls $10
ce196613: calls $8
e657e916: calls $6
*** FLOP *** [4h 5h 5s]
ce196613: checks
e657e916: checks
49a16372: checks
Hero: checks
*** TURN *** [4h 5h 5s] [7d]
ce196613: checks
e657e916: checks
49a16372: checks
Hero: checks
*** RIVER *** [4h 5h 5s 7d] [Kd]
ce196613: checks
e657e916: checks
49a16372: checks
Hero: checks
Hero: shows [Jd Ac]
ce196613: shows [As Jc]
e657e916: shows [8c Td]
49a16372: shows [Th Kh]
*** SHOWDOWN ***
49a16372 collected $40 from pot
*** SUMMARY ***
Total pot $40
Board [4h 5h 5s 7d Kd]
Seat 4: e9701fdb folded before Flop (didn't bet)
Seat 2: ce196613(small blind) showed [As Jc] and lost with Pair of Fives
Seat 7: a4a1532c folded before Flop (didn't bet)
Seat 5: 49a16372 showed [Th Kh] and won ($40) with Pair of Kings and Pair of Fives
Seat 6: f83f70c3 folded before Flop (didn't bet)
Seat 3: e657e916(big blind) showed [8c Td] and lost with Pair of Fives
Seat 1: Hero showed [Jd Ac] and lost with Pair of Fives



Poker Hand #ring_947168256: NLH No Limit ($2/$4) - 2025/06/20 21:35:23
Table 'MR NLH 2/4' 7-max Seat #7 is the button
Seat 4: e9701fdb ($361.13 in chips)
Seat 2: ce196613 ($855.89 in chips)
Seat 7: a4a1532c ($176 in chips)
Seat 5: 49a16372 ($2,131.78 in chips)
Seat 6: f83f70c3 ($781.32 in chips)
Seat 3: e657e916 ($227.31 in chips)
Seat 1: Hero ($543.79 in chips)
Hero: posts small blind $2
ce196613: posts big blind $4
*** HOLE CARDS ***
Dealt to e9701fdb 
Dealt to ce196613 
Dealt to a4a1532c 
Dealt to 49a16372 
Dealt to f83f70c3 
Dealt to e657e916 
Dealt to Hero [4c Kc]
e657e916: calls $4
e9701fdb: folds
49a16372: folds
f83f70c3: folds
a4a1532c: folds
Hero: calls $2
ce196613: checks
*** FLOP *** [3h Ks 5s]
Hero: bets $6
ce196613: folds
e657e916: folds
Uncalled bet ($6) returned to Hero
*** SHOWDOWN ***
Hero collected $12 from pot
*** SUMMARY ***
Total pot $12
Board [3h Ks 5s]
Seat 4: e9701fdb folded before Flop (didn't bet)
Seat 2: ce196613(big blind) folded on the Flop
Seat 7: a4a1532c folded before Flop (didn't bet)
Seat 5: 49a16372 folded before Flop (didn't bet)
Seat 6: f83f70c3 folded before Flop (didn't bet)
Seat 3: e657e916 folded on the Flop
Seat 1: Hero(small blind)won ($12) with Pair of Kings



Poker Hand #ring_947166777: NLH No Limit ($2/$4) - 2025/06/20 21:34:27
Table 'MR NLH 2/4' 7-max Seat #6 is the button
Seat 4: e9701fdb ($361.13 in chips)
Seat 2: ce196613 ($880.43 in chips)
Seat 7: a4a1532c ($178 in chips)
Seat 5: 49a16372 ($2,131.78 in chips)
Seat 6: f83f70c3 ($781.32 in chips)
Seat 3: e657e916 ($192.6 in chips)
Seat 1: Hero ($555.79 in chips)
a4a1532c: posts small blind $2
Hero: posts big blind $4
*** HOLE CARDS ***
Dealt to e9701fdb 
Dealt to ce196613 
Dealt to a4a1532c 
Dealt to 49a16372 
Dealt to f83f70c3 
Dealt to e657e916 
Dealt to Hero [4h Qh]
ce196613: raises $8 to $12
e657e916: calls $12
e9701fdb: folds
49a16372: folds
f83f70c3: folds
a4a1532c: folds
Hero: calls $8
*** FLOP *** [Jc 7s As]
Hero: checks
ce196613: bets $12.54
e657e916: calls $12.54
Hero: folds
*** TURN *** [Jc 7s As] [Ah]
ce196613: checks
e657e916: checks
*** RIVER *** [Jc 7s As Ah] [Js]
ce196613: checks
e657e916: bets $47.31
ce196613: folds
Uncalled bet ($47.31) returned to e657e916
*** SHOWDOWN ***
e657e916 collected $63.08 from pot
*** SUMMARY ***
Total pot $63.08
Board [Jc 7s As Ah Js]
Seat 4: e9701fdb folded before Flop (didn't bet)
Seat 2: ce196613 folded on the River
Seat 7: a4a1532c(small blind) folded before Flop
Seat 5: 49a16372 folded before Flop (didn't bet)
Seat 6: f83f70c3 folded before Flop (didn't bet)
Seat 3: e657e916won ($63.08) with Ace High Flush
Seat 1: Hero(big blind) folded on the Flop



Poker Hand #ring_947165971: NLH No Limit ($2/$4) - 2025/06/20 21:33:57
Table 'MR NLH 2/4' 7-max Seat #5 is the button
Seat 4: e9701fdb ($361.13 in chips)
Seat 2: ce196613 ($880.43 in chips)
Seat 7: a4a1532c ($182 in chips)
Seat 5: 49a16372 ($2,125.78 in chips)
Seat 6: f83f70c3 ($783.32 in chips)
Seat 3: e657e916 ($192.6 in chips)
Seat 1: Hero ($555.79 in chips)
f83f70c3: posts small blind $2
a4a1532c: posts big blind $4
*** HOLE CARDS ***
Dealt to e9701fdb 
Dealt to ce196613 
Dealt to a4a1532c 
Dealt to 49a16372 
Dealt to f83f70c3 
Dealt to e657e916 
Dealt to Hero [9h 3d]
Hero: folds
ce196613: folds
e657e916: folds
e9701fdb: folds
49a16372: raises $6 to $10
f83f70c3: folds
a4a1532c: folds
Uncalled bet ($6) returned to 49a16372
*** SHOWDOWN ***
49a16372 collected $10 from pot
*** SUMMARY ***
Total pot $10
Seat 4: e9701fdb folded before Flop (didn't bet)
Seat 2: ce196613 folded before Flop (didn't bet)
Seat 7: a4a1532c(big blind) folded before Flop
Seat 5: 49a16372won ($10)
Seat 6: f83f70c3(small blind) folded before Flop
Seat 3: e657e916 folded before Flop (didn't bet)
Seat 1: Hero folded before Flop (didn't bet)



Poker Hand #ring_947164712: NLH No Limit ($2/$4) - 2025/06/20 21:33:08
Table 'MR NLH 2/4' 7-max Seat #4 is the button
Seat 4: e9701fdb ($361.13 in chips)
Seat 2: ce196613 ($784.39 in chips)
Seat 7: a4a1532c ($182 in chips)
Seat 5: 49a16372 ($2,127.78 in chips)
Seat 6: f83f70c3 ($787.32 in chips)
Seat 3: e657e916 ($292.93 in chips)
Seat 1: Hero ($555.79 in chips)
49a16372: posts small blind $2
f83f70c3: posts big blind $4
*** HOLE CARDS ***
Dealt to e9701fdb 
Dealt to ce196613 
Dealt to a4a1532c 
Dealt to 49a16372 
Dealt to f83f70c3 
Dealt to e657e916 
Dealt to Hero [8c As]
a4a1532c: folds
Hero: folds
ce196613: raises $8 to $12
e657e916: calls $12
e9701fdb: folds
49a16372: folds
f83f70c3: folds
*** FLOP *** [Qc 7s 4s]
ce196613: bets $9.9
e657e916: calls $9.9
*** TURN *** [Qc 7s 4s] [Th]
ce196613: bets $37.35
e657e916: calls $37.35
*** RIVER *** [Qc 7s 4s Th] [2h]
ce196613: bets $41.08
e657e916: calls $41.08
ce196613: shows [Qh Kc]
e657e916: shows [3s Ts]
*** SHOWDOWN ***
ce196613 collected $206.66 from pot
*** SUMMARY ***
Total pot $206.66
Board [Qc 7s 4s Th 2h]
Seat 4: e9701fdb folded before Flop (didn't bet)
Seat 2: ce196613 showed [Qh Kc] and won ($206.66) with Pair of Queens
Seat 7: a4a1532c folded before Flop (didn't bet)
Seat 5: 49a16372(small blind) folded before Flop
Seat 6: f83f70c3(big blind) folded before Flop
Seat 3: e657e916 showed [3s Ts] and lost with Pair of Tens
Seat 1: Hero folded before Flop (didn't bet)



Poker Hand #ring_947163477: NLH No Limit ($2/$4) - 2025/06/20 21:32:21
Table 'MR NLH 2/4' 7-max Seat #3 is the button
Seat 4: e9701fdb ($363.13 in chips)
Seat 2: ce196613 ($784.39 in chips)
Seat 7: a4a1532c ($186 in chips)
Seat 5: 49a16372 ($2,148.02 in chips)
Seat 6: f83f70c3 ($787.32 in chips)
Seat 3: e657e916 ($269.78 in chips)
Seat 1: Hero ($555.79 in chips)
e9701fdb: posts small blind $2
49a16372: posts big blind $4
*** HOLE CARDS ***
Dealt to e9701fdb 
Dealt to ce196613 
Dealt to a4a1532c 
Dealt to 49a16372 
Dealt to f83f70c3 
Dealt to e657e916 
Dealt to Hero [9d 6c]
f83f70c3: folds
a4a1532c: calls $4
Hero: folds
ce196613: folds
e657e916: calls $4
e9701fdb: folds
49a16372: checks
*** FLOP *** [Qh 3h 3s]
49a16372: bets $4.62
a4a1532c: folds
e657e916: calls $4.62
*** TURN *** [Qh 3h 3s] [Tc]
49a16372: checks
e657e916: bets $11.62
49a16372: calls $11.62
*** RIVER *** [Qh 3h 3s Tc] [2s]
49a16372: checks
e657e916: checks
e657e916: shows [Kh Td]
49a16372: shows [5h Ah]
*** SHOWDOWN ***
e657e916 collected $46.48 from pot
*** SUMMARY ***
Total pot $46.48
Board [Qh 3h 3s Tc 2s]
Seat 4: e9701fdb(small blind) folded before Flop
Seat 2: ce196613 folded before Flop (didn't bet)
Seat 7: a4a1532c folded on the Flop
Seat 5: 49a16372(big blind) showed [5h Ah] and lost with Pair of Treys
Seat 6: f83f70c3 folded before Flop (didn't bet)
Seat 3: e657e916 showed [Kh Td] and won ($46.48) with Pair of Tens and Pair of Treys
Seat 1: Hero folded before Flop (didn't bet)



Poker Hand #ring_947162267: NLH No Limit ($2/$4) - 2025/06/20 21:31:32
Table 'MR NLH 2/4' 7-max Seat #2 is the button
Seat 4: e9701fdb ($244.77 in chips)
Seat 2: ce196613 ($784.39 in chips)
Seat 7: a4a1532c ($186 in chips)
Seat 5: 49a16372 ($2,148.02 in chips)
Seat 6: f83f70c3 ($787.32 in chips)
Seat 3: e657e916 ($333.78 in chips)
Seat 1: Hero ($619.79 in chips)
e657e916: posts small blind $2
e9701fdb: posts big blind $4
*** HOLE CARDS ***
Dealt to e9701fdb 
Dealt to ce196613 
Dealt to a4a1532c 
Dealt to 49a16372 
Dealt to f83f70c3 
Dealt to e657e916 
Dealt to Hero [Qs Ac]
49a16372: folds
f83f70c3: folds
a4a1532c: folds
Hero: raises $8 to $12
ce196613: folds
e657e916: calls $10
e9701fdb: raises $52 to $64
Hero: calls $52
e657e916: calls $52
*** FLOP *** [3d Js 5h]
e657e916: checks
e9701fdb: bets $180.77 and is all-in
Hero: folds
e657e916: folds
Uncalled bet ($180.77) returned to e9701fdb
*** SHOWDOWN ***
e9701fdb collected $192 from pot
*** SUMMARY ***
Total pot $192
Board [3d Js 5h]
Seat 4: e9701fdb(big blind)won ($192) with Ace-High
Seat 2: ce196613 folded before Flop (didn't bet)
Seat 7: a4a1532c folded before Flop (didn't bet)
Seat 5: 49a16372 folded before Flop (didn't bet)
Seat 6: f83f70c3 folded before Flop (didn't bet)
Seat 3: e657e916(small blind) folded on the Flop
Seat 1: Hero folded on the Flop



Poker Hand #ring_947161805: NLH No Limit ($2/$4) - 2025/06/20 21:31:14
Table 'MR NLH 2/4' 7-max Seat #1 is the button
Seat 4: e9701fdb ($244.77 in chips)
Seat 2: ce196613 ($786.39 in chips)
Seat 7: a4a1532c ($186 in chips)
Seat 5: 49a16372 ($2,148.02 in chips)
Seat 6: f83f70c3 ($787.32 in chips)
Seat 3: e657e916 ($331.78 in chips)
Seat 1: Hero ($619.79 in chips)
ce196613: posts small blind $2
e657e916: posts big blind $4
*** HOLE CARDS ***
Dealt to e9701fdb 
Dealt to ce196613 
Dealt to a4a1532c 
Dealt to 49a16372 
Dealt to f83f70c3 
Dealt to e657e916 
Dealt to Hero [Th 5c]
e9701fdb: folds
49a16372: folds
f83f70c3: folds
a4a1532c: folds
Hero: folds
ce196613: folds
*** SHOWDOWN ***
e657e916 collected $6 from pot
*** SUMMARY ***
Total pot $6
Seat 4: e9701fdb folded before Flop (didn't bet)
Seat 2: ce196613(small blind) folded before Flop
Seat 7: a4a1532c folded before Flop (didn't bet)
Seat 5: 49a16372 folded before Flop (didn't bet)
Seat 6: f83f70c3 folded before Flop (didn't bet)
Seat 3: e657e916(big blind)won ($6)
Seat 1: Hero folded before Flop (didn't bet)



Poker Hand #ring_947160244: NLH No Limit ($2/$4) - 2025/06/20 21:30:13
Table 'MR NLH 2/4' 7-max Seat #7 is the button
Seat 4: e9701fdb ($244.77 in chips)
Seat 2: ce196613 ($790.39 in chips)
Seat 7: a4a1532c ($186 in chips)
Seat 5: 49a16372 ($2,148.02 in chips)
Seat 6: f83f70c3 ($764.48 in chips)
Seat 3: e657e916 ($331.78 in chips)
Seat 1: Hero ($641.79 in chips)
Hero: posts small blind $2
ce196613: posts big blind $4
*** HOLE CARDS ***
Dealt to e9701fdb 
Dealt to ce196613 
Dealt to a4a1532c 
Dealt to 49a16372 
Dealt to f83f70c3 
Dealt to e657e916 
Dealt to Hero [Kh Td]
e657e916: folds
e9701fdb: folds
49a16372: folds
f83f70c3: raises $6 to $10
a4a1532c: folds
Hero: calls $8
ce196613: folds
*** FLOP *** [2c 3s Ks]
Hero: checks
f83f70c3: bets $12
Hero: calls $12
*** TURN *** [2c 3s Ks] [4c]
Hero: checks
f83f70c3: bets $72
Hero: folds
Uncalled bet ($72) returned to f83f70c3
*** SHOWDOWN ***
f83f70c3 collected $48 from pot
*** SUMMARY ***
Total pot $48
Board [2c 3s Ks 4c]
Seat 4: e9701fdb folded before Flop (didn't bet)
Seat 2: ce196613(big blind) folded before Flop
Seat 7: a4a1532c folded before Flop (didn't bet)
Seat 5: 49a16372 folded before Flop (didn't bet)
Seat 6: f83f70c3won ($48) with Pair of Kings
Seat 3: e657e916 folded before Flop (didn't bet)
Seat 1: Hero(small blind) folded on the Turn



Poker Hand #ring_947158458: NLH No Limit ($2/$4) - 2025/06/20 21:29:03
Table 'MR NLH 2/4' 7-max Seat #6 is the button
Seat 4: e9701fdb ($244.77 in chips)
Seat 2: ce196613 ($790.39 in chips)
Seat 7: a4a1532c ($188 in chips)
Seat 5: 49a16372 ($2,114.44 in chips)
Seat 6: f83f70c3 ($764.48 in chips)
Seat 3: e657e916 ($339.78 in chips)
Seat 1: Hero ($669.29 in chips)
a4a1532c: posts small blind $2
Hero: posts big blind $4
*** HOLE CARDS ***
Dealt to e9701fdb 
Dealt to ce196613 
Dealt to a4a1532c 
Dealt to 49a16372 
Dealt to f83f70c3 
Dealt to e657e916 
Dealt to Hero [As 9c]
ce196613: folds
e657e916: calls $4
e9701fdb: folds
49a16372: raises $4 to $8
f83f70c3: folds
a4a1532c: folds
Hero: calls $4
e657e916: calls $4
*** FLOP *** [Jh Qs Ks]
Hero: checks
e657e916: checks
49a16372: bets $19.5
Hero: calls $19.5
e657e916: folds
*** TURN *** [Jh Qs Ks] [6d]
Hero: checks
49a16372: bets $88
Hero: folds
Uncalled bet ($88) returned to 49a16372
*** SHOWDOWN ***
49a16372 collected $65 from pot
*** SUMMARY ***
Total pot $65
Board [Jh Qs Ks 6d]
Seat 4: e9701fdb folded before Flop (didn't bet)
Seat 2: ce196613 folded before Flop (didn't bet)
Seat 7: a4a1532c(small blind) folded before Flop
Seat 5: 49a16372won ($65) with Aces-High Straight
Seat 6: f83f70c3 folded before Flop (didn't bet)
Seat 3: e657e916 folded on the Flop
Seat 1: Hero(big blind) folded on the Turn



Poker Hand #ring_947157660: NLH No Limit ($2/$4) - 2025/06/20 21:28:31
Table 'MR NLH 2/4' 7-max Seat #5 is the button
Seat 4: e9701fdb ($224.48 in chips)
Seat 2: ce196613 ($790.39 in chips)
Seat 7: a4a1532c ($192 in chips)
Seat 5: 49a16372 ($2,114.44 in chips)
Seat 6: f83f70c3 ($766.48 in chips)
Seat 3: e657e916 ($355.78 in chips)
Seat 1: Hero ($669.29 in chips)
f83f70c3: posts small blind $2
a4a1532c: posts big blind $4
*** HOLE CARDS ***
Dealt to e9701fdb 
Dealt to ce196613 
Dealt to a4a1532c 
Dealt to 49a16372 
Dealt to f83f70c3 
Dealt to e657e916 
Dealt to Hero [2c Qs]
Hero: folds
ce196613: folds
e657e916: calls $4
e9701fdb: raises $12 to $16
49a16372: folds
f83f70c3: folds
a4a1532c: folds
e657e916: calls $12
*** FLOP *** [4d 3c Kd]
e657e916: checks
e9701fdb: bets $28.5
e657e916: folds
Uncalled bet ($28.5) returned to e9701fdb
*** SHOWDOWN ***
e9701fdb collected $38 from pot
*** SUMMARY ***
Total pot $38
Board [4d 3c Kd]
Seat 4: e9701fdbwon ($38) with Ace-High
Seat 2: ce196613 folded before Flop (didn't bet)
Seat 7: a4a1532c(big blind) folded before Flop
Seat 5: 49a16372 folded before Flop (didn't bet)
Seat 6: f83f70c3(small blind) folded before Flop
Seat 3: e657e916 folded on the Flop
Seat 1: Hero folded before Flop (didn't bet)



Poker Hand #ring_947156645: NLH No Limit ($2/$4) - 2025/06/20 21:27:52
Table 'MR NLH 2/4' 7-max Seat #4 is the button
Seat 4: e9701fdb ($224.48 in chips)
Seat 2: ce196613 ($761.09 in chips)
Seat 7: a4a1532c ($192 in chips)
Seat 5: 49a16372 ($2,116.44 in chips)
Seat 6: f83f70c3 ($770.48 in chips)
Seat 3: e657e916 ($382.78 in chips)
Seat 1: Hero ($669.29 in chips)
49a16372: posts small blind $2
f83f70c3: posts big blind $4
*** HOLE CARDS ***
Dealt to e9701fdb 
Dealt to ce196613 
Dealt to a4a1532c 
Dealt to 49a16372 
Dealt to f83f70c3 
Dealt to e657e916 
Dealt to Hero [Kd 6s]
a4a1532c: folds
Hero: folds
ce196613: raises $8 to $12
e657e916: calls $12
e9701fdb: folds
49a16372: folds
f83f70c3: folds
*** FLOP *** [3d Js 7d]
ce196613: bets $15
e657e916: calls $15
*** TURN *** [3d Js 7d] [3s]
ce196613: bets $45
e657e916: folds
Uncalled bet ($45) returned to ce196613
*** SHOWDOWN ***
ce196613 collected $60 from pot
*** SUMMARY ***
Total pot $60
Board [3d Js 7d 3s]
Seat 4: e9701fdb folded before Flop (didn't bet)
Seat 2: ce196613won ($60) with Pair of Treys
Seat 7: a4a1532c folded before Flop (didn't bet)
Seat 5: 49a16372(small blind) folded before Flop
Seat 6: f83f70c3(big blind) folded before Flop
Seat 3: e657e916 folded on the Turn
Seat 1: Hero folded before Flop (didn't bet)



Poker Hand #ring_947155029: NLH No Limit ($2/$4) - 2025/06/20 21:26:49
Table 'MR NLH 2/4' 7-max Seat #3 is the button
Seat 4: e9701fdb ($206.1 in chips)
Seat 2: ce196613 ($761.09 in chips)
Seat 7: a4a1532c ($192 in chips)
Seat 5: 49a16372 ($2,120.44 in chips)
Seat 6: f83f70c3 ($770.48 in chips)
Seat 3: e657e916 ($398.78 in chips)
Seat 1: Hero ($669.29 in chips)
e9701fdb: posts small blind $2
49a16372: posts big blind $4
*** HOLE CARDS ***
Dealt to e9701fdb 
Dealt to ce196613 
Dealt to a4a1532c 
Dealt to 49a16372 
Dealt to f83f70c3 
Dealt to e657e916 
Dealt to Hero [Kh 9c]
f83f70c3: folds
a4a1532c: folds
Hero: folds
ce196613: folds
e657e916: calls $4
e9701fdb: raises $12 to $16
49a16372: folds
e657e916: calls $12
*** FLOP *** [4c 7c 3c]
e9701fdb: checks
e657e916: checks
*** TURN *** [4c 7c 3c] [Js]
e9701fdb: checks
e657e916: checks
*** RIVER *** [4c 7c 3c Js] [Qs]
e9701fdb: checks
e657e916: checks
e657e916: shows [5h 8d]
e9701fdb: shows [Ah 8s]
*** SHOWDOWN ***
e9701fdb collected $36 from pot
*** SUMMARY ***
Total pot $36
Board [4c 7c 3c Js Qs]
Seat 4: e9701fdb(small blind) showed [Ah 8s] and won ($36) with Ace-High
Seat 2: ce196613 folded before Flop (didn't bet)
Seat 7: a4a1532c folded before Flop (didn't bet)
Seat 5: 49a16372(big blind) folded before Flop
Seat 6: f83f70c3 folded before Flop (didn't bet)
Seat 3: e657e916 showed [5h 8d] and lost with Queen-High
Seat 1: Hero folded before Flop (didn't bet)



Poker Hand #ring_947153770: NLH No Limit ($2/$4) - 2025/06/20 21:25:58
Table 'MR NLH 2/4' 7-max Seat #2 is the button
Seat 4: e9701fdb ($198.64 in chips)
Seat 2: ce196613 ($761.09 in chips)
Seat 7: a4a1532c ($196 in chips)
Seat 5: 49a16372 ($2,120.44 in chips)
Seat 6: f83f70c3 ($770.48 in chips)
Seat 3: e657e916 ($402.78 in chips)
Seat 1: Hero ($669.29 in chips)
e657e916: posts small blind $2
e9701fdb: posts big blind $4
*** HOLE CARDS ***
Dealt to e9701fdb 
Dealt to ce196613 
Dealt to a4a1532c 
Dealt to 49a16372 
Dealt to f83f70c3 
Dealt to e657e916 
Dealt to Hero [Th 7s]
49a16372: folds
f83f70c3: folds
a4a1532c: calls $4
Hero: folds
ce196613: folds
e657e916: calls $2
e9701fdb: checks
*** FLOP *** [Kc 2c Jh]
e657e916: checks
e9701fdb: checks
a4a1532c: checks
*** TURN *** [Kc 2c Jh] [2s]
e657e916: checks
e9701fdb: checks
a4a1532c: checks
*** RIVER *** [Kc 2c Jh 2s] [Ks]
e657e916: checks
e9701fdb: bets $9
a4a1532c: folds
e657e916: folds
Uncalled bet ($9) returned to e9701fdb
*** SHOWDOWN ***
e9701fdb collected $12 from pot
*** SUMMARY ***
Total pot $12
Board [Kc 2c Jh 2s Ks]
Seat 4: e9701fdb(big blind)won ($12) with Kings Full over Twos
Seat 2: ce196613 folded before Flop (didn't bet)
Seat 7: a4a1532c folded on the River
Seat 5: 49a16372 folded before Flop (didn't bet)
Seat 6: f83f70c3 folded before Flop (didn't bet)
Seat 3: e657e916(small blind) folded on the River
Seat 1: Hero folded before Flop (didn't bet)



Poker Hand #ring_947152724: NLH No Limit ($2/$4) - 2025/06/20 21:25:18
Table 'MR NLH 2/4' 7-max Seat #1 is the button
Seat 4: e9701fdb ($198.64 in chips)
Seat 2: ce196613 ($763.09 in chips)
Seat 7: a4a1532c ($200 in chips)
Seat 5: 49a16372 ($2,124.44 in chips)
Seat 6: f83f70c3 ($736.45 in chips)
Seat 3: e657e916 ($430.78 in chips)
Seat 1: Hero ($669.29 in chips)
ce196613: posts small blind $2
e657e916: posts big blind $4
a4a1532c: posts big blind $4
*** HOLE CARDS ***
Dealt to e9701fdb 
Dealt to ce196613 
Dealt to a4a1532c 
Dealt to 49a16372 
Dealt to f83f70c3 
Dealt to e657e916 
Dealt to Hero [Js 6h]
e9701fdb: folds
49a16372: calls $4
f83f70c3: raises $24 to $28
a4a1532c: folds
Hero: folds
ce196613: folds
e657e916: calls $24
49a16372: folds
*** FLOP *** [9c 2s 5h]
e657e916: checks
f83f70c3: bets $33
e657e916: folds
Uncalled bet ($33) returned to f83f70c3
*** SHOWDOWN ***
f83f70c3 collected $66 from pot
*** SUMMARY ***
Total pot $66
Board [9c 2s 5h]
Seat 4: e9701fdb folded before Flop (didn't bet)
Seat 2: ce196613(small blind) folded before Flop
Seat 7: a4a1532c folded before Flop
Seat 5: 49a16372 folded before Flop
Seat 6: f83f70c3won ($66) with Pair of Nines
Seat 3: e657e916(big blind) folded on the Flop
Seat 1: Hero folded before Flop (didn't bet)



Poker Hand #ring_947152059: NLH No Limit ($2/$4) - 2025/06/20 21:24:52
Table 'MR NLH 2/4' 7-max Seat #6 is the button
Seat 4: e9701fdb ($198.64 in chips)
Seat 2: ce196613 ($767.09 in chips)
Seat 5: 49a16372 ($2,124.44 in chips)
Seat 6: f83f70c3 ($736.45 in chips)
Seat 3: e657e916 ($430.78 in chips)
Seat 1: Hero ($665.29 in chips)
Hero: posts small blind $2
ce196613: posts big blind $4
*** HOLE CARDS ***
Dealt to e9701fdb 
Dealt to ce196613 
Dealt to 49a16372 
Dealt to f83f70c3 
Dealt to e657e916 
Dealt to Hero [9d Tc]
e657e916: folds
e9701fdb: folds
49a16372: folds
f83f70c3: folds
Hero: raises $6 to $10
ce196613: folds
Uncalled bet ($6) returned to Hero
*** SHOWDOWN ***
Hero collected $8 from pot
*** SUMMARY ***
Total pot $8
Seat 4: e9701fdb folded before Flop (didn't bet)
Seat 2: ce196613(big blind) folded before Flop
Seat 5: 49a16372 folded before Flop (didn't bet)
Seat 6: f83f70c3 folded before Flop (didn't bet)
Seat 3: e657e916 folded before Flop (didn't bet)
Seat 1: Hero(small blind)won ($8)



Poker Hand #ring_947150844: NLH No Limit ($2/$4) - 2025/06/20 21:24:03
Table 'MR NLH 2/4' 7-max Seat #5 is the button
Seat 4: e9701fdb ($198.64 in chips)
Seat 2: ce196613 ($767.09 in chips)
Seat 5: 49a16372 ($2,124.44 in chips)
Seat 6: f83f70c3 ($738.45 in chips)
Seat 3: e657e916 ($416.13 in chips)
Seat 1: Hero ($679.29 in chips)
f83f70c3: posts small blind $2
Hero: posts big blind $4
*** HOLE CARDS ***
Dealt to e9701fdb 
Dealt to ce196613 
Dealt to 49a16372 
Dealt to f83f70c3 
Dealt to e657e916 
Dealt to Hero [2s Th]
ce196613: folds
e657e916: calls $4
e9701fdb: folds
49a16372: folds
f83f70c3: folds
Hero: checks
*** FLOP *** [3h 7h 8c]
Hero: checks
e657e916: checks
*** TURN *** [3h 7h 8c] [2d]
Hero: checks
e657e916: checks
*** RIVER *** [3h 7h 8c 2d] [5h]
Hero: checks
e657e916: bets $10
Hero: calls $10
Hero: shows [2s Th]
e657e916: shows [Qh 4h]
*** SHOWDOWN ***
e657e916 collected $30 from pot
*** SUMMARY ***
Total pot $30
Board [3h 7h 8c 2d 5h]
Seat 4: e9701fdb folded before Flop (didn't bet)
Seat 2: ce196613 folded before Flop (didn't bet)
Seat 5: 49a16372 folded before Flop (didn't bet)
Seat 6: f83f70c3(small blind) folded before Flop
Seat 3: e657e916 showed [Qh 4h] and won ($30) with Queen High Flush
Seat 1: Hero(big blind) showed [2s Th] and lost with Pair of Twos



Poker Hand #ring_947149394: NLH No Limit ($2/$4) - 2025/06/20 21:23:06
Table 'MR NLH 2/4' 7-max Seat #4 is the button
Seat 4: e9701fdb ($198.64 in chips)
Seat 2: ce196613 ($767.09 in chips)
Seat 5: 49a16372 ($2,018.79 in chips)
Seat 6: f83f70c3 ($742.45 in chips)
Seat 3: e657e916 ($529.13 in chips)
Seat 1: Hero ($679.29 in chips)
49a16372: posts small blind $2
f83f70c3: posts big blind $4
*** HOLE CARDS ***
Dealt to e9701fdb 
Dealt to ce196613 
Dealt to 49a16372 
Dealt to f83f70c3 
Dealt to e657e916 
Dealt to Hero [8d 2s]
Hero: folds
ce196613: folds
e657e916: raises $8 to $12
e9701fdb: folds
49a16372: raises $32 to $44
f83f70c3: folds
e657e916: calls $32
*** FLOP *** [8h Jh Ts]
49a16372: bets $69
e657e916: calls $69
*** TURN *** [8h Jh Ts] [Ad]
49a16372: checks
e657e916: checks
*** RIVER *** [8h Jh Ts Ad] [2c]
49a16372: checks
e657e916: checks
e657e916: shows [Qh Th]
49a16372: shows [Jd Kh]
*** SHOWDOWN ***
49a16372 collected $230 from pot
*** SUMMARY ***
Total pot $230
Board [8h Jh Ts Ad 2c]
Seat 4: e9701fdb folded before Flop (didn't bet)
Seat 2: ce196613 folded before Flop (didn't bet)
Seat 5: 49a16372(small blind) showed [Jd Kh] and won ($230) with Pair of Jacks
Seat 6: f83f70c3(big blind) folded before Flop
Seat 3: e657e916 showed [Qh Th] and lost with Pair of Tens
Seat 1: Hero folded before Flop (didn't bet)



Poker Hand #ring_947148188: NLH No Limit ($2/$4) - 2025/06/20 21:22:18
Table 'MR NLH 2/4' 7-max Seat #3 is the button
Seat 4: e9701fdb ($187.72 in chips)
Seat 2: ce196613 ($767.09 in chips)
Seat 5: 49a16372 ($2,030.79 in chips)
Seat 6: f83f70c3 ($742.45 in chips)
Seat 3: e657e916 ($529.13 in chips)
Seat 1: Hero ($679.29 in chips)
e9701fdb: posts small blind $2
49a16372: posts big blind $4
*** HOLE CARDS ***
Dealt to e9701fdb 
Dealt to ce196613 
Dealt to 49a16372 
Dealt to f83f70c3 
Dealt to e657e916 
Dealt to Hero [Jh 9d]
f83f70c3: folds
Hero: folds
ce196613: folds
e657e916: folds
e9701fdb: raises $8 to $12
49a16372: calls $8
*** FLOP *** [5h Jc Ad]
e9701fdb: bets $7.92
49a16372: folds
Uncalled bet ($7.92) returned to e9701fdb
*** SHOWDOWN ***
e9701fdb collected $24 from pot
*** SUMMARY ***
Total pot $24
Board [5h Jc Ad]
Seat 4: e9701fdb(small blind)won ($24) with Ace-High
Seat 2: ce196613 folded before Flop (didn't bet)
Seat 5: 49a16372(big blind) folded on the Flop
Seat 6: f83f70c3 folded before Flop (didn't bet)
Seat 3: e657e916 folded before Flop (didn't bet)
Seat 1: Hero folded before Flop (didn't bet)



Poker Hand #ring_947146688: NLH No Limit ($2/$4) - 2025/06/20 21:21:16
Table 'MR NLH 2/4' 7-max Seat #2 is the button
Seat 4: e9701fdb ($191.72 in chips)
Seat 2: ce196613 ($767.09 in chips)
Seat 6: f83f70c3 ($742.45 in chips)
Seat 3: e657e916 ($531.13 in chips)
Seat 1: Hero ($394 in chips)
Seat 7: ca46bb76 ($308.3 in chips)
e657e916: posts small blind $2
e9701fdb: posts big blind $4
*** HOLE CARDS ***
Dealt to e9701fdb 
Dealt to ce196613 
Dealt to f83f70c3 
Dealt to e657e916 
Dealt to Hero [Tc Jc]
Dealt to ca46bb76 
f83f70c3: folds
ca46bb76: raises $10 to $14
Hero: calls $14
ce196613: folds
e657e916: folds
e9701fdb: folds
*** FIRST FLOP *** [9h 5c Qh]
ca46bb76: checks
Hero: bets $27.2
ca46bb76: raises $66.3 to $93.5
Hero: calls $66.3
*** FIRST TURN *** [9h 5c Qh] [4c]
ca46bb76: bets $200.8 and is all-in
Hero: calls $200.8
Hero: shows [Tc Jc]
ca46bb76: shows [Qd Ac]
*** FIRST RIVER *** [9h 5c Qh 4c] [Ks]
*** SECOND RIVER *** [9h 5c Qh 4c] [7c]
*** FIRST SHOWDOWN ***
Hero collected $311.81 from pot
*** SECOND SHOWDOWN ***
Hero collected $310.79 from pot
*** SUMMARY ***
Total pot $622.6
Hand was run two timesFIRST Board [9h 5c Qh 4c Ks]
SECOND Board [7c]
Seat 4: e9701fdb(big blind) folded before Flop
Seat 2: ce196613 folded before Flop (didn't bet)
Seat 6: f83f70c3 folded before Flop (didn't bet)
Seat 3: e657e916(small blind) folded before Flop
Seat 1: Hero showed [Tc Jc] and won ($622.6) with Kings-High Straight / Jack High Flush
Seat 7: ca46bb76 showed [Qd Ac] and lost with Pair of Queens / Pair of Queens



Poker Hand #ring_947146199: NLH No Limit ($2/$4) - 2025/06/20 21:20:56
Table 'MR NLH 2/4' 7-max Seat #1 is the button
Seat 4: e9701fdb ($191.72 in chips)
Seat 2: ce196613 ($763.09 in chips)
Seat 6: f83f70c3 ($742.45 in chips)
Seat 3: e657e916 ($535.13 in chips)
Seat 1: Hero ($394 in chips)
Seat 7: ca46bb76 ($308.3 in chips)
ce196613: posts small blind $2
e657e916: posts big blind $4
*** HOLE CARDS ***
Dealt to e9701fdb 
Dealt to ce196613 
Dealt to f83f70c3 
Dealt to e657e916 
Dealt to Hero [Jh 4c]
Dealt to ca46bb76 
e9701fdb: folds
f83f70c3: folds
ca46bb76: folds
Hero: folds
ce196613: raises $8 to $12
e657e916: folds
Uncalled bet ($8) returned to ce196613
*** SHOWDOWN ***
ce196613 collected $8 from pot
*** SUMMARY ***
Total pot $8
Seat 4: e9701fdb folded before Flop (didn't bet)
Seat 2: ce196613(small blind)won ($8)
Seat 6: f83f70c3 folded before Flop (didn't bet)
Seat 3: e657e916(big blind) folded before Flop
Seat 1: Hero folded before Flop (didn't bet)
Seat 7: ca46bb76 folded before Flop (didn't bet)



Poker Hand #ring_947145655: NLH No Limit ($2/$4) - 2025/06/20 21:20:34
Table 'MR NLH 2/4' 7-max Seat #7 is the button
Seat 4: e9701fdb ($191.72 in chips)
Seat 2: ce196613 ($767.09 in chips)
Seat 6: f83f70c3 ($742.45 in chips)
Seat 3: e657e916 ($529.13 in chips)
Seat 1: Hero ($396 in chips)
Seat 7: ca46bb76 ($308.3 in chips)
Hero: posts small blind $2
ce196613: posts big blind $4
*** HOLE CARDS ***
Dealt to e9701fdb 
Dealt to ce196613 
Dealt to f83f70c3 
Dealt to e657e916 
Dealt to Hero [Jc 8d]
Dealt to ca46bb76 
e657e916: raises $12 to $16
e9701fdb: folds
f83f70c3: folds
ca46bb76: folds
Hero: folds
ce196613: folds
Uncalled bet ($12) returned to e657e916
*** SHOWDOWN ***
e657e916 collected $10 from pot
*** SUMMARY ***
Total pot $10
Seat 4: e9701fdb folded before Flop (didn't bet)
Seat 2: ce196613(big blind) folded before Flop
Seat 6: f83f70c3 folded before Flop (didn't bet)
Seat 3: e657e916won ($10)
Seat 1: Hero(small blind) folded before Flop
Seat 7: ca46bb76 folded before Flop (didn't bet)



Poker Hand #ring_947144447: NLH No Limit ($2/$4) - 2025/06/20 21:19:44
Table 'MR NLH 2/4' 7-max Seat #6 is the button
Seat 4: e9701fdb ($191.72 in chips)
Seat 2: ce196613 ($788.99 in chips)
Seat 5: 59036611 ($834.94 in chips)
Seat 6: f83f70c3 ($742.45 in chips)
Seat 3: e657e916 ($504.47 in chips)
Seat 1: Hero ($400 in chips)
Seat 7: ca46bb76 ($310.3 in chips)
ca46bb76: posts small blind $2
Hero: posts big blind $4
*** HOLE CARDS ***
Dealt to e9701fdb 
Dealt to ce196613 
Dealt to 59036611 
Dealt to f83f70c3 
Dealt to e657e916 
Dealt to Hero [4s Tc]
Dealt to ca46bb76 
ce196613: raises $8 to $12
e657e916: calls $12
e9701fdb: folds
59036611: folds
f83f70c3: folds
ca46bb76: folds
Hero: folds
*** FLOP *** [4c 5d Qh]
ce196613: bets $9.9
e657e916: calls $9.9
*** TURN *** [4c 5d Qh] [5c]
ce196613: checks
e657e916: checks
*** RIVER *** [4c 5d Qh 5c] [3s]
ce196613: checks
e657e916: bets $49.8
ce196613: folds
Uncalled bet ($49.8) returned to e657e916
*** SHOWDOWN ***
e657e916 collected $49.8 from pot
*** SUMMARY ***
Total pot $49.8
Board [4c 5d Qh 5c 3s]
Seat 4: e9701fdb folded before Flop (didn't bet)
Seat 2: ce196613 folded on the River
Seat 5: 59036611 folded before Flop (didn't bet)
Seat 6: f83f70c3 folded before Flop (didn't bet)
Seat 3: e657e916won ($49.8) with Sevens-High Straight
Seat 1: Hero(big blind) folded before Flop
Seat 7: ca46bb76(small blind) folded before Flop



