Poker Hand #ring_939745165: NLH No Limit ($2/$4) - 2025/06/16 21:42:12
Table 'MR NLH 2/4' 7-max Seat #5 is the button
Seat 6: b7e0d785 ($729 in chips)
Seat 7: 43ccafee ($338.61 in chips)
Seat 3: 57cfac24 ($1,098.16 in chips)
Seat 2: Hero ($1,384.53 in chips)
Seat 5: 39cdc475 ($884.56 in chips)
b7e0d785: posts small blind $2
43ccafee: posts big blind $4
*** HOLE CARDS ***
Dealt to b7e0d785 
Dealt to 43ccafee 
Dealt to 57cfac24 
Dealt to Hero [Jh 4h]
Dealt to 39cdc475 
Hero: folds
57cfac24: folds
39cdc475: raises $6 to $10
b7e0d785: folds
43ccafee: calls $6
*** FLOP *** [3c Ks 9h]
43ccafee: checks
39cdc475: bets $7.26
43ccafee: calls $7.26
*** TURN *** [3c Ks 9h] [Ah]
43ccafee: checks
39cdc475: bets $27.39
43ccafee: calls $27.39
*** RIVER *** [3c Ks 9h Ah] [8h]
43ccafee: checks
39cdc475: checks
39cdc475: shows [Qd 5d]
43ccafee: shows [Kh 7c]
*** SHOWDOWN ***
43ccafee collected $91.3 from pot
*** SUMMARY ***
Total pot $91.3
Board [3c Ks 9h Ah 8h]
Seat 6: b7e0d785(small blind) folded before Flop
Seat 7: 43ccafee(big blind) showed [Kh 7c] and won ($91.3) with Pair of Kings
Seat 3: 57cfac24 folded before Flop (didn't bet)
Seat 2: Hero folded before Flop (didn't bet)
Seat 5: 39cdc475 showed [Qd 5d] and lost with Ace-High



Poker Hand #ring_939744485: NLH No Limit ($2/$4) - 2025/06/16 21:41:49
Table 'MR NLH 2/4' 7-max Seat #3 is the button
Seat 6: b7e0d785 ($733 in chips)
Seat 7: 43ccafee ($338.61 in chips)
Seat 3: 57cfac24 ($1,098.16 in chips)
Seat 2: Hero ($1,378.53 in chips)
Seat 5: 39cdc475 ($886.56 in chips)
39cdc475: posts small blind $2
b7e0d785: posts big blind $4
*** HOLE CARDS ***
Dealt to b7e0d785 
Dealt to 43ccafee 
Dealt to 57cfac24 
Dealt to Hero [4c 4d]
Dealt to 39cdc475 
43ccafee: folds
Hero: raises $8 to $12
57cfac24: folds
39cdc475: folds
b7e0d785: folds
Uncalled bet ($8) returned to Hero
*** SHOWDOWN ***
Hero collected $10 from pot
*** SUMMARY ***
Total pot $10
Seat 6: b7e0d785(big blind) folded before Flop
Seat 7: 43ccafee folded before Flop (didn't bet)
Seat 3: 57cfac24 folded before Flop (didn't bet)
Seat 2: Herowon ($10)
Seat 5: 39cdc475(small blind) folded before Flop



Poker Hand #ring_939742917: NLH No Limit ($2/$4) - 2025/06/16 21:40:56
Table 'MR NLH 2/4' 7-max Seat #2 is the button
Seat 6: b7e0d785 ($733 in chips)
Seat 7: 43ccafee ($419.93 in chips)
Seat 3: 57cfac24 ($1,100.16 in chips)
Seat 2: Hero ($1,386.53 in chips)
Seat 5: 39cdc475 ($804 in chips)
57cfac24: posts small blind $2
39cdc475: posts big blind $4
*** HOLE CARDS ***
Dealt to b7e0d785 
Dealt to 43ccafee 
Dealt to 57cfac24 
Dealt to Hero [9c Ad]
Dealt to 39cdc475 
b7e0d785: folds
43ccafee: raises $4 to $8
Hero: calls $8
57cfac24: folds
39cdc475: calls $4
*** FLOP *** [Ts 3s 8s]
39cdc475: checks
43ccafee: bets $8.58
Hero: folds
39cdc475: calls $8.58
*** TURN *** [Ts 3s 8s] [5c]
39cdc475: checks
43ccafee: bets $21.58
39cdc475: calls $21.58
*** RIVER *** [Ts 3s 8s 5c] [Kh]
39cdc475: checks
43ccafee: bets $43.16
39cdc475: calls $43.16
39cdc475: shows [Kc Td]
43ccafee: shows [2c 4c]
*** SHOWDOWN ***
39cdc475 collected $172.64 from pot
*** SUMMARY ***
Total pot $172.64
Board [Ts 3s 8s 5c Kh]
Seat 6: b7e0d785 folded before Flop (didn't bet)
Seat 7: 43ccafee showed [2c 4c] and lost with King-High
Seat 3: 57cfac24(small blind) folded before Flop
Seat 2: Hero folded on the Flop
Seat 5: 39cdc475(big blind) showed [Kc Td] and won ($172.64) with Pair of Kings and Pair of Tens



Poker Hand #ring_939740934: NLH No Limit ($2/$4) - 2025/06/16 21:39:49
Table 'MR NLH 2/4' 7-max Seat #7 is the button
Seat 6: b7e0d785 ($733 in chips)
Seat 7: 43ccafee ($396.27 in chips)
Seat 3: 57cfac24 ($1,125.16 in chips)
Seat 2: Hero ($1,388.53 in chips)
Seat 5: 39cdc475 ($804 in chips)
Hero: posts small blind $2
57cfac24: posts big blind $4
*** HOLE CARDS ***
Dealt to b7e0d785 
Dealt to 43ccafee 
Dealt to 57cfac24 
Dealt to Hero [4s 5d]
Dealt to 39cdc475 
39cdc475: folds
b7e0d785: folds
43ccafee: raises $8 to $12
Hero: folds
57cfac24: calls $8
*** FLOP *** [Ks 8d Js]
57cfac24: checks
43ccafee: bets $13
57cfac24: calls $13
*** TURN *** [Ks 8d Js] [5c]
57cfac24: checks
43ccafee: checks
*** RIVER *** [Ks 8d Js 5c] [Ah]
57cfac24: checks
43ccafee: bets $39
57cfac24: folds
Uncalled bet ($39) returned to 43ccafee
43ccafee: shows [7h 9h]
*** SHOWDOWN ***
43ccafee collected $52 from pot
*** SUMMARY ***
Total pot $52
Board [Ks 8d Js 5c Ah]
Seat 6: b7e0d785 folded before Flop (didn't bet)
Seat 7: 43ccafee showed [7h 9h] and won ($52) with Ace-High
Seat 3: 57cfac24(big blind) folded on the River
Seat 2: Hero(small blind) folded before Flop
Seat 5: 39cdc475 folded before Flop (didn't bet)



Poker Hand #ring_939739365: NLH No Limit ($2/$4) - 2025/06/16 21:38:58
Table 'MR NLH 2/4' 7-max Seat #6 is the button
Seat 6: b7e0d785 ($754 in chips)
Seat 7: 43ccafee ($398.27 in chips)
Seat 3: 57cfac24 ($1,125.16 in chips)
Seat 2: Hero ($1,368.51 in chips)
Seat 5: 39cdc475 ($804 in chips)
43ccafee: posts small blind $2
Hero: posts big blind $4
*** HOLE CARDS ***
Dealt to b7e0d785 
Dealt to 43ccafee 
Dealt to 57cfac24 
Dealt to Hero [Ah 5d]
Dealt to 39cdc475 
57cfac24: folds
39cdc475: folds
b7e0d785: raises $6 to $10
43ccafee: folds
Hero: calls $6
*** FLOP *** [7h 3s 4c]
Hero: checks
b7e0d785: checks
*** TURN *** [7h 3s 4c] [Jd]
Hero: checks
b7e0d785: bets $11
Hero: calls $11
*** RIVER *** [7h 3s 4c Jd] [2s]
Hero: checks
b7e0d785: checks
Hero: shows [Ah 5d]
b7e0d785: shows [Js Ks]
*** SHOWDOWN ***
Hero collected $44 from pot
*** SUMMARY ***
Total pot $44
Board [7h 3s 4c Jd 2s]
Seat 6: b7e0d785 showed [Js Ks] and lost with Pair of Jacks
Seat 7: 43ccafee(small blind) folded before Flop
Seat 3: 57cfac24 folded before Flop (didn't bet)
Seat 2: Hero(big blind) showed [Ah 5d] and won ($44) with Fives-High Straight
Seat 5: 39cdc475 folded before Flop (didn't bet)



Poker Hand #ring_939738480: NLH No Limit ($2/$4) - 2025/06/16 21:38:30
Table 'MR NLH 2/4' 7-max Seat #5 is the button
Seat 6: b7e0d785 ($756 in chips)
Seat 7: 43ccafee ($402.27 in chips)
Seat 3: 57cfac24 ($1,125.16 in chips)
Seat 2: Hero ($1,368.51 in chips)
Seat 5: 39cdc475 ($798 in chips)
b7e0d785: posts small blind $2
43ccafee: posts big blind $4
*** HOLE CARDS ***
Dealt to b7e0d785 
Dealt to 43ccafee 
Dealt to 57cfac24 
Dealt to Hero [9h 6d]
Dealt to 39cdc475 
Hero: folds
57cfac24: folds
39cdc475: raises $6 to $10
b7e0d785: folds
43ccafee: folds
Uncalled bet ($6) returned to 39cdc475
*** SHOWDOWN ***
39cdc475 collected $10 from pot
*** SUMMARY ***
Total pot $10
Seat 6: b7e0d785(small blind) folded before Flop
Seat 7: 43ccafee(big blind) folded before Flop
Seat 3: 57cfac24 folded before Flop (didn't bet)
Seat 2: Hero folded before Flop (didn't bet)
Seat 5: 39cdc475won ($10)



Poker Hand #ring_939737300: NLH No Limit ($2/$4) - 2025/06/16 21:37:52
Table 'MR NLH 2/4' 7-max Seat #3 is the button
Seat 6: b7e0d785 ($760 in chips)
Seat 7: 43ccafee ($402.27 in chips)
Seat 3: 57cfac24 ($1,119.16 in chips)
Seat 2: Hero ($1,368.51 in chips)
Seat 5: 39cdc475 ($800 in chips)
39cdc475: posts small blind $2
b7e0d785: posts big blind $4
*** HOLE CARDS ***
Dealt to b7e0d785 
Dealt to 43ccafee 
Dealt to 57cfac24 
Dealt to Hero [4c 7s]
Dealt to 39cdc475 
43ccafee: folds
Hero: folds
57cfac24: raises $6 to $10
39cdc475: folds
b7e0d785: folds
Uncalled bet ($6) returned to 57cfac24
*** SHOWDOWN ***
57cfac24 collected $10 from pot
*** SUMMARY ***
Total pot $10
Seat 6: b7e0d785(big blind) folded before Flop
Seat 7: 43ccafee folded before Flop (didn't bet)
Seat 3: 57cfac24won ($10)
Seat 2: Hero folded before Flop (didn't bet)
Seat 5: 39cdc475(small blind) folded before Flop



Poker Hand #ring_939736622: NLH No Limit ($2/$4) - 2025/06/16 21:37:29
Table 'MR NLH 2/4' 7-max Seat #2 is the button
Seat 6: b7e0d785 ($760 in chips)
Seat 7: 43ccafee ($396.27 in chips)
Seat 3: 57cfac24 ($1,121.16 in chips)
Seat 2: Hero ($1,368.51 in chips)
Seat 5: 39cdc475 ($800 in chips)
57cfac24: posts small blind $2
39cdc475: posts big blind $4
*** HOLE CARDS ***
Dealt to b7e0d785 
Dealt to 43ccafee 
Dealt to 57cfac24 
Dealt to Hero [4c Kh]
Dealt to 39cdc475 
b7e0d785: folds
43ccafee: raises $8 to $12
Hero: folds
57cfac24: folds
39cdc475: folds
Uncalled bet ($8) returned to 43ccafee
*** SHOWDOWN ***
43ccafee collected $10 from pot
*** SUMMARY ***
Total pot $10
Seat 6: b7e0d785 folded before Flop (didn't bet)
Seat 7: 43ccafeewon ($10)
Seat 3: 57cfac24(small blind) folded before Flop
Seat 2: Hero folded before Flop (didn't bet)
Seat 5: 39cdc475(big blind) folded before Flop



Poker Hand #ring_939734685: NLH No Limit ($2/$4) - 2025/06/16 21:36:25
Table 'MR NLH 2/4' 7-max Seat #7 is the button
Seat 6: b7e0d785 ($760 in chips)
Seat 7: 43ccafee ($396.27 in chips)
Seat 3: 57cfac24 ($1,068.93 in chips)
Seat 2: Hero ($1,378.51 in chips)
Seat 5: 39cdc475 ($829.66 in chips)
Hero: posts small blind $2
57cfac24: posts big blind $4
*** HOLE CARDS ***
Dealt to b7e0d785 
Dealt to 43ccafee 
Dealt to 57cfac24 
Dealt to Hero [As Jd]
Dealt to 39cdc475 
39cdc475: raises $6 to $10
b7e0d785: folds
43ccafee: folds
Hero: calls $8
57cfac24: raises $38 to $48
39cdc475: calls $38
Hero: folds
*** FLOP *** [8c 4s 7c]
57cfac24: bets $84.8
39cdc475: folds
Uncalled bet ($84.8) returned to 57cfac24
*** SHOWDOWN ***
57cfac24 collected $106 from pot
*** SUMMARY ***
Total pot $106
Board [8c 4s 7c]
Seat 6: b7e0d785 folded before Flop (didn't bet)
Seat 7: 43ccafee folded before Flop (didn't bet)
Seat 3: 57cfac24(big blind)won ($106) with Pair of Jacks
Seat 2: Hero(small blind) folded before Flop
Seat 5: 39cdc475 folded on the Flop



Poker Hand #ring_939733646: NLH No Limit ($2/$4) - 2025/06/16 21:35:50
Table 'MR NLH 2/4' 7-max Seat #6 is the button
Seat 6: b7e0d785 ($754 in chips)
Seat 7: 43ccafee ($398.27 in chips)
Seat 3: 57cfac24 ($1,068.93 in chips)
Seat 2: Hero ($1,382.51 in chips)
Seat 5: 39cdc475 ($829.66 in chips)
43ccafee: posts small blind $2
Hero: posts big blind $4
*** HOLE CARDS ***
Dealt to b7e0d785 
Dealt to 43ccafee 
Dealt to 57cfac24 
Dealt to Hero [Td 5h]
Dealt to 39cdc475 
57cfac24: folds
39cdc475: folds
b7e0d785: raises $6 to $10
43ccafee: folds
Hero: folds
Uncalled bet ($6) returned to b7e0d785
*** SHOWDOWN ***
b7e0d785 collected $10 from pot
*** SUMMARY ***
Total pot $10
Seat 6: b7e0d785won ($10)
Seat 7: 43ccafee(small blind) folded before Flop
Seat 3: 57cfac24 folded before Flop (didn't bet)
Seat 2: Hero(big blind) folded before Flop
Seat 5: 39cdc475 folded before Flop (didn't bet)



Poker Hand #ring_939732825: NLH No Limit ($2/$4) - 2025/06/16 21:35:24
Table 'MR NLH 2/4' 7-max Seat #5 is the button
Seat 6: b7e0d785 ($756 in chips)
Seat 7: 43ccafee ($402.27 in chips)
Seat 3: 57cfac24 ($1,068.93 in chips)
Seat 2: Hero ($1,382.51 in chips)
Seat 5: 39cdc475 ($823.66 in chips)
b7e0d785: posts small blind $2
43ccafee: posts big blind $4
*** HOLE CARDS ***
Dealt to b7e0d785 
Dealt to 43ccafee 
Dealt to 57cfac24 
Dealt to Hero [5d Qh]
Dealt to 39cdc475 
Hero: folds
57cfac24: folds
39cdc475: raises $6 to $10
b7e0d785: folds
43ccafee: folds
Uncalled bet ($6) returned to 39cdc475
*** SHOWDOWN ***
39cdc475 collected $10 from pot
*** SUMMARY ***
Total pot $10
Seat 6: b7e0d785(small blind) folded before Flop
Seat 7: 43ccafee(big blind) folded before Flop
Seat 3: 57cfac24 folded before Flop (didn't bet)
Seat 2: Hero folded before Flop (didn't bet)
Seat 5: 39cdc475won ($10)



Poker Hand #ring_939731844: NLH No Limit ($2/$4) - 2025/06/16 21:34:51
Table 'MR NLH 2/4' 7-max Seat #3 is the button
Seat 6: b7e0d785 ($760 in chips)
Seat 7: 43ccafee ($402.27 in chips)
Seat 3: 57cfac24 ($1,050.93 in chips)
Seat 2: Hero ($1,394.51 in chips)
Seat 5: 39cdc475 ($825.66 in chips)
39cdc475: posts small blind $2
b7e0d785: posts big blind $4
*** HOLE CARDS ***
Dealt to b7e0d785 
Dealt to 43ccafee 
Dealt to 57cfac24 
Dealt to Hero [5c 5h]
Dealt to 39cdc475 
43ccafee: folds
Hero: raises $8 to $12
57cfac24: raises $36 to $48
39cdc475: folds
b7e0d785: folds
Hero: folds
Uncalled bet ($36) returned to 57cfac24
*** SHOWDOWN ***
57cfac24 collected $30 from pot
*** SUMMARY ***
Total pot $30
Seat 6: b7e0d785(big blind) folded before Flop
Seat 7: 43ccafee folded before Flop (didn't bet)
Seat 3: 57cfac24won ($30)
Seat 2: Hero folded before Flop
Seat 5: 39cdc475(small blind) folded before Flop



Poker Hand #ring_939731301: NLH No Limit ($2/$4) - 2025/06/16 21:34:34
Table 'MR NLH 2/4' 7-max Seat #2 is the button
Seat 6: b7e0d785 ($760 in chips)
Seat 7: 43ccafee ($402.27 in chips)
Seat 3: 57cfac24 ($1,052.93 in chips)
Seat 2: Hero ($1,394.51 in chips)
Seat 5: 39cdc475 ($823.66 in chips)
57cfac24: posts small blind $2
39cdc475: posts big blind $4
*** HOLE CARDS ***
Dealt to b7e0d785 
Dealt to 43ccafee 
Dealt to 57cfac24 
Dealt to Hero [Kh 6s]
Dealt to 39cdc475 
b7e0d785: folds
43ccafee: folds
Hero: folds
57cfac24: folds
*** SHOWDOWN ***
39cdc475 collected $6 from pot
*** SUMMARY ***
Total pot $6
Seat 6: b7e0d785 folded before Flop (didn't bet)
Seat 7: 43ccafee folded before Flop (didn't bet)
Seat 3: 57cfac24(small blind) folded before Flop
Seat 2: Hero folded before Flop (didn't bet)
Seat 5: 39cdc475(big blind)won ($6)



Poker Hand #ring_939730025: NLH No Limit ($2/$4) - 2025/06/16 21:33:51
Table 'MR NLH 2/4' 7-max Seat #7 is the button
Seat 6: b7e0d785 ($760 in chips)
Seat 7: 43ccafee ($414.27 in chips)
Seat 3: 57cfac24 ($1,040.1 in chips)
Seat 2: Hero ($1,396.51 in chips)
Seat 5: 39cdc475 ($823.66 in chips)
Hero: posts small blind $2
57cfac24: posts big blind $4
*** HOLE CARDS ***
Dealt to b7e0d785 
Dealt to 43ccafee 
Dealt to 57cfac24 
Dealt to Hero [Qc 3h]
Dealt to 39cdc475 
39cdc475: folds
b7e0d785: folds
43ccafee: raises $8 to $12
Hero: folds
57cfac24: calls $8
*** FLOP *** [4h 8c 7h]
57cfac24: checks
43ccafee: checks
*** TURN *** [4h 8c 7h] [Qs]
57cfac24: bets $20.8
43ccafee: folds
Uncalled bet ($20.8) returned to 57cfac24
*** SHOWDOWN ***
57cfac24 collected $26 from pot
*** SUMMARY ***
Total pot $26
Board [4h 8c 7h Qs]
Seat 6: b7e0d785 folded before Flop (didn't bet)
Seat 7: 43ccafee folded on the Turn
Seat 3: 57cfac24(big blind)won ($26) with Queen-High
Seat 2: Hero(small blind) folded before Flop
Seat 5: 39cdc475 folded before Flop (didn't bet)



Poker Hand #ring_939727657: NLH No Limit ($2/$4) - 2025/06/16 21:32:36
Table 'MR NLH 2/4' 7-max Seat #6 is the button
Seat 6: b7e0d785 ($760 in chips)
Seat 7: 43ccafee ($416.27 in chips)
Seat 3: 57cfac24 ($1,040.1 in chips)
Seat 2: Hero ($1,410.51 in chips)
Seat 5: 39cdc475 ($809.01 in chips)
43ccafee: posts small blind $2
Hero: posts big blind $4
*** HOLE CARDS ***
Dealt to b7e0d785 
Dealt to 43ccafee 
Dealt to 57cfac24 
Dealt to Hero [9s Qc]
Dealt to 39cdc475 
57cfac24: folds
39cdc475: raises $6 to $10
b7e0d785: folds
43ccafee: folds
Hero: calls $6
*** FLOP *** [3s 2s Jc]
Hero: checks
39cdc475: bets $4
Hero: calls $4
*** TURN *** [3s 2s Jc] [2c]
Hero: checks
39cdc475: bets $45
Hero: folds
Uncalled bet ($45) returned to 39cdc475
*** SHOWDOWN ***
39cdc475 collected $30 from pot
*** SUMMARY ***
Total pot $30
Board [3s 2s Jc 2c]
Seat 6: b7e0d785 folded before Flop (didn't bet)
Seat 7: 43ccafee(small blind) folded before Flop
Seat 3: 57cfac24 folded before Flop (didn't bet)
Seat 2: Hero(big blind) folded on the Turn
Seat 5: 39cdc475won ($30) with Pair of Jacks and Pair of Twos



Poker Hand #ring_939727085: NLH No Limit ($2/$4) - 2025/06/16 21:32:17
Table 'MR NLH 2/4' 7-max Seat #5 is the button
Seat 6: b7e0d785 ($762 in chips)
Seat 7: 43ccafee ($420.27 in chips)
Seat 3: 57cfac24 ($1,040.1 in chips)
Seat 2: Hero ($1,404.51 in chips)
Seat 5: 39cdc475 ($809.01 in chips)
b7e0d785: posts small blind $2
43ccafee: posts big blind $4
*** HOLE CARDS ***
Dealt to b7e0d785 
Dealt to 43ccafee 
Dealt to 57cfac24 
Dealt to Hero [Th Tc]
Dealt to 39cdc475 
Hero: raises $8 to $12
57cfac24: folds
39cdc475: folds
b7e0d785: folds
43ccafee: folds
Uncalled bet ($8) returned to Hero
*** SHOWDOWN ***
Hero collected $10 from pot
*** SUMMARY ***
Total pot $10
Seat 6: b7e0d785(small blind) folded before Flop
Seat 7: 43ccafee(big blind) folded before Flop
Seat 3: 57cfac24 folded before Flop (didn't bet)
Seat 2: Herowon ($10)
Seat 5: 39cdc475 folded before Flop (didn't bet)



Poker Hand #ring_939726292: NLH No Limit ($2/$4) - 2025/06/16 21:31:51
Table 'MR NLH 2/4' 7-max Seat #3 is the button
Seat 6: b7e0d785 ($766 in chips)
Seat 7: 43ccafee ($414.27 in chips)
Seat 3: 57cfac24 ($1,040.1 in chips)
Seat 2: Hero ($1,404.51 in chips)
Seat 5: 39cdc475 ($811.01 in chips)
39cdc475: posts small blind $2
b7e0d785: posts big blind $4
*** HOLE CARDS ***
Dealt to b7e0d785 
Dealt to 43ccafee 
Dealt to 57cfac24 
Dealt to Hero [Kd 6d]
Dealt to 39cdc475 
43ccafee: raises $8 to $12
Hero: folds
57cfac24: folds
39cdc475: folds
b7e0d785: folds
Uncalled bet ($8) returned to 43ccafee
*** SHOWDOWN ***
43ccafee collected $10 from pot
*** SUMMARY ***
Total pot $10
Seat 6: b7e0d785(big blind) folded before Flop
Seat 7: 43ccafeewon ($10)
Seat 3: 57cfac24 folded before Flop (didn't bet)
Seat 2: Hero folded before Flop (didn't bet)
Seat 5: 39cdc475(small blind) folded before Flop



Poker Hand #ring_939725743: NLH No Limit ($2/$4) - 2025/06/16 21:31:32
Table 'MR NLH 2/4' 7-max Seat #2 is the button
Seat 6: b7e0d785 ($766 in chips)
Seat 7: 43ccafee ($414.27 in chips)
Seat 3: 57cfac24 ($1,042.1 in chips)
Seat 2: Hero ($1,404.51 in chips)
Seat 5: 39cdc475 ($809.01 in chips)
57cfac24: posts small blind $2
39cdc475: posts big blind $4
*** HOLE CARDS ***
Dealt to b7e0d785 
Dealt to 43ccafee 
Dealt to 57cfac24 
Dealt to Hero [8h 4c]
Dealt to 39cdc475 
b7e0d785: folds
43ccafee: folds
Hero: folds
57cfac24: folds
*** SHOWDOWN ***
39cdc475 collected $6 from pot
*** SUMMARY ***
Total pot $6
Seat 6: b7e0d785 folded before Flop (didn't bet)
Seat 7: 43ccafee folded before Flop (didn't bet)
Seat 3: 57cfac24(small blind) folded before Flop
Seat 2: Hero folded before Flop (didn't bet)
Seat 5: 39cdc475(big blind)won ($6)



Poker Hand #ring_939724725: NLH No Limit ($2/$4) - 2025/06/16 21:30:58
Table 'MR NLH 2/4' 7-max Seat #7 is the button
Seat 6: b7e0d785 ($766 in chips)
Seat 7: 43ccafee ($426.27 in chips)
Seat 3: 57cfac24 ($1,028.1 in chips)
Seat 2: Hero ($1,406.51 in chips)
Seat 5: 39cdc475 ($809.01 in chips)
Hero: posts small blind $2
57cfac24: posts big blind $4
*** HOLE CARDS ***
Dealt to b7e0d785 
Dealt to 43ccafee 
Dealt to 57cfac24 
Dealt to Hero [3s Jc]
Dealt to 39cdc475 
39cdc475: folds
b7e0d785: folds
43ccafee: raises $8 to $12
Hero: folds
57cfac24: raises $48 to $60
43ccafee: folds
Uncalled bet ($48) returned to 57cfac24
*** SHOWDOWN ***
57cfac24 collected $26 from pot
*** SUMMARY ***
Total pot $26
Seat 6: b7e0d785 folded before Flop (didn't bet)
Seat 7: 43ccafee folded before Flop
Seat 3: 57cfac24(big blind)won ($26)
Seat 2: Hero(small blind) folded before Flop
Seat 5: 39cdc475 folded before Flop (didn't bet)



Poker Hand #ring_939723533: NLH No Limit ($2/$4) - 2025/06/16 21:30:18
Table 'MR NLH 2/4' 7-max Seat #6 is the button
Seat 6: b7e0d785 ($766 in chips)
Seat 7: 43ccafee ($428.27 in chips)
Seat 3: 57cfac24 ($1,028.1 in chips)
Seat 2: Hero ($1,416.51 in chips)
Seat 5: 39cdc475 ($798 in chips)
43ccafee: posts small blind $2
Hero: posts big blind $4
*** HOLE CARDS ***
Dealt to b7e0d785 
Dealt to 43ccafee 
Dealt to 57cfac24 
Dealt to Hero [Kc 3c]
Dealt to 39cdc475 
57cfac24: folds
39cdc475: raises $6 to $10
b7e0d785: folds
43ccafee: folds
Hero: calls $6
*** FLOP *** [Qs 8d 6s]
Hero: checks
39cdc475: bets $7.26
Hero: folds
Uncalled bet ($7.26) returned to 39cdc475
*** SHOWDOWN ***
39cdc475 collected $22 from pot
*** SUMMARY ***
Total pot $22
Board [Qs 8d 6s]
Seat 6: b7e0d785 folded before Flop (didn't bet)
Seat 7: 43ccafee(small blind) folded before Flop
Seat 3: 57cfac24 folded before Flop (didn't bet)
Seat 2: Hero(big blind) folded on the Flop
Seat 5: 39cdc475won ($22) with Pair of Jacks



Poker Hand #ring_939722704: NLH No Limit ($2/$4) - 2025/06/16 21:29:51
Table 'MR NLH 2/4' 7-max Seat #5 is the button
Seat 6: b7e0d785 ($768 in chips)
Seat 7: 43ccafee ($432.27 in chips)
Seat 3: 57cfac24 ($1,028.1 in chips)
Seat 2: Hero ($1,410.51 in chips)
Seat 5: 39cdc475 ($798 in chips)
b7e0d785: posts small blind $2
43ccafee: posts big blind $4
*** HOLE CARDS ***
Dealt to b7e0d785 
Dealt to 43ccafee 
Dealt to 57cfac24 
Dealt to Hero [6d 6h]
Dealt to 39cdc475 
Hero: raises $8 to $12
57cfac24: folds
39cdc475: folds
b7e0d785: folds
43ccafee: folds
Uncalled bet ($8) returned to Hero
*** SHOWDOWN ***
Hero collected $10 from pot
*** SUMMARY ***
Total pot $10
Seat 6: b7e0d785(small blind) folded before Flop
Seat 7: 43ccafee(big blind) folded before Flop
Seat 3: 57cfac24 folded before Flop (didn't bet)
Seat 2: Herowon ($10)
Seat 5: 39cdc475 folded before Flop (didn't bet)



Poker Hand #ring_939721585: NLH No Limit ($2/$4) - 2025/06/16 21:29:15
Table 'MR NLH 2/4' 7-max Seat #3 is the button
Seat 6: b7e0d785 ($772 in chips)
Seat 7: 43ccafee ($432.27 in chips)
Seat 3: 57cfac24 ($1,022.1 in chips)
Seat 2: Hero ($1,410.51 in chips)
Seat 5: 39cdc475 ($800 in chips)
39cdc475: posts small blind $2
b7e0d785: posts big blind $4
*** HOLE CARDS ***
Dealt to b7e0d785 
Dealt to 43ccafee 
Dealt to 57cfac24 
Dealt to Hero [2h Jc]
Dealt to 39cdc475 
43ccafee: folds
Hero: folds
57cfac24: raises $6 to $10
39cdc475: folds
b7e0d785: folds
Uncalled bet ($6) returned to 57cfac24
*** SHOWDOWN ***
57cfac24 collected $10 from pot
*** SUMMARY ***
Total pot $10
Seat 6: b7e0d785(big blind) folded before Flop
Seat 7: 43ccafee folded before Flop (didn't bet)
Seat 3: 57cfac24won ($10)
Seat 2: Hero folded before Flop (didn't bet)
Seat 5: 39cdc475(small blind) folded before Flop



Poker Hand #ring_939720908: NLH No Limit ($2/$4) - 2025/06/16 21:28:53
Table 'MR NLH 2/4' 7-max Seat #2 is the button
Seat 6: b7e0d785 ($772 in chips)
Seat 7: 43ccafee ($432.27 in chips)
Seat 3: 57cfac24 ($1,024.1 in chips)
Seat 2: Hero ($1,410.51 in chips)
Seat 5: 39cdc475 ($798 in chips)
57cfac24: posts small blind $2
39cdc475: posts big blind $4
*** HOLE CARDS ***
Dealt to b7e0d785 
Dealt to 43ccafee 
Dealt to 57cfac24 
Dealt to Hero [3c Qc]
Dealt to 39cdc475 
b7e0d785: folds
43ccafee: folds
Hero: folds
57cfac24: folds
*** SHOWDOWN ***
39cdc475 collected $6 from pot
*** SUMMARY ***
Total pot $6
Seat 6: b7e0d785 folded before Flop (didn't bet)
Seat 7: 43ccafee folded before Flop (didn't bet)
Seat 3: 57cfac24(small blind) folded before Flop
Seat 2: Hero folded before Flop (didn't bet)
Seat 5: 39cdc475(big blind)won ($6)



Poker Hand #ring_939720211: NLH No Limit ($2/$4) - 2025/06/16 21:28:30
Table 'MR NLH 2/4' 7-max Seat #1 is the button
Seat 1: be645c56 ($1,328.86 in chips)
Seat 6: b7e0d785 ($772 in chips)
Seat 7: 43ccafee ($432.27 in chips)
Seat 3: 57cfac24 ($1,028.1 in chips)
Seat 2: Hero ($1,412.51 in chips)
Seat 5: 39cdc475 ($798 in chips)
Hero: posts small blind $2
57cfac24: posts big blind $4
*** HOLE CARDS ***
Dealt to be645c56 
Dealt to b7e0d785 
Dealt to 43ccafee 
Dealt to 57cfac24 
Dealt to Hero [8c 4s]
Dealt to 39cdc475 
39cdc475: folds
b7e0d785: folds
43ccafee: folds
be645c56: raises $6 to $10
Hero: folds
57cfac24: folds
Uncalled bet ($6) returned to be645c56
*** SHOWDOWN ***
be645c56 collected $10 from pot
*** SUMMARY ***
Total pot $10
Seat 1: be645c56won ($10)
Seat 6: b7e0d785 folded before Flop (didn't bet)
Seat 7: 43ccafee folded before Flop (didn't bet)
Seat 3: 57cfac24(big blind) folded before Flop
Seat 2: Hero(small blind) folded before Flop
Seat 5: 39cdc475 folded before Flop (didn't bet)



Poker Hand #ring_939719071: NLH No Limit ($2/$4) - 2025/06/16 21:27:52
Table 'MR NLH 2/4' 7-max Seat #7 is the button
Seat 1: be645c56 ($1,330.86 in chips)
Seat 6: b7e0d785 ($782 in chips)
Seat 7: 43ccafee ($416.27 in chips)
Seat 3: 57cfac24 ($1,028.1 in chips)
Seat 2: Hero ($1,416.51 in chips)
Seat 5: 39cdc475 ($798 in chips)
be645c56: posts small blind $2
Hero: posts big blind $4
*** HOLE CARDS ***
Dealt to be645c56 
Dealt to b7e0d785 
Dealt to 43ccafee 
Dealt to 57cfac24 
Dealt to Hero [5h Kd]
Dealt to 39cdc475 
57cfac24: folds
39cdc475: folds
b7e0d785: raises $6 to $10
43ccafee: raises $26 to $36
be645c56: folds
Hero: folds
b7e0d785: folds
Uncalled bet ($26) returned to 43ccafee
*** SHOWDOWN ***
43ccafee collected $26 from pot
*** SUMMARY ***
Total pot $26
Seat 1: be645c56(small blind) folded before Flop
Seat 6: b7e0d785 folded before Flop
Seat 7: 43ccafeewon ($26)
Seat 3: 57cfac24 folded before Flop (didn't bet)
Seat 2: Hero(big blind) folded before Flop
Seat 5: 39cdc475 folded before Flop (didn't bet)



Poker Hand #ring_939717998: NLH No Limit ($2/$4) - 2025/06/16 21:27:18
Table 'MR NLH 2/4' 7-max Seat #6 is the button
Seat 1: be645c56 ($1,334.86 in chips)
Seat 6: b7e0d785 ($782 in chips)
Seat 7: 43ccafee ($412.63 in chips)
Seat 3: 57cfac24 ($1,028.1 in chips)
Seat 2: Hero ($1,416.51 in chips)
Seat 5: 39cdc475 ($798 in chips)
43ccafee: posts small blind $2
be645c56: posts big blind $4
*** HOLE CARDS ***
Dealt to be645c56 
Dealt to b7e0d785 
Dealt to 43ccafee 
Dealt to 57cfac24 
Dealt to Hero [Td Kh]
Dealt to 39cdc475 
Hero: folds
57cfac24: folds
39cdc475: folds
b7e0d785: folds
43ccafee: calls $2
be645c56: checks
*** FLOP *** [6d 3h Ac]
43ccafee: bets $4
be645c56: folds
Uncalled bet ($4) returned to 43ccafee
*** SHOWDOWN ***
43ccafee collected $8 from pot
*** SUMMARY ***
Total pot $8
Board [6d 3h Ac]
Seat 1: be645c56(big blind) folded on the Flop
Seat 6: b7e0d785 folded before Flop (didn't bet)
Seat 7: 43ccafee(small blind)won ($8) with Ace-High
Seat 3: 57cfac24 folded before Flop (didn't bet)
Seat 2: Hero folded before Flop (didn't bet)
Seat 5: 39cdc475 folded before Flop (didn't bet)



Poker Hand #ring_939715675: NLH No Limit ($2/$4) - 2025/06/16 21:26:01
Table 'MR NLH 2/4' 7-max Seat #5 is the button
Seat 1: be645c56 ($1,365.98 in chips)
Seat 6: b7e0d785 ($784 in chips)
Seat 7: 43ccafee ($200 in chips)
Seat 3: 57cfac24 ($1,228.1 in chips)
Seat 2: Hero ($1,416.51 in chips)
Seat 5: 39cdc475 ($798 in chips)
b7e0d785: posts small blind $2
43ccafee: posts big blind $4
*** HOLE CARDS ***
Dealt to be645c56 
Dealt to b7e0d785 
Dealt to 43ccafee 
Dealt to 57cfac24 
Dealt to Hero [5h Js]
Dealt to 39cdc475 
be645c56: raises $6 to $10
Hero: folds
57cfac24: calls $10
39cdc475: folds
b7e0d785: folds
43ccafee: calls $6
*** FIRST FLOP *** [Th 6s 4d]
43ccafee: checks
be645c56: checks
57cfac24: bets $21.12
43ccafee: calls $21.12
be645c56: calls $21.12
*** FIRST TURN *** [Th 6s 4d] [Ks]
43ccafee: bets $47.68
be645c56: folds
57cfac24: raises $152.58 to $200.26
43ccafee: calls $121.2 and is all-in
Uncalled bet ($31.38) returned to 57cfac24
57cfac24: shows [Tc 9c]
43ccafee: shows [Kd 4s]
*** FIRST RIVER *** [Th 6s 4d Ks] [Jd]
*** SECOND RIVER *** [Th 6s 4d Ks] [4c]
*** FIRST SHOWDOWN ***
43ccafee collected $217.07 from pot
*** SECOND SHOWDOWN ***
43ccafee collected $216.05 from pot
*** SUMMARY ***
Total pot $433.12
Hand was run two timesFIRST Board [Th 6s 4d Ks Jd]
SECOND Board [4c]
Seat 1: be645c56 folded on the Turn
Seat 6: b7e0d785(small blind) folded before Flop
Seat 7: 43ccafee(big blind) showed [Kd 4s] and won ($433.12) with Pair of Kings and Pair of Fours / Fours Full over Kings
Seat 3: 57cfac24 showed [Tc 9c] and lost with Pair of Tens / Pair of Tens and Pair of Fours
Seat 2: Hero folded before Flop (didn't bet)
Seat 5: 39cdc475 folded before Flop (didn't bet)



Poker Hand #ring_939714907: NLH No Limit ($2/$4) - 2025/06/16 21:25:34
Table 'MR NLH 2/4' 7-max Seat #3 is the button
Seat 1: be645c56 ($1,365.98 in chips)
Seat 6: b7e0d785 ($788 in chips)
Seat 7: 43ccafee ($200 in chips)
Seat 3: 57cfac24 ($1,228.1 in chips)
Seat 2: Hero ($1,410.51 in chips)
Seat 5: 39cdc475 ($800 in chips)
39cdc475: posts small blind $2
b7e0d785: posts big blind $4
*** HOLE CARDS ***
Dealt to be645c56 
Dealt to b7e0d785 
Dealt to 43ccafee 
Dealt to 57cfac24 
Dealt to Hero [Jh Jc]
Dealt to 39cdc475 
43ccafee: folds
be645c56: folds
Hero: raises $8 to $12
57cfac24: folds
39cdc475: folds
b7e0d785: folds
Uncalled bet ($8) returned to Hero
*** SHOWDOWN ***
Hero collected $10 from pot
*** SUMMARY ***
Total pot $10
Seat 1: be645c56 folded before Flop (didn't bet)
Seat 6: b7e0d785(big blind) folded before Flop
Seat 7: 43ccafee folded before Flop (didn't bet)
Seat 3: 57cfac24 folded before Flop (didn't bet)
Seat 2: Herowon ($10)
Seat 5: 39cdc475(small blind) folded before Flop



Poker Hand #ring_939712332: NLH No Limit ($2/$4) - 2025/06/16 21:24:09
Table 'MR NLH 2/4' 7-max Seat #2 is the button
Seat 1: be645c56 ($1,410.78 in chips)
Seat 6: b7e0d785 ($788 in chips)
Seat 7: 43ccafee ($200 in chips)
Seat 3: 57cfac24 ($1,230.1 in chips)
Seat 2: Hero ($1,361.19 in chips)
Seat 5: 39cdc475 ($800 in chips)
57cfac24: posts small blind $2
39cdc475: posts big blind $4
43ccafee: posts big blind $4
*** HOLE CARDS ***
Dealt to be645c56 
Dealt to b7e0d785 
Dealt to 43ccafee 
Dealt to 57cfac24 
Dealt to Hero [Ks Qs]
Dealt to 39cdc475 
b7e0d785: folds
43ccafee: checks
be645c56: raises $21 to $25
Hero: calls $25
57cfac24: folds
39cdc475: folds
43ccafee: folds
*** FLOP *** [5h Kc 5d]
be645c56: bets $19.8
Hero: calls $19.8
*** TURN *** [5h Kc 5d] [Qc]
be645c56: checks
Hero: checks
*** RIVER *** [5h Kc 5d Qc] [8d]
be645c56: checks
Hero: bets $79.68
be645c56: folds
Uncalled bet ($79.68) returned to Hero
*** SHOWDOWN ***
Hero collected $99.6 from pot
*** SUMMARY ***
Total pot $99.6
Board [5h Kc 5d Qc 8d]
Seat 1: be645c56 folded on the River
Seat 6: b7e0d785 folded before Flop (didn't bet)
Seat 7: 43ccafee folded before Flop
Seat 3: 57cfac24(small blind) folded before Flop
Seat 2: Herowon ($99.6) with Pair of Kings and Pair of Queens
Seat 5: 39cdc475(big blind) folded before Flop



Poker Hand #ring_939710528: NLH No Limit ($2/$4) - 2025/06/16 21:23:10
Table 'MR NLH 2/4' 7-max Seat #1 is the button
Seat 1: be645c56 ($1,420.78 in chips)
Seat 6: b7e0d785 ($788 in chips)
Seat 3: 57cfac24 ($1,303.1 in chips)
Seat 2: Hero ($1,286.21 in chips)
Seat 4: e921a51f ($230.07 in chips)
Seat 5: 39cdc475 ($800 in chips)
Hero: posts small blind $2
57cfac24: posts big blind $4
*** HOLE CARDS ***
Dealt to be645c56 
Dealt to b7e0d785 
Dealt to 57cfac24 
Dealt to Hero [5s 5h]
Dealt to e921a51f 
Dealt to 39cdc475 
e921a51f: folds
39cdc475: folds
b7e0d785: folds
be645c56: raises $6 to $10
Hero: calls $8
57cfac24: calls $6
*** FLOP *** [3c Js 9d]
Hero: checks
57cfac24: checks
be645c56: checks
*** TURN *** [3c Js 9d] [5d]
Hero: bets $15
57cfac24: calls $15
be645c56: folds
*** RIVER *** [3c Js 9d 5d] [Ks]
Hero: bets $48
57cfac24: calls $48
Hero: shows [5s 5h]
57cfac24: shows [9s Ah]
*** SHOWDOWN ***
Hero collected $156 from pot
*** SUMMARY ***
Total pot $156
Board [3c Js 9d 5d Ks]
Seat 1: be645c56 folded on the Turn
Seat 6: b7e0d785 folded before Flop (didn't bet)
Seat 3: 57cfac24(big blind) showed [9s Ah] and lost with Pair of Nines
Seat 2: Hero(small blind) showed [5s 5h] and won ($156) with Three Fives
Seat 4: e921a51f folded before Flop (didn't bet)
Seat 5: 39cdc475 folded before Flop (didn't bet)



Poker Hand #ring_939709208: NLH No Limit ($2/$4) - 2025/06/16 21:22:25
Table 'MR NLH 2/4' 7-max Seat #6 is the button
Seat 1: be645c56 ($1,422.78 in chips)
Seat 6: b7e0d785 ($788 in chips)
Seat 3: 57cfac24 ($1,303.1 in chips)
Seat 2: Hero ($1,280.66 in chips)
Seat 4: e921a51f ($234.07 in chips)
Seat 5: 39cdc475 ($800 in chips)
be645c56: posts small blind $2
Hero: posts big blind $4
*** HOLE CARDS ***
Dealt to be645c56 
Dealt to b7e0d785 
Dealt to 57cfac24 
Dealt to Hero [Kc 7s]
Dealt to e921a51f 
Dealt to 39cdc475 
57cfac24: folds
e921a51f: calls $4
39cdc475: folds
b7e0d785: folds
be645c56: folds
Hero: checks
*** FLOP *** [Ks Jh 8s]
Hero: checks
e921a51f: checks
*** TURN *** [Ks Jh 8s] [4d]
Hero: checks
e921a51f: checks
*** RIVER *** [Ks Jh 8s 4d] [9d]
Hero: bets $4
e921a51f: folds
Uncalled bet ($4) returned to Hero
*** SHOWDOWN ***
Hero collected $10 from pot
*** SUMMARY ***
Total pot $10
Board [Ks Jh 8s 4d 9d]
Seat 1: be645c56(small blind) folded before Flop
Seat 6: b7e0d785 folded before Flop (didn't bet)
Seat 3: 57cfac24 folded before Flop (didn't bet)
Seat 2: Hero(big blind)won ($10) with Pair of Kings
Seat 4: e921a51f folded on the River
Seat 5: 39cdc475 folded before Flop (didn't bet)



Poker Hand #ring_939707237: NLH No Limit ($2/$4) - 2025/06/16 21:21:21
Table 'MR NLH 2/4' 7-max Seat #5 is the button
Seat 1: be645c56 ($1,426.78 in chips)
Seat 6: b7e0d785 ($790 in chips)
Seat 3: 57cfac24 ($1,120.82 in chips)
Seat 2: Hero ($1,280.66 in chips)
Seat 4: e921a51f ($234.07 in chips)
Seat 5: 39cdc475 ($852.59 in chips)
b7e0d785: posts small blind $2
be645c56: posts big blind $4
*** HOLE CARDS ***
Dealt to be645c56 
Dealt to b7e0d785 
Dealt to 57cfac24 
Dealt to Hero [6c 7s]
Dealt to e921a51f 
Dealt to 39cdc475 
Hero: folds
57cfac24: raises $6 to $10
e921a51f: folds
39cdc475: raises $22 to $32
b7e0d785: folds
be645c56: folds
57cfac24: calls $22
*** FLOP *** [Jh Qh 3s]
57cfac24: checks
39cdc475: bets $23.1
57cfac24: calls $23.1
*** TURN *** [Jh Qh 3s] [2d]
57cfac24: checks
39cdc475: bets $140
57cfac24: calls $140
*** RIVER *** [Jh Qh 3s 2d] [Qd]
57cfac24: checks
39cdc475: checks
57cfac24: shows [Kh Qc]
39cdc475: shows [Ks Ts]
*** SHOWDOWN ***
57cfac24 collected $396.2 from pot
*** SUMMARY ***
Total pot $396.2
Board [Jh Qh 3s 2d Qd]
Seat 1: be645c56(big blind) folded before Flop
Seat 6: b7e0d785(small blind) folded before Flop
Seat 3: 57cfac24 showed [Kh Qc] and won ($396.2) with Three Queens
Seat 2: Hero folded before Flop (didn't bet)
Seat 4: e921a51f folded before Flop (didn't bet)
Seat 5: 39cdc475 showed [Ks Ts] and lost with Pair of Queens



Poker Hand #ring_939706413: NLH No Limit ($2/$4) - 2025/06/16 21:20:55
Table 'MR NLH 2/4' 7-max Seat #4 is the button
Seat 1: be645c56 ($1,426.78 in chips)
Seat 6: b7e0d785 ($794 in chips)
Seat 3: 57cfac24 ($1,120.82 in chips)
Seat 2: Hero ($1,280.66 in chips)
Seat 4: e921a51f ($234.07 in chips)
Seat 5: 39cdc475 ($848.59 in chips)
39cdc475: posts small blind $2
b7e0d785: posts big blind $4
*** HOLE CARDS ***
Dealt to be645c56 
Dealt to b7e0d785 
Dealt to 57cfac24 
Dealt to Hero [6h 4d]
Dealt to e921a51f 
Dealt to 39cdc475 
be645c56: folds
Hero: folds
57cfac24: folds
e921a51f: folds
39cdc475: raises $8 to $12
b7e0d785: folds
Uncalled bet ($8) returned to 39cdc475
*** SHOWDOWN ***
39cdc475 collected $8 from pot
*** SUMMARY ***
Total pot $8
Seat 1: be645c56 folded before Flop (didn't bet)
Seat 6: b7e0d785(big blind) folded before Flop
Seat 3: 57cfac24 folded before Flop (didn't bet)
Seat 2: Hero folded before Flop (didn't bet)
Seat 4: e921a51f folded before Flop (didn't bet)
Seat 5: 39cdc475(small blind)won ($8)



Poker Hand #ring_939705386: NLH No Limit ($2/$4) - 2025/06/16 21:20:21
Table 'MR NLH 2/4' 7-max Seat #3 is the button
Seat 1: be645c56 ($1,426.78 in chips)
Seat 6: b7e0d785 ($794 in chips)
Seat 3: 57cfac24 ($1,120.82 in chips)
Seat 2: Hero ($1,280.66 in chips)
Seat 4: e921a51f ($236.07 in chips)
Seat 5: 39cdc475 ($846.59 in chips)
e921a51f: posts small blind $2
39cdc475: posts big blind $4
*** HOLE CARDS ***
Dealt to be645c56 
Dealt to b7e0d785 
Dealt to 57cfac24 
Dealt to Hero [Th Kc]
Dealt to e921a51f 
Dealt to 39cdc475 
b7e0d785: folds
be645c56: folds
Hero: folds
57cfac24: folds
e921a51f: folds
*** SHOWDOWN ***
39cdc475 collected $6 from pot
*** SUMMARY ***
Total pot $6
Seat 1: be645c56 folded before Flop (didn't bet)
Seat 6: b7e0d785 folded before Flop (didn't bet)
Seat 3: 57cfac24 folded before Flop (didn't bet)
Seat 2: Hero folded before Flop (didn't bet)
Seat 4: e921a51f(small blind) folded before Flop
Seat 5: 39cdc475(big blind)won ($6)



Poker Hand #ring_939704619: NLH No Limit ($2/$4) - 2025/06/16 21:19:56
Table 'MR NLH 2/4' 7-max Seat #2 is the button
Seat 1: be645c56 ($1,426.78 in chips)
Seat 6: b7e0d785 ($794 in chips)
Seat 3: 57cfac24 ($1,122.82 in chips)
Seat 2: Hero ($1,280.66 in chips)
Seat 4: e921a51f ($234.07 in chips)
Seat 5: 39cdc475 ($846.59 in chips)
57cfac24: posts small blind $2
e921a51f: posts big blind $4
*** HOLE CARDS ***
Dealt to be645c56 
Dealt to b7e0d785 
Dealt to 57cfac24 
Dealt to Hero [3h 9c]
Dealt to e921a51f 
Dealt to 39cdc475 
39cdc475: folds
b7e0d785: folds
be645c56: folds
Hero: folds
57cfac24: folds
*** SHOWDOWN ***
e921a51f collected $6 from pot
*** SUMMARY ***
Total pot $6
Seat 1: be645c56 folded before Flop (didn't bet)
Seat 6: b7e0d785 folded before Flop (didn't bet)
Seat 3: 57cfac24(small blind) folded before Flop
Seat 2: Hero folded before Flop (didn't bet)
Seat 4: e921a51f(big blind)won ($6)
Seat 5: 39cdc475 folded before Flop (didn't bet)



Poker Hand #ring_939703863: NLH No Limit ($2/$4) - 2025/06/16 21:19:31
Table 'MR NLH 2/4' 7-max Seat #1 is the button
Seat 1: be645c56 ($1,426.78 in chips)
Seat 6: b7e0d785 ($794 in chips)
Seat 3: 57cfac24 ($1,126.82 in chips)
Seat 2: Hero ($1,282.66 in chips)
Seat 4: e921a51f ($234.07 in chips)
Seat 5: 39cdc475 ($840.59 in chips)
Hero: posts small blind $2
57cfac24: posts big blind $4
*** HOLE CARDS ***
Dealt to be645c56 
Dealt to b7e0d785 
Dealt to 57cfac24 
Dealt to Hero [2s 9h]
Dealt to e921a51f 
Dealt to 39cdc475 
e921a51f: folds
39cdc475: raises $6 to $10
b7e0d785: folds
be645c56: folds
Hero: folds
57cfac24: folds
Uncalled bet ($6) returned to 39cdc475
*** SHOWDOWN ***
39cdc475 collected $10 from pot
*** SUMMARY ***
Total pot $10
Seat 1: be645c56 folded before Flop (didn't bet)
Seat 6: b7e0d785 folded before Flop (didn't bet)
Seat 3: 57cfac24(big blind) folded before Flop
Seat 2: Hero(small blind) folded before Flop
Seat 4: e921a51f folded before Flop (didn't bet)
Seat 5: 39cdc475won ($10)



Poker Hand #ring_939700333: NLH No Limit ($2/$4) - 2025/06/16 21:17:33
Table 'MR NLH 2/4' 7-max Seat #7 is the button
Seat 1: be645c56 ($1,440.78 in chips)
Seat 6: b7e0d785 ($794 in chips)
Seat 7: a4b7e6d4 ($473.79 in chips)
Seat 3: 57cfac24 ($1,126.82 in chips)
Seat 2: Hero ($839.14 in chips)
Seat 4: e921a51f ($234.07 in chips)
Seat 5: 39cdc475 ($840.59 in chips)
be645c56: posts small blind $2
Hero: posts big blind $4
*** HOLE CARDS ***
Dealt to be645c56 
Dealt to b7e0d785 
Dealt to a4b7e6d4 
Dealt to 57cfac24 
Dealt to Hero [Kd 2h]
Dealt to e921a51f 
Dealt to 39cdc475 
57cfac24: folds
e921a51f: folds
39cdc475: folds
b7e0d785: folds
a4b7e6d4: raises $10 to $14
be645c56: calls $12
Hero: calls $10
*** FIRST FLOP *** [Kc 5h 2c]
be645c56: checks
Hero: bets $21
a4b7e6d4: raises $42 to $63
be645c56: folds
Hero: calls $42
*** FIRST TURN *** [Kc 5h 2c] [Th]
Hero: bets $134.4
a4b7e6d4: raises $262.39 to $396.79 and is all-in
Hero: calls $262.39
Hero: shows [Kd 2h]
a4b7e6d4: shows [Qh Kh]
*** FIRST RIVER *** [Kc 5h 2c Th] [7s]
*** SECOND RIVER *** [Kc 5h 2c Th] [2d]
*** FIRST SHOWDOWN ***
Hero collected $481.3 from pot
*** SECOND SHOWDOWN ***
Hero collected $480.28 from pot
*** SUMMARY ***
Total pot $961.58
Hand was run two timesFIRST Board [Kc 5h 2c Th 7s]
SECOND Board [2d]
Seat 1: be645c56(small blind) folded on the Flop
Seat 6: b7e0d785 folded before Flop (didn't bet)
Seat 7: a4b7e6d4 showed [Qh Kh] and lost with Pair of Kings / Pair of Kings and Pair of Twos
Seat 3: 57cfac24 folded before Flop (didn't bet)
Seat 2: Hero(big blind) showed [Kd 2h] and won ($961.58) with Pair of Kings and Pair of Twos / Twos Full over Kings
Seat 4: e921a51f folded before Flop (didn't bet)
Seat 5: 39cdc475 folded before Flop (didn't bet)



