Poker Hand #ring_956017406: NLH No Limit ($1/$2) - 2025/06/25 19:54:33
Table 'MR NLH 1/2' 7-max Seat #2 is the button
Seat 2: f80a8cb9 ($39.24 in chips)
Seat 4: 2931bef3 ($435.49 in chips)
Seat 3: Hero ($255.23 in chips)
Hero: posts small blind $1
2931bef3: posts big blind $2
*** HOLE CARDS ***
Dealt to f80a8cb9 
Dealt to 2931bef3 
Dealt to Hero [8d 4c]
f80a8cb9: calls $2
Hero: folds
2931bef3: checks
*** FLOP *** [7s 9c 6s]
2931bef3: checks
f80a8cb9: bets $5
2931bef3: folds
Uncalled bet ($5) returned to f80a8cb9
*** SHOWDOWN ***
f80a8cb9 collected $5 from pot
*** SUMMARY ***
Total pot $5
Board [7s 9c 6s]
Seat 2: f80a8cb9won ($5) with Pair of Nines
Seat 4: 2931bef3(big blind) folded on the Flop
Seat 3: Hero(small blind) folded before Flop



Poker Hand #ring_956016202: NLH No Limit ($1/$2) - 2025/06/25 19:53:45
Table 'MR NLH 1/2' 7-max Seat #1 is the button
Seat 1: f7acf25a ($402.7 in chips)
Seat 2: f80a8cb9 ($54.24 in chips)
Seat 4: 2931bef3 ($435.49 in chips)
Seat 3: Hero ($236.35 in chips)
f80a8cb9: posts small blind $1
Hero: posts big blind $2
*** HOLE CARDS ***
Dealt to f7acf25a 
Dealt to f80a8cb9 
Dealt to 2931bef3 
Dealt to Hero [6s Qs]
2931bef3: folds
f7acf25a: raises $4 to $6
f80a8cb9: calls $5
Hero: calls $4
*** FLOP *** [3c 7d Th]
f80a8cb9: checks
Hero: bets $9
f7acf25a: folds
f80a8cb9: calls $9
*** TURN *** [3c 7d Th] [9s]
f80a8cb9: checks
Hero: bets $28.8
f80a8cb9: folds
Uncalled bet ($28.8) returned to Hero
*** SHOWDOWN ***
Hero collected $36 from pot
*** SUMMARY ***
Total pot $36
Board [3c 7d Th 9s]
Seat 1: f7acf25a folded on the Flop
Seat 2: f80a8cb9(small blind) folded on the Turn
Seat 4: 2931bef3 folded before Flop (didn't bet)
Seat 3: Hero(big blind)won ($36) with Queen-High



Poker Hand #ring_956014883: NLH No Limit ($1/$2) - 2025/06/25 19:52:52
Table 'MR NLH 1/2' 7-max Seat #4 is the button
Seat 1: f7acf25a ($392 in chips)
Seat 2: f80a8cb9 ($56.24 in chips)
Seat 4: 2931bef3 ($435.49 in chips)
Seat 3: Hero ($246.55 in chips)
f7acf25a: posts small blind $1
f80a8cb9: posts big blind $2
*** HOLE CARDS ***
Dealt to f7acf25a 
Dealt to f80a8cb9 
Dealt to 2931bef3 
Dealt to Hero [4s 4d]
Hero: raises $4 to $6
2931bef3: folds
f7acf25a: calls $5
f80a8cb9: folds
*** FLOP *** [5c 7h 2s]
f7acf25a: checks
Hero: bets $4.2
f7acf25a: calls $4.2
*** TURN *** [5c 7h 2s] [Js]
f7acf25a: checks
Hero: checks
*** RIVER *** [5c 7h 2s Js] [6s]
f7acf25a: bets $21
Hero: folds
Uncalled bet ($21) returned to f7acf25a
*** SHOWDOWN ***
f7acf25a collected $22.4 from pot
*** SUMMARY ***
Total pot $22.4
Board [5c 7h 2s Js 6s]
Seat 1: f7acf25a(small blind)won ($22.4) with Jack High Flush
Seat 2: f80a8cb9(big blind) folded before Flop
Seat 4: 2931bef3 folded before Flop (didn't bet)
Seat 3: Hero folded on the River



Poker Hand #ring_956014137: NLH No Limit ($1/$2) - 2025/06/25 19:52:23
Table 'MR NLH 1/2' 7-max Seat #3 is the button
Seat 1: f7acf25a ($398 in chips)
Seat 2: f80a8cb9 ($62.24 in chips)
Seat 4: 2931bef3 ($436.49 in chips)
Seat 3: Hero ($234.4 in chips)
2931bef3: posts small blind $1
f7acf25a: posts big blind $2
*** HOLE CARDS ***
Dealt to f7acf25a 
Dealt to f80a8cb9 
Dealt to 2931bef3 
Dealt to Hero [8h 8s]
f80a8cb9: calls $2
Hero: raises $4 to $6
2931bef3: folds
f7acf25a: calls $4
f80a8cb9: calls $4
*** FLOP *** [Kd 2c 3c]
f7acf25a: checks
f80a8cb9: checks
Hero: bets $9.5
f7acf25a: folds
f80a8cb9: folds
Uncalled bet ($9.5) returned to Hero
*** SHOWDOWN ***
Hero collected $19 from pot
*** SUMMARY ***
Total pot $19
Board [Kd 2c 3c]
Seat 1: f7acf25a(big blind) folded on the Flop
Seat 2: f80a8cb9 folded on the Flop
Seat 4: 2931bef3(small blind) folded before Flop
Seat 3: Herowon ($19) with Pair of Eights



Poker Hand #ring_956012635: NLH No Limit ($1/$2) - 2025/06/25 19:51:22
Table 'MR NLH 1/2' 7-max Seat #2 is the button
Seat 1: f7acf25a ($400 in chips)
Seat 2: f80a8cb9 ($64.24 in chips)
Seat 4: 2931bef3 ($431.8 in chips)
Seat 3: Hero ($235.4 in chips)
Hero: posts small blind $1
2931bef3: posts big blind $2
f7acf25a: posts big blind $2
*** HOLE CARDS ***
Dealt to f7acf25a 
Dealt to f80a8cb9 
Dealt to 2931bef3 
Dealt to Hero [2h 7s]
f7acf25a: checks
f80a8cb9: calls $2
Hero: folds
2931bef3: checks
*** FLOP *** [Ks Ad 4h]
2931bef3: checks
f7acf25a: checks
f80a8cb9: checks
*** TURN *** [Ks Ad 4h] [2c]
2931bef3: checks
f7acf25a: checks
f80a8cb9: checks
*** RIVER *** [Ks Ad 4h 2c] [Qd]
2931bef3: checks
f7acf25a: checks
f80a8cb9: checks
f7acf25a: shows [5c 7c]
f80a8cb9: shows [8s 9c]
2931bef3: shows [3d Qh]
*** SHOWDOWN ***
2931bef3 collected $7 from pot
*** SUMMARY ***
Total pot $7
Board [Ks Ad 4h 2c Qd]
Seat 1: f7acf25a showed [5c 7c] and lost with Ace-High
Seat 2: f80a8cb9 showed [8s 9c] and lost with Ace-High
Seat 4: 2931bef3(big blind) showed [3d Qh] and won ($7) with Pair of Queens
Seat 3: Hero(small blind) folded before Flop



Poker Hand #ring_956011203: NLH No Limit ($1/$2) - 2025/06/25 19:50:24
Table 'MR NLH 1/2' 7-max Seat #4 is the button
Seat 2: f80a8cb9 ($65.24 in chips)
Seat 4: 2931bef3 ($411.28 in chips)
Seat 3: Hero ($256.9 in chips)
f80a8cb9: posts small blind $1
Hero: posts big blind $2
*** HOLE CARDS ***
Dealt to f80a8cb9 
Dealt to 2931bef3 
Dealt to Hero [Tc 7s]
2931bef3: raises $3 to $5
f80a8cb9: folds
Hero: calls $3
*** FLOP *** [6d 8c Ts]
Hero: checks
2931bef3: checks
*** TURN *** [6d 8c Ts] [5s]
Hero: bets $5.5
2931bef3: calls $5.5
*** RIVER *** [6d 8c Ts 5s] [Js]
Hero: checks
2931bef3: bets $11
Hero: calls $11
Hero: shows [Tc 7s]
2931bef3: shows [8h Jh]
*** SHOWDOWN ***
2931bef3 collected $44 from pot
*** SUMMARY ***
Total pot $44
Board [6d 8c Ts 5s Js]
Seat 2: f80a8cb9(small blind) folded before Flop
Seat 4: 2931bef3 showed [8h Jh] and won ($44) with Pair of Jacks and Pair of Eights
Seat 3: Hero(big blind) showed [Tc 7s] and lost with Pair of Tens



Poker Hand #ring_956009725: NLH No Limit ($1/$2) - 2025/06/25 19:49:25
Table 'MR NLH 1/2' 7-max Seat #3 is the button
Seat 2: f80a8cb9 ($73.24 in chips)
Seat 4: 2931bef3 ($404 in chips)
Seat 3: Hero ($256.9 in chips)
2931bef3: posts small blind $1
f80a8cb9: posts big blind $2
*** HOLE CARDS ***
Dealt to f80a8cb9 
Dealt to 2931bef3 
Dealt to Hero [3s Th]
Hero: folds
2931bef3: raises $2 to $4
f80a8cb9: calls $2
*** FLOP *** [3c 7h Kd]
2931bef3: checks
f80a8cb9: checks
*** TURN *** [3c 7h Kd] [6c]
2931bef3: bets $4
f80a8cb9: calls $4
*** RIVER *** [3c 7h Kd 6c] [8c]
2931bef3: checks
f80a8cb9: checks
f80a8cb9: shows [4s 3d]
2931bef3: shows [Qh 7s]
*** SHOWDOWN ***
2931bef3 collected $16 from pot
*** SUMMARY ***
Total pot $16
Board [3c 7h Kd 6c 8c]
Seat 2: f80a8cb9(big blind) showed [4s 3d] and lost with Pair of Treys
Seat 4: 2931bef3(small blind) showed [Qh 7s] and won ($16) with Pair of Sevens
Seat 3: Hero folded before Flop (didn't bet)



Poker Hand #ring_956009128: NLH No Limit ($1/$2) - 2025/06/25 19:49:01
Table 'MR NLH 1/2' 7-max Seat #2 is the button
Seat 2: f80a8cb9 ($75.24 in chips)
Seat 4: 2931bef3 ($400 in chips)
Seat 3: Hero ($258.9 in chips)
Hero: posts small blind $1
2931bef3: posts big blind $2
*** HOLE CARDS ***
Dealt to f80a8cb9 
Dealt to 2931bef3 
Dealt to Hero [Ad 3c]
f80a8cb9: calls $2
Hero: calls $1
2931bef3: raises $11 to $13
f80a8cb9: folds
Hero: folds
Uncalled bet ($11) returned to 2931bef3
*** SHOWDOWN ***
2931bef3 collected $6 from pot
*** SUMMARY ***
Total pot $6
Seat 2: f80a8cb9 folded before Flop
Seat 4: 2931bef3(big blind)won ($6)
Seat 3: Hero(small blind) folded before Flop



Poker Hand #ring_956005875: NLH No Limit ($1/$2) - 2025/06/25 19:46:51
Table 'MR NLH 1/2' 7-max Seat #4 is the button
Seat 2: f80a8cb9 ($76.24 in chips)
Seat 4: 2931bef3 ($443.68 in chips)
Seat 3: Hero ($204.52 in chips)
f80a8cb9: posts small blind $1
Hero: posts big blind $2
*** HOLE CARDS ***
Dealt to f80a8cb9 
Dealt to 2931bef3 
Dealt to Hero [Qd Ks]
2931bef3: raises $4 to $6
f80a8cb9: folds
Hero: raises $12 to $18
2931bef3: calls $12
*** FLOP *** [9d 3h Qh]
Hero: bets $11.1
2931bef3: calls $11.1
*** TURN *** [9d 3h Qh] [5d]
Hero: bets $29.6
2931bef3: calls $29.6
*** RIVER *** [9d 3h Qh 5d] [Jc]
Hero: bets $136.16
2931bef3: folds
Uncalled bet ($136.16) returned to Hero
*** SHOWDOWN ***
Hero collected $118.4 from pot
*** SUMMARY ***
Total pot $118.4
Board [9d 3h Qh 5d Jc]
Seat 2: f80a8cb9(small blind) folded before Flop
Seat 4: 2931bef3 folded on the River
Seat 3: Hero(big blind)won ($118.4) with Pair of Queens



Poker Hand #ring_956005353: NLH No Limit ($1/$2) - 2025/06/25 19:46:31
Table 'MR NLH 1/2' 7-max Seat #3 is the button
Seat 2: f80a8cb9 ($75.24 in chips)
Seat 4: 2931bef3 ($444.68 in chips)
Seat 3: Hero ($204.52 in chips)
2931bef3: posts small blind $1
f80a8cb9: posts big blind $2
*** HOLE CARDS ***
Dealt to f80a8cb9 
Dealt to 2931bef3 
Dealt to Hero [8s 4d]
Hero: folds
2931bef3: folds
*** SHOWDOWN ***
f80a8cb9 collected $3 from pot
*** SUMMARY ***
Total pot $3
Seat 2: f80a8cb9(big blind)won ($3)
Seat 4: 2931bef3(small blind) folded before Flop
Seat 3: Hero folded before Flop (didn't bet)



Poker Hand #ring_956005063: NLH No Limit ($1/$2) - 2025/06/25 19:46:20
Table 'MR NLH 1/2' 7-max Seat #2 is the button
Seat 2: f80a8cb9 ($75.24 in chips)
Seat 4: 2931bef3 ($443.68 in chips)
Seat 3: Hero ($205.52 in chips)
Hero: posts small blind $1
2931bef3: posts big blind $2
*** HOLE CARDS ***
Dealt to f80a8cb9 
Dealt to 2931bef3 
Dealt to Hero [9d 4c]
f80a8cb9: folds
Hero: folds
*** SHOWDOWN ***
2931bef3 collected $3 from pot
*** SUMMARY ***
Total pot $3
Seat 2: f80a8cb9 folded before Flop (didn't bet)
Seat 4: 2931bef3(big blind)won ($3)
Seat 3: Hero(small blind) folded before Flop



Poker Hand #ring_956004339: NLH No Limit ($1/$2) - 2025/06/25 19:45:50
Table 'MR NLH 1/2' 7-max Seat #4 is the button
Seat 2: f80a8cb9 ($73.42 in chips)
Seat 4: 2931bef3 ($443.68 in chips)
Seat 3: Hero ($207.52 in chips)
f80a8cb9: posts small blind $1
Hero: posts big blind $2
*** HOLE CARDS ***
Dealt to f80a8cb9 
Dealt to 2931bef3 
Dealt to Hero [Th 4c]
2931bef3: folds
f80a8cb9: calls $1
Hero: checks
*** FLOP *** [9s 7c Qs]
f80a8cb9: checks
Hero: checks
*** TURN *** [9s 7c Qs] [Ks]
f80a8cb9: checks
Hero: checks
*** RIVER *** [9s 7c Qs Ks] [3h]
f80a8cb9: bets $4
Hero: folds
Uncalled bet ($4) returned to f80a8cb9
*** SHOWDOWN ***
f80a8cb9 collected $4 from pot
*** SUMMARY ***
Total pot $4
Board [9s 7c Qs Ks 3h]
Seat 2: f80a8cb9(small blind)won ($4) with Pair of Nines
Seat 4: 2931bef3 folded before Flop (didn't bet)
Seat 3: Hero(big blind) folded on the River



Poker Hand #ring_956003465: NLH No Limit ($1/$2) - 2025/06/25 19:45:15
Table 'MR NLH 1/2' 7-max Seat #3 is the button
Seat 2: f80a8cb9 ($79.42 in chips)
Seat 4: 2931bef3 ($444.68 in chips)
Seat 3: Hero ($201.1 in chips)
2931bef3: posts small blind $1
f80a8cb9: posts big blind $2
*** HOLE CARDS ***
Dealt to f80a8cb9 
Dealt to 2931bef3 
Dealt to Hero [Qh 8h]
Hero: raises $4 to $6
2931bef3: folds
f80a8cb9: calls $4
*** FLOP *** [7h Kd 6d]
f80a8cb9: checks
Hero: checks
*** TURN *** [7h Kd 6d] [3h]
f80a8cb9: checks
Hero: bets $10.4
f80a8cb9: folds
Uncalled bet ($10.4) returned to Hero
*** SHOWDOWN ***
Hero collected $13 from pot
*** SUMMARY ***
Total pot $13
Board [7h Kd 6d 3h]
Seat 2: f80a8cb9(big blind) folded on the Turn
Seat 4: 2931bef3(small blind) folded before Flop
Seat 3: Herowon ($13) with King-High



Poker Hand #ring_956001078: NLH No Limit ($1/$2) - 2025/06/25 19:43:38
Table 'MR NLH 1/2' 7-max Seat #2 is the button
Seat 2: f80a8cb9 ($79.42 in chips)
Seat 4: 2931bef3 ($430.12 in chips)
Seat 3: Hero ($217.1 in chips)
Hero: posts small blind $1
2931bef3: posts big blind $2
*** HOLE CARDS ***
Dealt to f80a8cb9 
Dealt to 2931bef3 
Dealt to Hero [4d Kd]
f80a8cb9: folds
Hero: raises $3 to $5
2931bef3: calls $3
*** FLOP *** [Ts 4c Qs]
Hero: bets $3
2931bef3: raises $8 to $11
Hero: calls $8
*** TURN *** [Ts 4c Qs] [3h]
Hero: checks
2931bef3: bets $24
Hero: folds
Uncalled bet ($24) returned to 2931bef3
*** SHOWDOWN ***
2931bef3 collected $32 from pot
*** SUMMARY ***
Total pot $32
Board [Ts 4c Qs 3h]
Seat 2: f80a8cb9 folded before Flop (didn't bet)
Seat 4: 2931bef3(big blind)won ($32) with Pair of Queens
Seat 3: Hero(small blind) folded on the Turn



Poker Hand #ring_956000186: NLH No Limit ($1/$2) - 2025/06/25 19:43:03
Table 'MR NLH 1/2' 7-max Seat #4 is the button
Seat 2: f80a8cb9 ($89.42 in chips)
Seat 4: 2931bef3 ($430.12 in chips)
Seat 3: Hero ($208 in chips)
f80a8cb9: posts small blind $1
Hero: posts big blind $2
*** HOLE CARDS ***
Dealt to f80a8cb9 
Dealt to 2931bef3 
Dealt to Hero [6d 8s]
2931bef3: folds
f80a8cb9: calls $1
Hero: checks
*** FLOP *** [Qh Qd Ac]
f80a8cb9: checks
Hero: checks
*** TURN *** [Qh Qd Ac] [5s]
f80a8cb9: bets $3
Hero: calls $3
*** RIVER *** [Qh Qd Ac 5s] [9h]
f80a8cb9: bets $5
Hero: raises $10.8 to $15.8
f80a8cb9: folds
Uncalled bet ($10.8) returned to Hero
*** SHOWDOWN ***
Hero collected $20 from pot
*** SUMMARY ***
Total pot $20
Board [Qh Qd Ac 5s 9h]
Seat 2: f80a8cb9(small blind) folded on the River
Seat 4: 2931bef3 folded before Flop (didn't bet)
Seat 3: Hero(big blind)won ($20) with Pair of Queens



Poker Hand #ring_955999642: NLH No Limit ($1/$2) - 2025/06/25 19:42:39
Table 'MR NLH 1/2' 7-max Seat #3 is the button
Seat 2: f80a8cb9 ($83 in chips)
Seat 4: 2931bef3 ($431.12 in chips)
Seat 3: Hero ($214 in chips)
2931bef3: posts small blind $1
f80a8cb9: posts big blind $2
*** HOLE CARDS ***
Dealt to f80a8cb9 
Dealt to 2931bef3 
Dealt to Hero [9s Kd]
Hero: raises $4 to $6
2931bef3: folds
f80a8cb9: calls $4
*** FLOP *** [Qd Jh 8h]
f80a8cb9: checks
Hero: checks
*** TURN *** [Qd Jh 8h] [6d]
f80a8cb9: bets $9.75
Hero: folds
Uncalled bet ($9.75) returned to f80a8cb9
*** SHOWDOWN ***
f80a8cb9 collected $13 from pot
*** SUMMARY ***
Total pot $13
Board [Qd Jh 8h 6d]
Seat 2: f80a8cb9(big blind)won ($13) with Pair of Jacks
Seat 4: 2931bef3(small blind) folded before Flop
Seat 3: Hero folded on the Turn



Poker Hand #ring_955999352: NLH No Limit ($1/$2) - 2025/06/25 19:42:27
Table 'MR NLH 1/2' 7-max Seat #2 is the button
Seat 2: f80a8cb9 ($83 in chips)
Seat 4: 2931bef3 ($430.12 in chips)
Seat 3: Hero ($215 in chips)
Hero: posts small blind $1
2931bef3: posts big blind $2
*** HOLE CARDS ***
Dealt to f80a8cb9 
Dealt to 2931bef3 
Dealt to Hero [Tc 3s]
f80a8cb9: folds
Hero: folds
*** SHOWDOWN ***
2931bef3 collected $3 from pot
*** SUMMARY ***
Total pot $3
Seat 2: f80a8cb9 folded before Flop (didn't bet)
Seat 4: 2931bef3(big blind)won ($3)
Seat 3: Hero(small blind) folded before Flop



Poker Hand #ring_955998487: NLH No Limit ($1/$2) - 2025/06/25 19:41:54
Table 'MR NLH 1/2' 7-max Seat #4 is the button
Seat 2: f80a8cb9 ($92.6 in chips)
Seat 4: 2931bef3 ($430.12 in chips)
Seat 3: Hero ($206.26 in chips)
f80a8cb9: posts small blind $1
Hero: posts big blind $2
*** HOLE CARDS ***
Dealt to f80a8cb9 
Dealt to 2931bef3 
Dealt to Hero [Kd Qh]
2931bef3: folds
f80a8cb9: calls $1
Hero: raises $4 to $6
f80a8cb9: calls $4
*** FLOP *** [6c 9c 2c]
f80a8cb9: checks
Hero: bets $3.6
f80a8cb9: calls $3.6
*** TURN *** [6c 9c 2c] [9h]
f80a8cb9: checks
Hero: bets $22.08
f80a8cb9: folds
Uncalled bet ($22.08) returned to Hero
*** SHOWDOWN ***
Hero collected $19.2 from pot
*** SUMMARY ***
Total pot $19.2
Board [6c 9c 2c 9h]
Seat 2: f80a8cb9(small blind) folded on the Turn
Seat 4: 2931bef3 folded before Flop (didn't bet)
Seat 3: Hero(big blind)won ($19.2) with Pair of Nines



Poker Hand #ring_955997802: NLH No Limit ($1/$2) - 2025/06/25 19:41:25
Table 'MR NLH 1/2' 7-max Seat #3 is the button
Seat 2: f80a8cb9 ($98.6 in chips)
Seat 4: 2931bef3 ($431.12 in chips)
Seat 3: Hero ($199.84 in chips)
2931bef3: posts small blind $1
f80a8cb9: posts big blind $2
*** HOLE CARDS ***
Dealt to f80a8cb9 
Dealt to 2931bef3 
Dealt to Hero [Js Ts]
Hero: raises $4 to $6
2931bef3: folds
f80a8cb9: calls $4
*** FLOP *** [Ac Th 2h]
f80a8cb9: checks
Hero: checks
*** TURN *** [Ac Th 2h] [Qs]
f80a8cb9: checks
Hero: bets $6.5
f80a8cb9: folds
Uncalled bet ($6.5) returned to Hero
*** SHOWDOWN ***
Hero collected $13 from pot
*** SUMMARY ***
Total pot $13
Board [Ac Th 2h Qs]
Seat 2: f80a8cb9(big blind) folded on the Turn
Seat 4: 2931bef3(small blind) folded before Flop
Seat 3: Herowon ($13) with Pair of Tens



Poker Hand #ring_955997018: NLH No Limit ($1/$2) - 2025/06/25 19:40:53
Table 'MR NLH 1/2' 7-max Seat #2 is the button
Seat 2: f80a8cb9 ($84.86 in chips)
Seat 4: 2931bef3 ($433.12 in chips)
Seat 3: Hero ($212.84 in chips)
Hero: posts small blind $1
2931bef3: posts big blind $2
*** HOLE CARDS ***
Dealt to f80a8cb9 
Dealt to 2931bef3 
Dealt to Hero [3s 3c]
f80a8cb9: calls $2
Hero: raises $4 to $6
2931bef3: folds
f80a8cb9: calls $4
*** FLOP *** [Tc Jc 2d]
Hero: checks
f80a8cb9: checks
*** TURN *** [Tc Jc 2d] [2c]
Hero: checks
f80a8cb9: checks
*** RIVER *** [Tc Jc 2d 2c] [8c]
Hero: checks
f80a8cb9: bets $7
Hero: calls $7
f80a8cb9: shows [6d 9c]
Hero: shows [3s 3c]
*** SHOWDOWN ***
f80a8cb9 collected $28 from pot
*** SUMMARY ***
Total pot $28
Board [Tc Jc 2d 2c 8c]
Seat 2: f80a8cb9 showed [6d 9c] and won ($28) with Jack High Flush
Seat 4: 2931bef3(big blind) folded before Flop
Seat 3: Hero(small blind) showed [3s 3c] and lost with Jack High Flush



Poker Hand #ring_955995527: NLH No Limit ($1/$2) - 2025/06/25 19:39:53
Table 'MR NLH 1/2' 7-max Seat #4 is the button
Seat 2: f80a8cb9 ($94.36 in chips)
Seat 4: 2931bef3 ($419.7 in chips)
Seat 3: Hero ($217.84 in chips)
f80a8cb9: posts small blind $1
Hero: posts big blind $2
*** HOLE CARDS ***
Dealt to f80a8cb9 
Dealt to 2931bef3 
Dealt to Hero [2s Kd]
2931bef3: raises $3 to $5
f80a8cb9: calls $4
Hero: calls $3
*** FLOP *** [6s 8s Ts]
f80a8cb9: checks
Hero: checks
2931bef3: checks
*** TURN *** [6s 8s Ts] [Ks]
f80a8cb9: checks
Hero: checks
2931bef3: bets $4.5
f80a8cb9: calls $4.5
Hero: folds
*** RIVER *** [6s 8s Ts Ks] [Ah]
f80a8cb9: checks
2931bef3: checks
f80a8cb9: shows [Qd Th]
2931bef3: shows [Ac Kc]
Hero: shows [2s]
*** SHOWDOWN ***
2931bef3 collected $24 from pot
*** SUMMARY ***
Total pot $24
Board [6s 8s Ts Ks Ah]
Seat 2: f80a8cb9(small blind) showed [Qd Th] and lost with Pair of Tens
Seat 4: 2931bef3 showed [Ac Kc] and won ($24) with Pair of Aces and Pair of Kings
Seat 3: Hero(big blind) folded on the Turn



Poker Hand #ring_955994181: NLH No Limit ($1/$2) - 2025/06/25 19:38:56
Table 'MR NLH 1/2' 7-max Seat #3 is the button
Seat 2: f80a8cb9 ($115.44 in chips)
Seat 4: 2931bef3 ($420.7 in chips)
Seat 3: Hero ($197.7 in chips)
2931bef3: posts small blind $1
f80a8cb9: posts big blind $2
*** HOLE CARDS ***
Dealt to f80a8cb9 
Dealt to 2931bef3 
Dealt to Hero [Td 8d]
Hero: raises $4 to $6
2931bef3: folds
f80a8cb9: calls $4
*** FLOP *** [Js Qh 4c]
f80a8cb9: checks
Hero: bets $6.5
f80a8cb9: calls $6.5
*** TURN *** [Js Qh 4c] [Qd]
f80a8cb9: bets $8.58
Hero: calls $8.58
*** RIVER *** [Js Qh 4c Qd] [As]
f80a8cb9: checks
Hero: bets $31
f80a8cb9: folds
Uncalled bet ($31) returned to Hero
*** SHOWDOWN ***
Hero collected $43.16 from pot
*** SUMMARY ***
Total pot $43.16
Board [Js Qh 4c Qd As]
Seat 2: f80a8cb9(big blind) folded on the River
Seat 4: 2931bef3(small blind) folded before Flop
Seat 3: Herowon ($43.16) with Pair of Queens



Poker Hand #ring_955993794: NLH No Limit ($1/$2) - 2025/06/25 19:38:39
Table 'MR NLH 1/2' 7-max Seat #2 is the button
Seat 2: f80a8cb9 ($115.44 in chips)
Seat 4: 2931bef3 ($422.7 in chips)
Seat 3: Hero ($195.7 in chips)
Hero: posts small blind $1
2931bef3: posts big blind $2
*** HOLE CARDS ***
Dealt to f80a8cb9 
Dealt to 2931bef3 
Dealt to Hero [7h 7s]
f80a8cb9: folds
Hero: raises $3 to $5
2931bef3: folds
Uncalled bet ($3) returned to Hero
*** SHOWDOWN ***
Hero collected $4 from pot
*** SUMMARY ***
Total pot $4
Seat 2: f80a8cb9 folded before Flop (didn't bet)
Seat 4: 2931bef3(big blind) folded before Flop
Seat 3: Hero(small blind)won ($4)



Poker Hand #ring_955992564: NLH No Limit ($1/$2) - 2025/06/25 19:37:48
Table 'MR NLH 1/2' 7-max Seat #4 is the button
Seat 2: f80a8cb9 ($116.44 in chips)
Seat 4: 2931bef3 ($416.28 in chips)
Seat 3: Hero ($201.7 in chips)
f80a8cb9: posts small blind $1
Hero: posts big blind $2
*** HOLE CARDS ***
Dealt to f80a8cb9 
Dealt to 2931bef3 
Dealt to Hero [8c Qh]
2931bef3: raises $4 to $6
f80a8cb9: folds
Hero: calls $4
*** FLOP *** [9d Kh 9h]
Hero: checks
2931bef3: bets $6.5
Hero: folds
Uncalled bet ($6.5) returned to 2931bef3
*** SHOWDOWN ***
2931bef3 collected $13 from pot
*** SUMMARY ***
Total pot $13
Board [9d Kh 9h]
Seat 2: f80a8cb9(small blind) folded before Flop
Seat 4: 2931bef3won ($13) with Pair of Tens and Pair of Nines
Seat 3: Hero(big blind) folded on the Flop



Poker Hand #ring_955991999: NLH No Limit ($1/$2) - 2025/06/25 19:37:25
Table 'MR NLH 1/2' 7-max Seat #3 is the button
Seat 2: f80a8cb9 ($120.44 in chips)
Seat 4: 2931bef3 ($412.64 in chips)
Seat 3: Hero ($201.7 in chips)
2931bef3: posts small blind $1
f80a8cb9: posts big blind $2
*** HOLE CARDS ***
Dealt to f80a8cb9 
Dealt to 2931bef3 
Dealt to Hero [7s Qc]
Hero: folds
2931bef3: raises $2 to $4
f80a8cb9: calls $2
*** FLOP *** [Qd 9s 6c]
2931bef3: bets $2.4
f80a8cb9: folds
Uncalled bet ($2.4) returned to 2931bef3
*** SHOWDOWN ***
2931bef3 collected $8 from pot
*** SUMMARY ***
Total pot $8
Board [Qd 9s 6c]
Seat 2: f80a8cb9(big blind) folded on the Flop
Seat 4: 2931bef3(small blind)won ($8) with Queen-High
Seat 3: Hero folded before Flop (didn't bet)



Poker Hand #ring_955990523: NLH No Limit ($1/$2) - 2025/06/25 19:36:24
Table 'MR NLH 1/2' 7-max Seat #3 is the button
Seat 4: 2931bef3 ($405 in chips)
Seat 3: Hero ($209.7 in chips)
Hero: posts small blind $1
2931bef3: posts big blind $2
*** HOLE CARDS ***
Dealt to 2931bef3 
Dealt to Hero [3s 5s]
Hero: raises $3 to $5
2931bef3: calls $3
*** FLOP *** [Jh Qd 6h]
2931bef3: checks
Hero: bets $3
2931bef3: calls $3
*** TURN *** [Jh Qd 6h] [5d]
2931bef3: checks
Hero: checks
*** RIVER *** [Jh Qd 6h 5d] [Js]
2931bef3: bets $32
Hero: folds
Uncalled bet ($32) returned to 2931bef3
*** SHOWDOWN ***
2931bef3 collected $16 from pot
*** SUMMARY ***
Total pot $16
Board [Jh Qd 6h 5d Js]
Seat 4: 2931bef3(big blind)won ($16) with Three Jacks
Seat 3: Hero(small blind) folded on the River



Poker Hand #ring_955990239: NLH No Limit ($1/$2) - 2025/06/25 19:36:11
Table 'MR NLH 1/2' 7-max Seat #4 is the button
Seat 4: 2931bef3 ($403 in chips)
Seat 3: Hero ($211.7 in chips)
2931bef3: posts small blind $1
Hero: posts big blind $2
*** HOLE CARDS ***
Dealt to 2931bef3 
Dealt to Hero [4c Qd]
2931bef3: raises $3 to $5
Hero: folds
Uncalled bet ($3) returned to 2931bef3
*** SHOWDOWN ***
2931bef3 collected $4 from pot
*** SUMMARY ***
Total pot $4
Seat 4: 2931bef3(small blind)won ($4)
Seat 3: Hero(big blind) folded before Flop



Poker Hand #ring_955989980: NLH No Limit ($1/$2) - 2025/06/25 19:36:01
Table 'MR NLH 1/2' 7-max Seat #3 is the button
Seat 4: 2931bef3 ($402 in chips)
Seat 3: Hero ($212.7 in chips)
Hero: posts small blind $1
2931bef3: posts big blind $2
*** HOLE CARDS ***
Dealt to 2931bef3 
Dealt to Hero [3h 5c]
Hero: folds
*** SHOWDOWN ***
2931bef3 collected $3 from pot
*** SUMMARY ***
Total pot $3
Seat 4: 2931bef3(big blind)won ($3)
Seat 3: Hero(small blind) folded before Flop



Poker Hand #ring_955989584: NLH No Limit ($1/$2) - 2025/06/25 19:35:43
Table 'MR NLH 1/2' 7-max Seat #4 is the button
Seat 4: 2931bef3 ($400 in chips)
Seat 3: Hero ($214.7 in chips)
2931bef3: posts small blind $1
Hero: posts big blind $2
*** HOLE CARDS ***
Dealt to 2931bef3 
Dealt to Hero [3h Jd]
2931bef3: raises $3 to $5
Hero: folds
Uncalled bet ($3) returned to 2931bef3
*** SHOWDOWN ***
2931bef3 collected $4 from pot
*** SUMMARY ***
Total pot $4
Seat 4: 2931bef3(small blind)won ($4)
Seat 3: Hero(big blind) folded before Flop



Poker Hand #ring_955987697: NLH No Limit ($1/$2) - 2025/06/25 19:34:25
Table 'MR NLH 1/2' 7-max Seat #3 is the button
Seat 4: 2931bef3 ($400 in chips)
Seat 3: Hero ($153.58 in chips)
Hero: posts small blind $1
2931bef3: posts big blind $2
*** HOLE CARDS ***
Dealt to 2931bef3 
Dealt to Hero [Jc As]
Hero: raises $3 to $5
2931bef3: raises $15 to $20
Hero: calls $15
*** FLOP *** [Qd Ad 2d]
2931bef3: bets $12
Hero: calls $12
*** TURN *** [Qd Ad 2d] [7h]
2931bef3: bets $32
Hero: calls $32
*** RIVER *** [Qd Ad 2d 7h] [Kd]
2931bef3: checks
Hero: checks
Hero: shows [Jc As]
2931bef3: shows [Ts Ah]
*** SHOWDOWN ***
Hero collected $128 from pot
*** SUMMARY ***
Total pot $128
Board [Qd Ad 2d 7h Kd]
Seat 4: 2931bef3(big blind) showed [Ts Ah] and lost with Pair of Aces
Seat 3: Hero(small blind) showed [Jc As] and won ($128) with Pair of Aces



Poker Hand #ring_955987129: NLH No Limit ($1/$2) - 2025/06/25 19:34:02
Table 'MR NLH 1/2' 7-max Seat #4 is the button
Seat 4: 2931bef3 ($401 in chips)
Seat 3: Hero ($149.58 in chips)
2931bef3: posts small blind $1
Hero: posts big blind $2
*** HOLE CARDS ***
Dealt to 2931bef3 
Dealt to Hero [Ad Ac]
2931bef3: raises $2 to $4
Hero: raises $9.2 to $13.2
2931bef3: folds
Uncalled bet ($9.2) returned to Hero
*** SHOWDOWN ***
Hero collected $8 from pot
*** SUMMARY ***
Total pot $8
Seat 4: 2931bef3(small blind) folded before Flop
Seat 3: Hero(big blind)won ($8)



Poker Hand #ring_955986876: NLH No Limit ($1/$2) - 2025/06/25 19:33:52
Table 'MR NLH 1/2' 7-max Seat #3 is the button
Seat 4: 2931bef3 ($400 in chips)
Seat 3: Hero ($150.58 in chips)
Hero: posts small blind $1
2931bef3: posts big blind $2
*** HOLE CARDS ***
Dealt to 2931bef3 
Dealt to Hero [2d 7s]
Hero: folds
*** SHOWDOWN ***
2931bef3 collected $3 from pot
*** SUMMARY ***
Total pot $3
Seat 4: 2931bef3(big blind)won ($3)
Seat 3: Hero(small blind) folded before Flop



Poker Hand #ring_955984913: NLH No Limit ($1/$2) - 2025/06/25 19:32:29
Table 'MR NLH 1/2' 7-max Seat #4 is the button
Seat 4: 2931bef3 ($470.78 in chips)
Seat 3: Hero ($77.02 in chips)
2931bef3: posts small blind $1
Hero: posts big blind $2
*** HOLE CARDS ***
Dealt to 2931bef3 
Dealt to Hero [Th 7d]
2931bef3: raises $2 to $4
Hero: calls $2
*** FLOP *** [6c As 9s]
Hero: checks
2931bef3: bets $2.4
Hero: calls $2.4
*** TURN *** [6c As 9s] [3h]
Hero: checks
2931bef3: bets $9.6
Hero: calls $9.6
*** RIVER *** [6c As 9s 3h] [8s]
Hero: bets $16
2931bef3: raises $96 to $112
Hero: calls $45.02 and is all-in
Uncalled bet ($50.98) returned to 2931bef3
Hero: shows [Th 7d]
2931bef3: shows [5h Qh]
*** SHOWDOWN ***
Hero collected $154.04 from pot
*** SUMMARY ***
Total pot $154.04
Board [6c As 9s 3h 8s]
Seat 4: 2931bef3(small blind) showed [5h Qh] and lost with Ace-High
Seat 3: Hero(big blind) showed [Th 7d] and won ($154.04) with Tens-High Straight



Poker Hand #ring_955982651: NLH No Limit ($1/$2) - 2025/06/25 19:30:54
Table 'MR NLH 1/2' 7-max Seat #3 is the button
Seat 4: 2931bef3 ($417.1 in chips)
Seat 3: Hero ($133.22 in chips)
Hero: posts small blind $1
2931bef3: posts big blind $2
*** HOLE CARDS ***
Dealt to 2931bef3 
Dealt to Hero [Ks Ts]
Hero: raises $3 to $5
2931bef3: raises $12 to $17
Hero: calls $12
*** FLOP *** [4h 8d 7s]
2931bef3: bets $10.2
Hero: calls $10.2
*** TURN *** [4h 8d 7s] [4c]
2931bef3: checks
Hero: bets $29
2931bef3: calls $29
*** RIVER *** [4h 8d 7s 4c] [2c]
2931bef3: checks
Hero: checks
Hero: shows [Ks Ts]
2931bef3: shows [8h 8c]
*** SHOWDOWN ***
2931bef3 collected $112.4 from pot
*** SUMMARY ***
Total pot $112.4
Board [4h 8d 7s 4c 2c]
Seat 4: 2931bef3(big blind) showed [8h 8c] and won ($112.4) with Eights Full over Fours
Seat 3: Hero(small blind) showed [Ks Ts] and lost with Pair of Fours



Poker Hand #ring_955982266: NLH No Limit ($1/$2) - 2025/06/25 19:30:38
Table 'MR NLH 1/2' 7-max Seat #4 is the button
Seat 4: 2931bef3 ($421.1 in chips)
Seat 3: Hero ($129.22 in chips)
2931bef3: posts small blind $1
Hero: posts big blind $2
*** HOLE CARDS ***
Dealt to 2931bef3 
Dealt to Hero [Ad 9c]
2931bef3: raises $2 to $4
Hero: raises $9.2 to $13.2
2931bef3: folds
Uncalled bet ($9.2) returned to Hero
*** SHOWDOWN ***
Hero collected $8 from pot
*** SUMMARY ***
Total pot $8
Seat 4: 2931bef3(small blind) folded before Flop
Seat 3: Hero(big blind)won ($8)



Poker Hand #ring_955980860: NLH No Limit ($1/$2) - 2025/06/25 19:29:42
Table 'MR NLH 1/2' 7-max Seat #3 is the button
Seat 4: 2931bef3 ($402 in chips)
Seat 3: Hero ($149.22 in chips)
Hero: posts small blind $1
2931bef3: posts big blind $2
*** HOLE CARDS ***
Dealt to 2931bef3 
Dealt to Hero [7h 9h]
Hero: raises $3 to $5
2931bef3: calls $3
*** FLOP *** [3c 3s 5s]
2931bef3: bets $3
Hero: calls $3
*** TURN *** [3c 3s 5s] [7s]
2931bef3: bets $12
Hero: calls $12
*** RIVER *** [3c 3s 5s 7s] [Qs]
2931bef3: bets $60
Hero: folds
Uncalled bet ($60) returned to 2931bef3
*** SHOWDOWN ***
2931bef3 collected $40 from pot
*** SUMMARY ***
Total pot $40
Board [3c 3s 5s 7s Qs]
Seat 4: 2931bef3(big blind)won ($40) with Treys Full over Fives
Seat 3: Hero(small blind) folded on the River



Poker Hand #ring_955980562: NLH No Limit ($1/$2) - 2025/06/25 19:29:29
Table 'MR NLH 1/2' 7-max Seat #4 is the button
Seat 4: 2931bef3 ($400 in chips)
Seat 3: Hero ($151.22 in chips)
2931bef3: posts small blind $1
Hero: posts big blind $2
*** HOLE CARDS ***
Dealt to 2931bef3 
Dealt to Hero [5d 9c]
2931bef3: raises $3 to $5
Hero: folds
Uncalled bet ($3) returned to 2931bef3
*** SHOWDOWN ***
2931bef3 collected $4 from pot
*** SUMMARY ***
Total pot $4
Seat 4: 2931bef3(small blind)won ($4)
Seat 3: Hero(big blind) folded before Flop



Poker Hand #ring_955980148: NLH No Limit ($1/$2) - 2025/06/25 19:29:12
Table 'MR NLH 1/2' 7-max Seat #3 is the button
Seat 4: 2931bef3 ($400 in chips)
Seat 3: Hero ($149.22 in chips)
Hero: posts small blind $1
2931bef3: posts big blind $2
*** HOLE CARDS ***
Dealt to 2931bef3 
Dealt to Hero [Kc 4s]
Hero: raises $3 to $5
2931bef3: folds
Uncalled bet ($3) returned to Hero
*** SHOWDOWN ***
Hero collected $4 from pot
*** SUMMARY ***
Total pot $4
Seat 4: 2931bef3(big blind) folded before Flop
Seat 3: Hero(small blind)won ($4)



Poker Hand #ring_955978687: NLH No Limit ($1/$2) - 2025/06/25 19:28:11
Table 'MR NLH 1/2' 7-max Seat #4 is the button
Seat 4: 2931bef3 ($407.12 in chips)
Seat 3: Hero ($133.94 in chips)
2931bef3: posts small blind $1
Hero: posts big blind $2
*** HOLE CARDS ***
Dealt to 2931bef3 
Dealt to Hero [8s Ad]
2931bef3: raises $2 to $4
Hero: calls $2
*** FLOP *** [3s 2d 5d]
Hero: checks
2931bef3: bets $2.4
Hero: calls $2.4
*** TURN *** [3s 2d 5d] [8c]
Hero: checks
2931bef3: bets $9.6
Hero: raises $25.6 to $35.2
2931bef3: folds
Uncalled bet ($25.6) returned to Hero
*** SHOWDOWN ***
Hero collected $32 from pot
*** SUMMARY ***
Total pot $32
Board [3s 2d 5d 8c]
Seat 4: 2931bef3(small blind) folded on the Turn
Seat 3: Hero(big blind)won ($32) with Pair of Eights



Poker Hand #ring_955978404: NLH No Limit ($1/$2) - 2025/06/25 19:27:59
Table 'MR NLH 1/2' 7-max Seat #3 is the button
Seat 4: 2931bef3 ($409.12 in chips)
Seat 3: Hero ($131.94 in chips)
Hero: posts small blind $1
2931bef3: posts big blind $2
*** HOLE CARDS ***
Dealt to 2931bef3 
Dealt to Hero [7d 5d]
Hero: raises $3 to $5
2931bef3: folds
Uncalled bet ($3) returned to Hero
*** SHOWDOWN ***
Hero collected $4 from pot
*** SUMMARY ***
Total pot $4
Seat 4: 2931bef3(big blind) folded before Flop
Seat 3: Hero(small blind)won ($4)



Poker Hand #ring_955978115: NLH No Limit ($1/$2) - 2025/06/25 19:27:48
Table 'MR NLH 1/2' 7-max Seat #4 is the button
Seat 4: 2931bef3 ($407.12 in chips)
Seat 3: Hero ($133.94 in chips)
2931bef3: posts small blind $1
Hero: posts big blind $2
*** HOLE CARDS ***
Dealt to 2931bef3 
Dealt to Hero [Th 2c]
2931bef3: raises $2 to $4
Hero: folds
Uncalled bet ($2) returned to 2931bef3
*** SHOWDOWN ***
2931bef3 collected $4 from pot
*** SUMMARY ***
Total pot $4
Seat 4: 2931bef3(small blind)won ($4)
Seat 3: Hero(big blind) folded before Flop



Poker Hand #ring_955977880: NLH No Limit ($1/$2) - 2025/06/25 19:27:37
Table 'MR NLH 1/2' 7-max Seat #3 is the button
Seat 4: 2931bef3 ($406.12 in chips)
Seat 3: Hero ($134.94 in chips)
Hero: posts small blind $1
2931bef3: posts big blind $2
*** HOLE CARDS ***
Dealt to 2931bef3 
Dealt to Hero [2h 8s]
Hero: folds
*** SHOWDOWN ***
2931bef3 collected $3 from pot
*** SUMMARY ***
Total pot $3
Seat 4: 2931bef3(big blind)won ($3)
Seat 3: Hero(small blind) folded before Flop



Poker Hand #ring_955977101: NLH No Limit ($1/$2) - 2025/06/25 19:27:05
Table 'MR NLH 1/2' 7-max Seat #4 is the button
Seat 4: 2931bef3 ($400 in chips)
Seat 3: Hero ($141.34 in chips)
2931bef3: posts small blind $1
Hero: posts big blind $2
*** HOLE CARDS ***
Dealt to 2931bef3 
Dealt to Hero [8h 5h]
2931bef3: raises $2 to $4
Hero: calls $2
*** FLOP *** [3s As 4s]
Hero: bets $2.4
2931bef3: calls $2.4
*** TURN *** [3s As 4s] [Kh]
Hero: checks
2931bef3: bets $9.6
Hero: folds
Uncalled bet ($9.6) returned to 2931bef3
*** SHOWDOWN ***
2931bef3 collected $12.8 from pot
*** SUMMARY ***
Total pot $12.8
Board [3s As 4s Kh]
Seat 4: 2931bef3(small blind)won ($12.8) with Pair of Kings
Seat 3: Hero(big blind) folded on the Turn



Poker Hand #ring_955974421: NLH No Limit ($1/$2) - 2025/06/25 19:25:13
Table 'MR NLH 1/2' 7-max Seat #3 is the button
Seat 4: 2931bef3 ($422.1 in chips)
Seat 3: Hero ($97.02 in chips)
Hero: posts small blind $1
2931bef3: posts big blind $2
*** HOLE CARDS ***
Dealt to 2931bef3 
Dealt to Hero [3s Kh]
Hero: raises $3 to $5
2931bef3: calls $3
*** FLOP *** [4h 8h Kc]
2931bef3: checks
Hero: checks
*** TURN *** [4h 8h Kc] [6c]
2931bef3: checks
Hero: bets $5
2931bef3: calls $5
*** RIVER *** [4h 8h Kc 6c] [Jh]
2931bef3: checks
Hero: bets $13.2
2931bef3: raises $23.2 to $36.4
Hero: calls $23.2
Hero: shows [3s Kh]
2931bef3: shows [As 3h]
*** SHOWDOWN ***
Hero collected $92.8 from pot
*** SUMMARY ***
Total pot $92.8
Board [4h 8h Kc 6c Jh]
Seat 4: 2931bef3(big blind) showed [As 3h] and lost with Ace-High
Seat 3: Hero(small blind) showed [3s Kh] and won ($92.8) with Pair of Kings



Poker Hand #ring_955974200: NLH No Limit ($1/$2) - 2025/06/25 19:25:02
Table 'MR NLH 1/2' 7-max Seat #4 is the button
Seat 4: 2931bef3 ($423.1 in chips)
Seat 3: Hero ($96.02 in chips)
2931bef3: posts small blind $1
Hero: posts big blind $2
*** HOLE CARDS ***
Dealt to 2931bef3 
Dealt to Hero [Ac Jd]
2931bef3: folds
*** SHOWDOWN ***
Hero collected $3 from pot
*** SUMMARY ***
Total pot $3
Seat 4: 2931bef3(small blind) folded before Flop
Seat 3: Hero(big blind)won ($3)



Poker Hand #ring_955972703: NLH No Limit ($1/$2) - 2025/06/25 19:24:01
Table 'MR NLH 1/2' 7-max Seat #3 is the button
Seat 4: 2931bef3 ($413.55 in chips)
Seat 3: Hero ($106.02 in chips)
Hero: posts small blind $1
2931bef3: posts big blind $2
*** HOLE CARDS ***
Dealt to 2931bef3 
Dealt to Hero [9c Kc]
Hero: raises $3 to $5
2931bef3: calls $3
*** FLOP *** [Td Th 4s]
2931bef3: checks
Hero: checks
*** TURN *** [Td Th 4s] [6d]
2931bef3: bets $5
Hero: calls $5
*** RIVER *** [Td Th 4s 6d] [2d]
2931bef3: bets $15
Hero: folds
Uncalled bet ($15) returned to 2931bef3
*** SHOWDOWN ***
2931bef3 collected $20 from pot
*** SUMMARY ***
Total pot $20
Board [Td Th 4s 6d 2d]
Seat 4: 2931bef3(big blind)won ($20) with Pair of Tens
Seat 3: Hero(small blind) folded on the River



Poker Hand #ring_955971517: NLH No Limit ($1/$2) - 2025/06/25 19:23:10
Table 'MR NLH 1/2' 7-max Seat #4 is the button
Seat 4: 2931bef3 ($404 in chips)
Seat 3: Hero ($116.02 in chips)
2931bef3: posts small blind $1
Hero: posts big blind $2
*** HOLE CARDS ***
Dealt to 2931bef3 
Dealt to Hero [6h Th]
2931bef3: raises $3 to $5
Hero: calls $3
*** FLOP *** [2d 4d 5c]
Hero: checks
2931bef3: bets $5
Hero: calls $5
*** TURN *** [2d 4d 5c] [5h]
Hero: checks
2931bef3: bets $10
Hero: folds
Uncalled bet ($10) returned to 2931bef3
*** SHOWDOWN ***
2931bef3 collected $20 from pot
*** SUMMARY ***
Total pot $20
Board [2d 4d 5c 5h]
Seat 4: 2931bef3(small blind)won ($20) with Pair of Nines and Pair of Fives
Seat 3: Hero(big blind) folded on the Turn



Poker Hand #ring_955971214: NLH No Limit ($1/$2) - 2025/06/25 19:22:58
Table 'MR NLH 1/2' 7-max Seat #3 is the button
Seat 4: 2931bef3 ($403 in chips)
Seat 3: Hero ($117.02 in chips)
Hero: posts small blind $1
2931bef3: posts big blind $2
*** HOLE CARDS ***
Dealt to 2931bef3 
Dealt to Hero [Th 2s]
Hero: folds
*** SHOWDOWN ***
2931bef3 collected $3 from pot
*** SUMMARY ***
Total pot $3
Seat 4: 2931bef3(big blind)won ($3)
Seat 3: Hero(small blind) folded before Flop



Poker Hand #ring_955970901: NLH No Limit ($1/$2) - 2025/06/25 19:22:46
Table 'MR NLH 1/2' 7-max Seat #4 is the button
Seat 4: 2931bef3 ($401 in chips)
Seat 3: Hero ($119.02 in chips)
2931bef3: posts small blind $1
Hero: posts big blind $2
*** HOLE CARDS ***
Dealt to 2931bef3 
Dealt to Hero [Ts 3s]
2931bef3: raises $3 to $5
Hero: folds
Uncalled bet ($3) returned to 2931bef3
*** SHOWDOWN ***
2931bef3 collected $4 from pot
*** SUMMARY ***
Total pot $4
Seat 4: 2931bef3(small blind)won ($4)
Seat 3: Hero(big blind) folded before Flop



Poker Hand #ring_955970679: NLH No Limit ($1/$2) - 2025/06/25 19:22:35
Table 'MR NLH 1/2' 7-max Seat #3 is the button
Seat 4: 2931bef3 ($400 in chips)
Seat 3: Hero ($120.02 in chips)
Hero: posts small blind $1
2931bef3: posts big blind $2
*** HOLE CARDS ***
Dealt to 2931bef3 
Dealt to Hero [9s 4h]
Hero: folds
*** SHOWDOWN ***
2931bef3 collected $3 from pot
*** SUMMARY ***
Total pot $3
Seat 4: 2931bef3(big blind)won ($3)
Seat 3: Hero(small blind) folded before Flop



Poker Hand #ring_955969962: NLH No Limit ($1/$2) - 2025/06/25 19:22:05
Table 'MR NLH 1/2' 7-max Seat #4 is the button
Seat 4: 2931bef3 ($400 in chips)
Seat 3: Hero ($108.56 in chips)
2931bef3: posts small blind $1
Hero: posts big blind $2
*** HOLE CARDS ***
Dealt to 2931bef3 
Dealt to Hero [8h Kh]
2931bef3: raises $2 to $4
Hero: raises $8 to $12
2931bef3: calls $8
*** FLOP *** [7h Ah 2d]
Hero: bets $12
2931bef3: folds
Uncalled bet ($12) returned to Hero
*** SHOWDOWN ***
Hero collected $24 from pot
*** SUMMARY ***
Total pot $24
Board [7h Ah 2d]
Seat 4: 2931bef3(small blind) folded on the Flop
Seat 3: Hero(big blind)won ($24) with Ace-High



Poker Hand #ring_955969340: NLH No Limit ($1/$2) - 2025/06/25 19:21:40
Table 'MR NLH 1/2' 7-max Seat #3 is the button
Seat 4: 2931bef3 ($399 in chips)
Seat 3: Hero ($103.78 in chips)
Hero: posts small blind $1
2931bef3: posts big blind $2
*** HOLE CARDS ***
Dealt to 2931bef3 
Dealt to Hero [Jc Tc]
Hero: raises $3 to $5
2931bef3: calls $3
*** FLOP *** [6h 5h 9h]
2931bef3: checks
Hero: bets $3
2931bef3: folds
Uncalled bet ($3) returned to Hero
*** SHOWDOWN ***
Hero collected $10 from pot
*** SUMMARY ***
Total pot $10
Board [6h 5h 9h]
Seat 4: 2931bef3(big blind) folded on the Flop
Seat 3: Hero(small blind)won ($10) with Jack-High



Poker Hand #ring_955969082: NLH No Limit ($1/$2) - 2025/06/25 19:21:30
Table 'MR NLH 1/2' 7-max Seat #4 is the button
Seat 4: 2931bef3 ($400 in chips)
Seat 3: Hero ($102.78 in chips)
2931bef3: posts small blind $1
Hero: posts big blind $2
*** HOLE CARDS ***
Dealt to 2931bef3 
Dealt to Hero [Qc 7s]
2931bef3: folds
*** SHOWDOWN ***
Hero collected $3 from pot
*** SUMMARY ***
Total pot $3
Seat 4: 2931bef3(small blind) folded before Flop
Seat 3: Hero(big blind)won ($3)



Poker Hand #ring_955968276: NLH No Limit ($1/$2) - 2025/06/25 19:20:56
Table 'MR NLH 1/2' 7-max Seat #3 is the button
Seat 4: 2931bef3 ($402 in chips)
Seat 3: Hero ($98 in chips)
Hero: posts small blind $1
2931bef3: posts big blind $2
*** HOLE CARDS ***
Dealt to 2931bef3 
Dealt to Hero [Ad 4c]
Hero: raises $3 to $5
2931bef3: calls $3
*** FLOP *** [2c Ah 4d]
2931bef3: checks
Hero: bets $3
2931bef3: folds
Uncalled bet ($3) returned to Hero
*** SHOWDOWN ***
Hero collected $10 from pot
*** SUMMARY ***
Total pot $10
Board [2c Ah 4d]
Seat 4: 2931bef3(big blind) folded on the Flop
Seat 3: Hero(small blind)won ($10) with Pair of Aces and Pair of Fours



Poker Hand #ring_955507993: NLH No Limit ($1/$2) - 2025/06/25 19:20:42
Table 'MR NLH 1/2' 7-max Seat #4 is the button
Seat 4: 2931bef3 ($400 in chips)
Seat 3: Hero ($100 in chips)
2931bef3: posts small blind $1
Hero: posts big blind $2
*** HOLE CARDS ***
Dealt to 2931bef3 
Dealt to Hero [5h 8c]
2931bef3: raises $2 to $4
Hero: folds
Uncalled bet ($2) returned to 2931bef3
*** SHOWDOWN ***
2931bef3 collected $4 from pot
*** SUMMARY ***
Total pot $4
Seat 4: 2931bef3(small blind)won ($4)
Seat 3: Hero(big blind) folded before Flop



