Poker Hand #ring_945864083: NLH No Limit ($2/$4) - 2025/06/20 03:03:01
Table 'MR NLH 2/4' 7-max Seat #6 is the button
Seat 4: b2f4335c ($261.42 in chips)
Seat 1: 75863216 ($1,178.74 in chips)
Seat 2: ade7a4cb ($758.6 in chips)
Seat 6: 5e904257 ($737.93 in chips)
Seat 3: Hero ($1,385.06 in chips)
Seat 5: 1c0abb65 ($817.3 in chips)
75863216: posts small blind $2
ade7a4cb: posts big blind $4
*** HOLE CARDS ***
Dealt to b2f4335c 
Dealt to 75863216 
Dealt to ade7a4cb 
Dealt to 5e904257 
Dealt to Hero [Kd Ah]
Dealt to 1c0abb65 
Hero: raises $8 to $12
b2f4335c: calls $12
1c0abb65: folds
5e904257: calls $12
75863216: folds
ade7a4cb: calls $8
*** FLOP *** [2s 4c 5h]
ade7a4cb: checks
Hero: bets $34
b2f4335c: calls $34
5e904257: calls $34
ade7a4cb: calls $34
*** TURN *** [2s 4c 5h] [Qs]
ade7a4cb: checks
Hero: checks
b2f4335c: checks
5e904257: bets $114
ade7a4cb: calls $114
Hero: folds
b2f4335c: folds
*** RIVER *** [2s 4c 5h Qs] [Jh]
ade7a4cb: checks
5e904257: bets $194.8
ade7a4cb: calls $194.8
ade7a4cb: shows [9s 5s]
5e904257: shows [3c 2d]
*** SHOWDOWN ***
ade7a4cb collected $803.6 from pot
*** SUMMARY ***
Total pot $803.6
Board [2s 4c 5h Qs Jh]
Seat 4: b2f4335c folded on the Turn
Seat 1: 75863216(small blind) folded before Flop
Seat 2: ade7a4cb(big blind) showed [9s 5s] and won ($803.6) with Pair of Fives
Seat 6: 5e904257 showed [3c 2d] and lost with Pair of Twos
Seat 3: Hero folded on the Turn
Seat 5: 1c0abb65 folded before Flop (didn't bet)



Poker Hand #ring_945860761: NLH No Limit ($2/$4) - 2025/06/20 03:00:52
Table 'MR NLH 2/4' 7-max Seat #5 is the button
Seat 4: b2f4335c ($500 in chips)
Seat 1: 75863216 ($1,182.74 in chips)
Seat 2: ade7a4cb ($997.18 in chips)
Seat 6: 5e904257 ($238.58 in chips)
Seat 3: Hero ($1,439.06 in chips)
Seat 5: 1c0abb65 ($817.3 in chips)
5e904257: posts small blind $2
75863216: posts big blind $4
b2f4335c: posts big blind $4
*** HOLE CARDS ***
Dealt to b2f4335c 
Dealt to 75863216 
Dealt to ade7a4cb 
Dealt to 5e904257 
Dealt to Hero [5s As]
Dealt to 1c0abb65 
ade7a4cb: raises $8 to $12
Hero: calls $12
b2f4335c: raises $42 to $54
1c0abb65: folds
5e904257: calls $52
75863216: folds
ade7a4cb: calls $42
Hero: calls $42
*** FLOP *** [5h Kd 9c]
5e904257: checks
ade7a4cb: checks
Hero: checks
b2f4335c: checks
*** TURN *** [5h Kd 9c] [Ts]
5e904257: checks
ade7a4cb: bets $110
Hero: folds
b2f4335c: calls $110
5e904257: raises $74.58 to $184.58 and is all-in
ade7a4cb: calls $74.58
b2f4335c: calls $74.58
*** RIVER *** [5h Kd 9c Ts] [9h]
ade7a4cb: bets $758.6 and is all-in
b2f4335c: folds
Uncalled bet ($758.6) returned to ade7a4cb
ade7a4cb: shows [Kc 4s]
5e904257: shows [Qh Js]
*** SHOWDOWN ***
5e904257 collected $773.74 from pot
*** SUMMARY ***
Total pot $773.74
Board [5h Kd 9c Ts 9h]
Seat 4: b2f4335c folded on the River
Seat 1: 75863216(big blind) folded before Flop
Seat 2: ade7a4cb showed [Kc 4s] and lost with Pair of Kings and Pair of Nines
Seat 6: 5e904257(small blind) showed [Qh Js] and won ($773.74) with Kings-High Straight
Seat 3: Hero folded on the Turn
Seat 5: 1c0abb65 folded before Flop (didn't bet)



Poker Hand #ring_945858671: NLH No Limit ($2/$4) - 2025/06/20 02:59:32
Table 'MR NLH 2/4' 7-max Seat #0 is the button
Seat 1: 75863216 ($1,117.31 in chips)
Seat 2: ade7a4cb ($1,057.58 in chips)
Seat 6: 5e904257 ($248.58 in chips)
Seat 3: Hero ($1,439.06 in chips)
Seat 5: 1c0abb65 ($819.3 in chips)
1c0abb65: posts small blind $2
5e904257: posts big blind $4
*** HOLE CARDS ***
Dealt to 75863216 
Dealt to ade7a4cb 
Dealt to 5e904257 
Dealt to Hero [3s 7d]
Dealt to 1c0abb65 
75863216: raises $6 to $10
ade7a4cb: calls $10
Hero: folds
1c0abb65: folds
5e904257: calls $6
*** FLOP *** [5d 4s Jd]
5e904257: checks
75863216: bets $10.56
ade7a4cb: calls $10.56
5e904257: folds
*** TURN *** [5d 4s Jd] [9h]
75863216: checks
ade7a4cb: bets $39.84
75863216: calls $39.84
*** RIVER *** [5d 4s Jd 9h] [9s]
75863216: checks
ade7a4cb: checks
75863216: shows [7h 7s]
ade7a4cb: shows [Kd 4h]
*** SHOWDOWN ***
75863216 collected $132.8 from pot
*** SUMMARY ***
Total pot $132.8
Board [5d 4s Jd 9h 9s]
Seat 1: 75863216 showed [7h 7s] and won ($132.8) with Pair of Nines and Pair of Sevens
Seat 2: ade7a4cb showed [Kd 4h] and lost with Pair of Nines and Pair of Fours
Seat 6: 5e904257(big blind) folded on the Flop
Seat 3: Hero folded before Flop (didn't bet)
Seat 5: 1c0abb65(small blind) folded before Flop



Poker Hand #ring_945854999: NLH No Limit ($2/$4) - 2025/06/20 02:57:10
Table 'MR NLH 2/4' 7-max Seat #3 is the button
Seat 4: b2f4335c ($353.55 in chips)
Seat 1: 75863216 ($1,117.31 in chips)
Seat 2: ade7a4cb ($729.2 in chips)
Seat 6: 5e904257 ($252.58 in chips)
Seat 3: Hero ($1,439.06 in chips)
Seat 5: 1c0abb65 ($823.3 in chips)
b2f4335c: posts small blind $2
1c0abb65: posts big blind $4
5e904257: posts big blind $4
*** HOLE CARDS ***
Dealt to b2f4335c 
Dealt to 75863216 
Dealt to ade7a4cb 
Dealt to 5e904257 
Dealt to Hero [5d As]
Dealt to 1c0abb65 
5e904257: checks
75863216: folds
ade7a4cb: raises $8 to $12
Hero: folds
b2f4335c: raises $32 to $44
1c0abb65: folds
5e904257: folds
ade7a4cb: calls $32
*** FLOP *** [8h 9h Ah]
b2f4335c: checks
ade7a4cb: bets $31.68
b2f4335c: calls $31.68
*** TURN *** [8h 9h Ah] [3c]
b2f4335c: checks
ade7a4cb: bets $119.52
b2f4335c: raises $158.35 to $277.87 and is all-in
ade7a4cb: calls $158.35
ade7a4cb: shows [Ad 9s]
b2f4335c: shows [Ac Qc]
*** RIVER *** [8h 9h Ah 3c] [7h]
*** SHOWDOWN ***
ade7a4cb collected $715.1 from pot
*** SUMMARY ***
Total pot $715.1
Board [8h 9h Ah 3c 7h]
Seat 4: b2f4335c(small blind) showed [Ac Qc] and lost with Pair of Aces
Seat 1: 75863216 folded before Flop (didn't bet)
Seat 2: ade7a4cb showed [Ad 9s] and won ($715.1) with Pair of Aces and Pair of Nines
Seat 6: 5e904257 folded before Flop
Seat 3: Hero folded before Flop (didn't bet)
Seat 5: 1c0abb65(big blind) folded before Flop



Poker Hand #ring_945853664: NLH No Limit ($2/$4) - 2025/06/20 02:56:19
Table 'MR NLH 2/4' 7-max Seat #2 is the button
Seat 4: b2f4335c ($365.55 in chips)
Seat 1: 75863216 ($1,117.31 in chips)
Seat 2: ade7a4cb ($716.37 in chips)
Seat 3: Hero ($1,441.06 in chips)
Seat 5: 1c0abb65 ($823.3 in chips)
Hero: posts small blind $2
b2f4335c: posts big blind $4
*** HOLE CARDS ***
Dealt to b2f4335c 
Dealt to 75863216 
Dealt to ade7a4cb 
Dealt to Hero [Ah 6c]
Dealt to 1c0abb65 
1c0abb65: folds
75863216: folds
ade7a4cb: raises $8 to $12
Hero: folds
b2f4335c: calls $8
*** FLOP *** [Qc As 6h]
b2f4335c: checks
ade7a4cb: bets $8.58
b2f4335c: folds
Uncalled bet ($8.58) returned to ade7a4cb
*** SHOWDOWN ***
ade7a4cb collected $26 from pot
*** SUMMARY ***
Total pot $26
Board [Qc As 6h]
Seat 4: b2f4335c(big blind) folded on the Flop
Seat 1: 75863216 folded before Flop (didn't bet)
Seat 2: ade7a4cbwon ($26) with Ace-High
Seat 3: Hero(small blind) folded before Flop
Seat 5: 1c0abb65 folded before Flop (didn't bet)



Poker Hand #ring_945851299: NLH No Limit ($2/$4) - 2025/06/20 02:54:48
Table 'MR NLH 2/4' 7-max Seat #1 is the button
Seat 4: b2f4335c ($423.55 in chips)
Seat 1: 75863216 ($1,117.31 in chips)
Seat 2: ade7a4cb ($916.37 in chips)
Seat 6: 5e904257 ($200 in chips)
Seat 3: Hero ($1,013.67 in chips)
ade7a4cb: posts small blind $2
Hero: posts big blind $4
5e904257: posts big blind $4
*** HOLE CARDS ***
Dealt to b2f4335c 
Dealt to 75863216 
Dealt to ade7a4cb 
Dealt to 5e904257 
Dealt to Hero [Td Ad]
b2f4335c: raises $8 to $12
5e904257: calls $8
75863216: folds
ade7a4cb: calls $10
Hero: raises $46 to $58
b2f4335c: calls $46
5e904257: calls $46
ade7a4cb: calls $46
*** FLOP *** [7h Ac 9s]
ade7a4cb: checks
Hero: bets $116
b2f4335c: folds
5e904257: raises $26 to $142 and is all-in
ade7a4cb: calls $142
Hero: calls $26
*** TURN *** [7h Ac 9s] [8c]
ade7a4cb: checks
Hero: checks
*** RIVER *** [7h Ac 9s 8c] [Th]
ade7a4cb: checks
Hero: checks
ade7a4cb: shows [5h 7s]
Hero: shows [Td Ad]
5e904257: shows [Qc 9d]
*** SHOWDOWN ***
Hero collected $658 from pot
*** SUMMARY ***
Total pot $658
Board [7h Ac 9s 8c Th]
Seat 4: b2f4335c folded on the Flop
Seat 1: 75863216 folded before Flop (didn't bet)
Seat 2: ade7a4cb(small blind) showed [5h 7s] and lost with Pair of Sevens
Seat 6: 5e904257 showed [Qc 9d] and lost with Pair of Nines
Seat 3: Hero(big blind) showed [Td Ad] and won ($658) with Pair of Aces and Pair of Tens



Poker Hand #ring_945849803: NLH No Limit ($2/$4) - 2025/06/20 02:53:52
Table 'MR NLH 2/4' 7-max Seat #5 is the button
Seat 4: b2f4335c ($471.55 in chips)
Seat 1: 75863216 ($1,119.31 in chips)
Seat 2: ade7a4cb ($871.78 in chips)
Seat 3: Hero ($1,013.67 in chips)
Seat 5: 1c0abb65 ($823.3 in chips)
75863216: posts small blind $2
ade7a4cb: posts big blind $4
*** HOLE CARDS ***
Dealt to b2f4335c 
Dealt to 75863216 
Dealt to ade7a4cb 
Dealt to Hero [3s 6d]
Dealt to 1c0abb65 
Hero: folds
b2f4335c: raises $8 to $12
1c0abb65: folds
75863216: folds
ade7a4cb: raises $36 to $48
b2f4335c: calls $36
*** FLOP *** [5d 2h 7d]
ade7a4cb: bets $32.34
b2f4335c: folds
Uncalled bet ($32.34) returned to ade7a4cb
*** SHOWDOWN ***
ade7a4cb collected $98 from pot
*** SUMMARY ***
Total pot $98
Board [5d 2h 7d]
Seat 4: b2f4335c folded on the Flop
Seat 1: 75863216(small blind) folded before Flop
Seat 2: ade7a4cb(big blind)won ($98) with King-High
Seat 3: Hero folded before Flop (didn't bet)
Seat 5: 1c0abb65 folded before Flop (didn't bet)



Poker Hand #ring_945847648: NLH No Limit ($2/$4) - 2025/06/20 02:52:31
Table 'MR NLH 2/4' 7-max Seat #4 is the button
Seat 4: b2f4335c ($545.95 in chips)
Seat 1: 75863216 ($1,123.31 in chips)
Seat 2: ade7a4cb ($871.78 in chips)
Seat 3: Hero ($941.23 in chips)
Seat 5: 1c0abb65 ($825.3 in chips)
1c0abb65: posts small blind $2
75863216: posts big blind $4
*** HOLE CARDS ***
Dealt to b2f4335c 
Dealt to 75863216 
Dealt to ade7a4cb 
Dealt to Hero [Qs Qh]
Dealt to 1c0abb65 
ade7a4cb: folds
Hero: raises $8 to $12
b2f4335c: calls $12
1c0abb65: folds
75863216: folds
*** FLOP *** [Jc 5d As]
Hero: bets $15
b2f4335c: calls $15
*** TURN *** [Jc 5d As] [Kc]
Hero: bets $47.4
b2f4335c: calls $47.4
*** RIVER *** [Jc 5d As Kc] [6h]
Hero: checks
b2f4335c: checks
Hero: shows [Qs Qh]
b2f4335c: shows [9c 5c]
*** SHOWDOWN ***
Hero collected $154.8 from pot
*** SUMMARY ***
Total pot $154.8
Board [Jc 5d As Kc 6h]
Seat 4: b2f4335c showed [9c 5c] and lost with Pair of Fives
Seat 1: 75863216(big blind) folded before Flop
Seat 2: ade7a4cb folded before Flop (didn't bet)
Seat 3: Hero showed [Qs Qh] and won ($154.8) with Pair of Queens
Seat 5: 1c0abb65(small blind) folded before Flop



Poker Hand #ring_945845831: NLH No Limit ($2/$4) - 2025/06/20 02:51:22
Table 'MR NLH 2/4' 7-max Seat #3 is the button
Seat 4: b2f4335c ($575.45 in chips)
Seat 6: ab68e0b1 ($2,901.37 in chips)
Seat 1: 75863216 ($911.84 in chips)
Seat 2: ade7a4cb ($1,070.2 in chips)
Seat 3: Hero ($941.23 in chips)
Seat 5: 1c0abb65 ($829.3 in chips)
b2f4335c: posts small blind $2
1c0abb65: posts big blind $4
75863216: posts big blind $0
75863216: posts small blind $2
*** HOLE CARDS ***
Dealt to b2f4335c 
Dealt to ab68e0b1 
Dealt to 75863216 
Dealt to ade7a4cb 
Dealt to Hero [6h 5h]
Dealt to 1c0abb65 
ab68e0b1: folds
75863216: raises $6 to $10
ade7a4cb: raises $19.5 to $29.5
Hero: folds
b2f4335c: calls $27.5
1c0abb65: folds
75863216: calls $19.5
*** FLOP *** [6d 7c 8h]
b2f4335c: checks
75863216: checks
ade7a4cb: bets $31.19
b2f4335c: folds
75863216: calls $31.19
*** TURN *** [6d 7c 8h] [Th]
75863216: checks
ade7a4cb: checks
*** RIVER *** [6d 7c 8h Th] [Qh]
75863216: bets $51.78
ade7a4cb: raises $85.95 to $137.73
75863216: calls $85.95
75863216: shows [9d Jd]
ade7a4cb: shows [8s 8c]
*** SHOWDOWN ***
75863216 collected $432.34 from pot
*** SUMMARY ***
Total pot $430.34
Board [6d 7c 8h Th Qh]
Seat 4: b2f4335c(small blind) folded on the Flop
Seat 6: ab68e0b1 folded before Flop (didn't bet)
Seat 1: 75863216 showed [9d Jd] and won ($432.34) with Queens-High Straight
Seat 2: ade7a4cb showed [8s 8c] and lost with Three Eights
Seat 3: Hero folded before Flop (didn't bet)
Seat 5: 1c0abb65(big blind) folded before Flop



Poker Hand #ring_945843892: NLH No Limit ($2/$4) - 2025/06/20 02:50:08
Table 'MR NLH 2/4' 7-max Seat #2 is the button
Seat 4: b2f4335c ($628.4 in chips)
Seat 6: ab68e0b1 ($2,901.37 in chips)
Seat 2: ade7a4cb ($1,021.1 in chips)
Seat 3: Hero ($943.23 in chips)
Seat 5: 1c0abb65 ($829.3 in chips)
Hero: posts small blind $2
b2f4335c: posts big blind $4
*** HOLE CARDS ***
Dealt to b2f4335c 
Dealt to ab68e0b1 
Dealt to ade7a4cb 
Dealt to Hero [6h 4d]
Dealt to 1c0abb65 
1c0abb65: folds
ab68e0b1: folds
ade7a4cb: raises $8 to $12
Hero: folds
b2f4335c: calls $8
*** FLOP *** [6s 5c Jd]
b2f4335c: checks
ade7a4cb: bets $8.58
b2f4335c: calls $8.58
*** TURN *** [6s 5c Jd] [Jh]
b2f4335c: checks
ade7a4cb: bets $32.37
b2f4335c: calls $32.37
*** RIVER *** [6s 5c Jd Jh] [9h]
b2f4335c: checks
ade7a4cb: checks
ade7a4cb: shows [Ts 8h]
b2f4335c: shows [8s 4s]
*** SHOWDOWN ***
ade7a4cb collected $107.9 from pot
*** SUMMARY ***
Total pot $107.9
Board [6s 5c Jd Jh 9h]
Seat 4: b2f4335c(big blind) showed [8s 4s] and lost with Pair of Jacks
Seat 6: ab68e0b1 folded before Flop (didn't bet)
Seat 2: ade7a4cb showed [Ts 8h] and won ($107.9) with Pair of Jacks
Seat 3: Hero(small blind) folded before Flop
Seat 5: 1c0abb65 folded before Flop (didn't bet)



Poker Hand #ring_945842572: NLH No Limit ($2/$4) - 2025/06/20 02:49:18
Table 'MR NLH 2/4' 7-max Seat #0 is the button
Seat 4: b2f4335c ($628.4 in chips)
Seat 6: ab68e0b1 ($2,909.37 in chips)
Seat 2: ade7a4cb ($1,009.1 in chips)
Seat 3: Hero ($947.23 in chips)
Seat 5: 1c0abb65 ($829.3 in chips)
ade7a4cb: posts small blind $2
Hero: posts big blind $4
*** HOLE CARDS ***
Dealt to b2f4335c 
Dealt to ab68e0b1 
Dealt to ade7a4cb 
Dealt to Hero [5d 9s]
Dealt to 1c0abb65 
b2f4335c: folds
1c0abb65: folds
ab68e0b1: raises $4 to $8
ade7a4cb: raises $52 to $60
Hero: folds
ab68e0b1: folds
Uncalled bet ($52) returned to ade7a4cb
*** SHOWDOWN ***
ade7a4cb collected $20 from pot
*** SUMMARY ***
Total pot $20
Seat 4: b2f4335c folded before Flop (didn't bet)
Seat 6: ab68e0b1 folded before Flop
Seat 2: ade7a4cb(small blind)won ($20)
Seat 3: Hero(big blind) folded before Flop
Seat 5: 1c0abb65 folded before Flop (didn't bet)



Poker Hand #ring_945840297: NLH No Limit ($2/$4) - 2025/06/20 02:47:51
Table 'MR NLH 2/4' 7-max Seat #0 is the button
Seat 4: b2f4335c ($500 in chips)
Seat 6: ab68e0b1 ($2,909.37 in chips)
Seat 2: ade7a4cb ($1,013.1 in chips)
Seat 3: Hero ($1,085.23 in chips)
Seat 5: 1c0abb65 ($829.3 in chips)
ade7a4cb: posts big blind $4
b2f4335c: posts big blind $4
*** HOLE CARDS ***
Dealt to b2f4335c 
Dealt to ab68e0b1 
Dealt to ade7a4cb 
Dealt to Hero [Ts Js]
Dealt to 1c0abb65 
Hero: raises $8 to $12
b2f4335c: raises $14 to $26
1c0abb65: folds
ab68e0b1: folds
ade7a4cb: folds
Hero: calls $14
*** FLOP *** [4s 7d Th]
Hero: checks
b2f4335c: bets $28
Hero: calls $28
*** TURN *** [4s 7d Th] [Qd]
Hero: checks
b2f4335c: bets $84
Hero: calls $84
*** RIVER *** [4s 7d Th Qd] [Ah]
Hero: checks
b2f4335c: bets $140
Hero: folds
Uncalled bet ($140) returned to b2f4335c
*** SHOWDOWN ***
b2f4335c collected $280 from pot
*** SUMMARY ***
Total pot $280
Board [4s 7d Th Qd Ah]
Seat 4: b2f4335cwon ($280) with Three Aces
Seat 6: ab68e0b1 folded before Flop (didn't bet)
Seat 2: ade7a4cb(big blind) folded before Flop
Seat 3: Hero folded on the River
Seat 5: 1c0abb65 folded before Flop (didn't bet)



Poker Hand #ring_945838537: NLH No Limit ($2/$4) - 2025/06/20 02:46:45
Table 'MR NLH 2/4' 7-max Seat #6 is the button
Seat 6: ab68e0b1 ($2,935.37 in chips)
Seat 1: 75863216 ($915.84 in chips)
Seat 2: ade7a4cb ($986.62 in chips)
Seat 3: Hero ($1,085.23 in chips)
Seat 5: 1c0abb65 ($829.3 in chips)
75863216: posts big blind $4
*** HOLE CARDS ***
Dealt to ab68e0b1 
Dealt to 75863216 
Dealt to ade7a4cb 
Dealt to Hero [Tc 3d]
Dealt to 1c0abb65 
ade7a4cb: raises $8 to $12
Hero: folds
1c0abb65: folds
ab68e0b1: calls $12
75863216: folds
*** FLOP *** [7c 4c 2s]
ade7a4cb: bets $14
ab68e0b1: calls $14
*** TURN *** [7c 4c 2s] [Qc]
ade7a4cb: bets $42
ab68e0b1: folds
Uncalled bet ($42) returned to ade7a4cb
*** SHOWDOWN ***
ade7a4cb collected $56 from pot
*** SUMMARY ***
Total pot $56
Board [7c 4c 2s Qc]
Seat 6: ab68e0b1 folded on the Turn
Seat 1: 75863216(big blind) folded before Flop
Seat 2: ade7a4cbwon ($56) with Pair of Queens
Seat 3: Hero folded before Flop (didn't bet)
Seat 5: 1c0abb65 folded before Flop (didn't bet)



Poker Hand #ring_945836622: NLH No Limit ($2/$4) - 2025/06/20 02:45:32
Table 'MR NLH 2/4' 7-max Seat #5 is the button
Seat 6: ab68e0b1 ($2,937.37 in chips)
Seat 1: 75863216 ($915.84 in chips)
Seat 2: ade7a4cb ($1,013.62 in chips)
Seat 7: a6335ecc ($1,519.33 in chips)
Seat 3: Hero ($1,085.23 in chips)
Seat 5: 1c0abb65 ($800 in chips)
ab68e0b1: posts small blind $2
a6335ecc: posts big blind $4
*** HOLE CARDS ***
Dealt to ab68e0b1 
Dealt to 75863216 
Dealt to ade7a4cb 
Dealt to a6335ecc 
Dealt to Hero [Ks 2h]
Dealt to 1c0abb65 
75863216: folds
ade7a4cb: raises $8 to $12
Hero: folds
1c0abb65: calls $12
ab68e0b1: folds
a6335ecc: folds
*** FLOP *** [8d 5d 3h]
ade7a4cb: bets $15
1c0abb65: calls $15
*** TURN *** [8d 5d 3h] [4c]
ade7a4cb: checks
1c0abb65: checks
*** RIVER *** [8d 5d 3h 4c] [As]
ade7a4cb: checks
1c0abb65: bets $45
ade7a4cb: folds
Uncalled bet ($45) returned to 1c0abb65
*** SHOWDOWN ***
1c0abb65 collected $60 from pot
*** SUMMARY ***
Total pot $60
Board [8d 5d 3h 4c As]
Seat 6: ab68e0b1(small blind) folded before Flop
Seat 1: 75863216 folded before Flop (didn't bet)
Seat 2: ade7a4cb folded on the River
Seat 7: a6335ecc(big blind) folded before Flop
Seat 3: Hero folded before Flop (didn't bet)
Seat 5: 1c0abb65won ($60) with Pair of Aces



Poker Hand #ring_945834018: NLH No Limit ($2/$4) - 2025/06/20 02:43:56
Table 'MR NLH 2/4' 7-max Seat #3 is the button
Seat 6: ab68e0b1 ($2,947.37 in chips)
Seat 1: 75863216 ($939.7 in chips)
Seat 2: ade7a4cb ($1,037.48 in chips)
Seat 7: a6335ecc ($1,519.33 in chips)
Seat 3: Hero ($1,030.27 in chips)
Seat 5: 1c0abb65 ($671.01 in chips)
1c0abb65: posts small blind $2
ab68e0b1: posts big blind $4
*** HOLE CARDS ***
Dealt to ab68e0b1 
Dealt to 75863216 
Dealt to ade7a4cb 
Dealt to a6335ecc 
Dealt to Hero [Ad Jc]
Dealt to 1c0abb65 
a6335ecc: folds
75863216: raises $6 to $10
ade7a4cb: calls $10
Hero: calls $10
1c0abb65: folds
ab68e0b1: calls $6
*** FLOP *** [4c Ah 9c]
ab68e0b1: checks
75863216: checks
ade7a4cb: bets $13.86
Hero: calls $13.86
ab68e0b1: folds
75863216: calls $13.86
*** TURN *** [4c Ah 9c] [As]
75863216: checks
ade7a4cb: checks
Hero: checks
*** RIVER *** [4c Ah 9c As] [Kh]
75863216: checks
ade7a4cb: checks
Hero: bets $41.79
75863216: folds
ade7a4cb: folds
Uncalled bet ($41.79) returned to Hero
*** SHOWDOWN ***
Hero collected $83.58 from pot
*** SUMMARY ***
Total pot $83.58
Board [4c Ah 9c As Kh]
Seat 6: ab68e0b1(big blind) folded on the Flop
Seat 1: 75863216 folded on the River
Seat 2: ade7a4cb folded on the River
Seat 7: a6335ecc folded before Flop (didn't bet)
Seat 3: Herowon ($83.58) with Three Aces
Seat 5: 1c0abb65(small blind) folded before Flop



Poker Hand #ring_945831635: NLH No Limit ($2/$4) - 2025/06/20 02:42:29
Table 'MR NLH 2/4' 7-max Seat #2 is the button
Seat 6: ab68e0b1 ($2,947.37 in chips)
Seat 1: 75863216 ($939.7 in chips)
Seat 2: ade7a4cb ($799.1 in chips)
Seat 7: a6335ecc ($1,519.33 in chips)
Seat 3: Hero ($1,032.27 in chips)
Seat 5: 1c0abb65 ($931.96 in chips)
Hero: posts small blind $2
1c0abb65: posts big blind $4
*** HOLE CARDS ***
Dealt to ab68e0b1 
Dealt to 75863216 
Dealt to ade7a4cb 
Dealt to a6335ecc 
Dealt to Hero [6h 2s]
Dealt to 1c0abb65 
ab68e0b1: folds
a6335ecc: folds
75863216: folds
ade7a4cb: raises $8 to $12
Hero: folds
1c0abb65: calls $8
*** FLOP *** [8h Ad 8c]
1c0abb65: checks
ade7a4cb: bets $8.58
1c0abb65: calls $8.58
*** TURN *** [8h Ad 8c] [3c]
1c0abb65: checks
ade7a4cb: bets $32.37
1c0abb65: calls $32.37
*** RIVER *** [8h Ad 8c 3c] [Jd]
1c0abb65: checks
ade7a4cb: bets $208
1c0abb65: calls $208
ade7a4cb: shows [Qh 8d]
1c0abb65: shows [3s As]
*** SHOWDOWN ***
ade7a4cb collected $523.9 from pot
*** SUMMARY ***
Total pot $523.9
Board [8h Ad 8c 3c Jd]
Seat 6: ab68e0b1 folded before Flop (didn't bet)
Seat 1: 75863216 folded before Flop (didn't bet)
Seat 2: ade7a4cb showed [Qh 8d] and won ($523.9) with Three Eights
Seat 7: a6335ecc folded before Flop (didn't bet)
Seat 3: Hero(small blind) folded before Flop
Seat 5: 1c0abb65(big blind) showed [3s As] and lost with Pair of Aces and Pair of Eights



Poker Hand #ring_945829123: NLH No Limit ($2/$4) - 2025/06/20 02:41:00
Table 'MR NLH 2/4' 7-max Seat #1 is the button
Seat 6: ab68e0b1 ($2,957.37 in chips)
Seat 1: 75863216 ($939.7 in chips)
Seat 2: ade7a4cb ($809.1 in chips)
Seat 7: a6335ecc ($1,519.33 in chips)
Seat 3: Hero ($1,122.27 in chips)
Seat 4: d1523ab9 ($1,540.57 in chips)
Seat 5: 1c0abb65 ($831.96 in chips)
ade7a4cb: posts small blind $2
Hero: posts big blind $4
*** HOLE CARDS ***
Dealt to ab68e0b1 
Dealt to 75863216 
Dealt to ade7a4cb 
Dealt to a6335ecc 
Dealt to Hero [Tc 3c]
Dealt to d1523ab9 
Dealt to 1c0abb65 
d1523ab9: folds
1c0abb65: raises $6 to $10
ab68e0b1: calls $10
a6335ecc: folds
75863216: folds
ade7a4cb: calls $8
Hero: calls $6
*** FLOP *** [Th Kc 9c]
ade7a4cb: checks
Hero: bets $20
1c0abb65: raises $60 to $80
ab68e0b1: folds
ade7a4cb: folds
Hero: calls $60
*** TURN *** [Th Kc 9c] [9d]
Hero: checks
1c0abb65: bets $200
Hero: folds
Uncalled bet ($200) returned to 1c0abb65
*** SHOWDOWN ***
1c0abb65 collected $200 from pot
*** SUMMARY ***
Total pot $200
Board [Th Kc 9c 9d]
Seat 6: ab68e0b1 folded on the Flop
Seat 1: 75863216 folded before Flop (didn't bet)
Seat 2: ade7a4cb(small blind) folded on the Flop
Seat 7: a6335ecc folded before Flop (didn't bet)
Seat 3: Hero(big blind) folded on the Turn
Seat 4: d1523ab9 folded before Flop (didn't bet)
Seat 5: 1c0abb65won ($200) with Kings-High Straight



Poker Hand #ring_945827698: NLH No Limit ($2/$4) - 2025/06/20 02:40:09
Table 'MR NLH 2/4' 7-max Seat #7 is the button
Seat 6: ab68e0b1 ($2,957.37 in chips)
Seat 1: 75863216 ($949.7 in chips)
Seat 2: ade7a4cb ($800 in chips)
Seat 7: a6335ecc ($1,519.33 in chips)
Seat 3: Hero ($1,122.27 in chips)
Seat 4: d1523ab9 ($1,540.57 in chips)
Seat 5: 1c0abb65 ($831.96 in chips)
75863216: posts small blind $2
ade7a4cb: posts big blind $4
*** HOLE CARDS ***
Dealt to ab68e0b1 
Dealt to 75863216 
Dealt to ade7a4cb 
Dealt to a6335ecc 
Dealt to Hero [Qh Ts]
Dealt to d1523ab9 
Dealt to 1c0abb65 
Hero: folds
d1523ab9: folds
1c0abb65: folds
ab68e0b1: folds
a6335ecc: folds
75863216: calls $2
ade7a4cb: checks
*** FLOP *** [8c 2d 5c]
75863216: checks
ade7a4cb: bets $6
75863216: calls $6
*** TURN *** [8c 2d 5c] [Jh]
75863216: checks
ade7a4cb: checks
*** RIVER *** [8c 2d 5c Jh] [Qd]
75863216: checks
ade7a4cb: bets $40
75863216: folds
Uncalled bet ($40) returned to ade7a4cb
*** SHOWDOWN ***
ade7a4cb collected $20 from pot
*** SUMMARY ***
Total pot $20
Board [8c 2d 5c Jh Qd]
Seat 6: ab68e0b1 folded before Flop (didn't bet)
Seat 1: 75863216(small blind) folded on the River
Seat 2: ade7a4cb(big blind)won ($20) with Queen-High
Seat 7: a6335ecc folded before Flop (didn't bet)
Seat 3: Hero folded before Flop (didn't bet)
Seat 4: d1523ab9 folded before Flop (didn't bet)
Seat 5: 1c0abb65 folded before Flop (didn't bet)



Poker Hand #ring_945824124: NLH No Limit ($2/$4) - 2025/06/20 02:37:58
Table 'MR NLH 2/4' 7-max Seat #6 is the button
Seat 6: ab68e0b1 ($1,538.88 in chips)
Seat 1: 75863216 ($2,488.58 in chips)
Seat 2: ade7a4cb ($800 in chips)
Seat 7: a6335ecc ($1,529.33 in chips)
Seat 3: Hero ($1,122.27 in chips)
Seat 4: d1523ab9 ($1,540.57 in chips)
Seat 5: 1c0abb65 ($841.96 in chips)
a6335ecc: posts small blind $2
75863216: posts big blind $4
*** HOLE CARDS ***
Dealt to ab68e0b1 
Dealt to 75863216 
Dealt to ade7a4cb 
Dealt to a6335ecc 
Dealt to Hero [9c 4s]
Dealt to d1523ab9 
Dealt to 1c0abb65 
ade7a4cb: folds
Hero: folds
d1523ab9: folds
1c0abb65: raises $6 to $10
ab68e0b1: calls $10
a6335ecc: calls $8
75863216: calls $6
*** FIRST FLOP *** [6s 5c 9d]
a6335ecc: checks
75863216: checks
1c0abb65: checks
ab68e0b1: bets $40
a6335ecc: folds
75863216: raises $120 to $160
1c0abb65: folds
ab68e0b1: calls $120
*** FIRST TURN *** [6s 5c 9d] [Kc]
75863216: bets $270
ab68e0b1: raises $1,098.88 to $1,368.88 and is all-in
75863216: calls $1,098.88
75863216: shows [6c 9s]
ab68e0b1: shows [7s 8s]
*** FIRST RIVER *** [6s 5c 9d Kc] [3d]
*** SECOND RIVER *** [6s 5c 9d Kc] [Qc]
*** FIRST SHOWDOWN ***
ab68e0b1 collected $1,549.39 from pot
*** SECOND SHOWDOWN ***
ab68e0b1 collected $1,548.37 from pot
*** SUMMARY ***
Total pot $3,097.76
Hand was run two timesFIRST Board [6s 5c 9d Kc 3d]
SECOND Board [Qc]
Seat 6: ab68e0b1 showed [7s 8s] and won ($3,097.76) with Nines-High Straight / Nines-High Straight
Seat 1: 75863216(big blind) showed [6c 9s] and lost with Pair of Nines and Pair of Sixes / Pair of Nines and Pair of Sixes
Seat 2: ade7a4cb folded before Flop (didn't bet)
Seat 7: a6335ecc(small blind) folded on the Flop
Seat 3: Hero folded before Flop (didn't bet)
Seat 4: d1523ab9 folded before Flop (didn't bet)
Seat 5: 1c0abb65 folded on the Flop



Poker Hand #ring_945822788: NLH No Limit ($2/$4) - 2025/06/20 02:37:07
Table 'MR NLH 2/4' 7-max Seat #5 is the button
Seat 6: ab68e0b1 ($1,499.66 in chips)
Seat 1: 75863216 ($2,488.58 in chips)
Seat 2: ade7a4cb ($806.74 in chips)
Seat 7: a6335ecc ($1,533.33 in chips)
Seat 3: Hero ($1,122.27 in chips)
Seat 4: d1523ab9 ($1,540.57 in chips)
Seat 5: 1c0abb65 ($841.96 in chips)
ab68e0b1: posts small blind $2
a6335ecc: posts big blind $4
*** HOLE CARDS ***
Dealt to ab68e0b1 
Dealt to 75863216 
Dealt to ade7a4cb 
Dealt to a6335ecc 
Dealt to Hero [Ac 6s]
Dealt to d1523ab9 
Dealt to 1c0abb65 
75863216: folds
ade7a4cb: raises $8 to $12
Hero: folds
d1523ab9: folds
1c0abb65: folds
ab68e0b1: raises $28 to $40
a6335ecc: folds
ade7a4cb: calls $28
*** FLOP *** [8h 2h 2d]
ab68e0b1: bets $63
ade7a4cb: folds
Uncalled bet ($63) returned to ab68e0b1
*** SHOWDOWN ***
ab68e0b1 collected $84 from pot
*** SUMMARY ***
Total pot $84
Board [8h 2h 2d]
Seat 6: ab68e0b1(small blind)won ($84) with Pair of Kings and Pair of Twos
Seat 1: 75863216 folded before Flop (didn't bet)
Seat 2: ade7a4cb folded on the Flop
Seat 7: a6335ecc(big blind) folded before Flop
Seat 3: Hero folded before Flop (didn't bet)
Seat 4: d1523ab9 folded before Flop (didn't bet)
Seat 5: 1c0abb65 folded before Flop (didn't bet)



Poker Hand #ring_945822025: NLH No Limit ($2/$4) - 2025/06/20 02:36:39
Table 'MR NLH 2/4' 7-max Seat #4 is the button
Seat 6: ab68e0b1 ($1,503.66 in chips)
Seat 1: 75863216 ($2,488.58 in chips)
Seat 2: ade7a4cb ($800.74 in chips)
Seat 7: a6335ecc ($1,533.33 in chips)
Seat 3: Hero ($1,122.27 in chips)
Seat 4: d1523ab9 ($1,540.57 in chips)
Seat 5: 1c0abb65 ($843.96 in chips)
1c0abb65: posts small blind $2
ab68e0b1: posts big blind $4
*** HOLE CARDS ***
Dealt to ab68e0b1 
Dealt to 75863216 
Dealt to ade7a4cb 
Dealt to a6335ecc 
Dealt to Hero [Ts 4c]
Dealt to d1523ab9 
Dealt to 1c0abb65 
a6335ecc: folds
75863216: folds
ade7a4cb: raises $8 to $12
Hero: folds
d1523ab9: folds
1c0abb65: folds
ab68e0b1: folds
Uncalled bet ($8) returned to ade7a4cb
*** SHOWDOWN ***
ade7a4cb collected $10 from pot
*** SUMMARY ***
Total pot $10
Seat 6: ab68e0b1(big blind) folded before Flop
Seat 1: 75863216 folded before Flop (didn't bet)
Seat 2: ade7a4cbwon ($10)
Seat 7: a6335ecc folded before Flop (didn't bet)
Seat 3: Hero folded before Flop (didn't bet)
Seat 4: d1523ab9 folded before Flop (didn't bet)
Seat 5: 1c0abb65(small blind) folded before Flop



Poker Hand #ring_945821071: NLH No Limit ($2/$4) - 2025/06/20 02:36:04
Table 'MR NLH 2/4' 7-max Seat #3 is the button
Seat 6: ab68e0b1 ($1,503.66 in chips)
Seat 1: 75863216 ($2,488.58 in chips)
Seat 2: ade7a4cb ($786 in chips)
Seat 7: a6335ecc ($1,533.33 in chips)
Seat 3: Hero ($1,122.27 in chips)
Seat 4: d1523ab9 ($1,552.57 in chips)
Seat 5: 1c0abb65 ($847.96 in chips)
d1523ab9: posts small blind $2
1c0abb65: posts big blind $4
*** HOLE CARDS ***
Dealt to ab68e0b1 
Dealt to 75863216 
Dealt to ade7a4cb 
Dealt to a6335ecc 
Dealt to Hero [Kd 9h]
Dealt to d1523ab9 
Dealt to 1c0abb65 
ab68e0b1: folds
a6335ecc: folds
75863216: folds
ade7a4cb: raises $8 to $12
Hero: folds
d1523ab9: calls $10
1c0abb65: folds
*** FLOP *** [2d 5s 3c]
d1523ab9: checks
ade7a4cb: bets $14
d1523ab9: folds
Uncalled bet ($14) returned to ade7a4cb
*** SHOWDOWN ***
ade7a4cb collected $28 from pot
*** SUMMARY ***
Total pot $28
Board [2d 5s 3c]
Seat 6: ab68e0b1 folded before Flop (didn't bet)
Seat 1: 75863216 folded before Flop (didn't bet)
Seat 2: ade7a4cbwon ($28) with Nine-High
Seat 7: a6335ecc folded before Flop (didn't bet)
Seat 3: Hero folded before Flop (didn't bet)
Seat 4: d1523ab9(small blind) folded on the Flop
Seat 5: 1c0abb65(big blind) folded before Flop



Poker Hand #ring_945819474: NLH No Limit ($2/$4) - 2025/06/20 02:35:06
Table 'MR NLH 2/4' 7-max Seat #2 is the button
Seat 6: ab68e0b1 ($1,503.66 in chips)
Seat 1: 75863216 ($2,488.58 in chips)
Seat 2: ade7a4cb ($798 in chips)
Seat 7: a6335ecc ($1,516.68 in chips)
Seat 3: Hero ($1,124.27 in chips)
Seat 4: d1523ab9 ($1,556.57 in chips)
Seat 5: 1c0abb65 ($847.96 in chips)
Hero: posts small blind $2
d1523ab9: posts big blind $4
*** HOLE CARDS ***
Dealt to ab68e0b1 
Dealt to 75863216 
Dealt to ade7a4cb 
Dealt to a6335ecc 
Dealt to Hero [8d 5s]
Dealt to d1523ab9 
Dealt to 1c0abb65 
1c0abb65: folds
ab68e0b1: folds
a6335ecc: raises $8 to $12
75863216: folds
ade7a4cb: calls $12
Hero: folds
d1523ab9: folds
*** FLOP *** [8c Jh As]
a6335ecc: bets $22.5
ade7a4cb: folds
Uncalled bet ($22.5) returned to a6335ecc
*** SHOWDOWN ***
a6335ecc collected $30 from pot
*** SUMMARY ***
Total pot $30
Board [8c Jh As]
Seat 6: ab68e0b1 folded before Flop (didn't bet)
Seat 1: 75863216 folded before Flop (didn't bet)
Seat 2: ade7a4cb folded on the Flop
Seat 7: a6335eccwon ($30) with Pair of Jacks
Seat 3: Hero(small blind) folded before Flop
Seat 4: d1523ab9(big blind) folded before Flop
Seat 5: 1c0abb65 folded before Flop (didn't bet)



Poker Hand #ring_945815700: NLH No Limit ($2/$4) - 2025/06/20 02:32:46
Table 'MR NLH 2/4' 7-max Seat #1 is the button
Seat 6: ab68e0b1 ($1,406.11 in chips)
Seat 1: 75863216 ($2,488.58 in chips)
Seat 2: ade7a4cb ($800 in chips)
Seat 7: a6335ecc ($1,516.68 in chips)
Seat 3: Hero ($1,128.27 in chips)
Seat 4: d1523ab9 ($1,556.57 in chips)
Seat 5: 1c0abb65 ($949.96 in chips)
ade7a4cb: posts small blind $2
Hero: posts big blind $4
*** HOLE CARDS ***
Dealt to ab68e0b1 
Dealt to 75863216 
Dealt to ade7a4cb 
Dealt to a6335ecc 
Dealt to Hero [3d Qs]
Dealt to d1523ab9 
Dealt to 1c0abb65 
d1523ab9: folds
1c0abb65: raises $6 to $10
ab68e0b1: raises $13 to $23
a6335ecc: folds
75863216: folds
ade7a4cb: folds
Hero: folds
1c0abb65: calls $13
*** FLOP *** [5d 3c 9c]
1c0abb65: checks
ab68e0b1: bets $39
1c0abb65: calls $39
*** TURN *** [5d 3c 9c] [8h]
1c0abb65: checks
ab68e0b1: bets $40
1c0abb65: calls $40
*** RIVER *** [5d 3c 9c 8h] [4d]
1c0abb65: checks
ab68e0b1: checks
1c0abb65: shows [6d 6s]
ab68e0b1: shows [Js Jd]
*** SHOWDOWN ***
ab68e0b1 collected $210 from pot
*** SUMMARY ***
Total pot $210
Board [5d 3c 9c 8h 4d]
Seat 6: ab68e0b1 showed [Js Jd] and won ($210) with Pair of Jacks
Seat 1: 75863216 folded before Flop (didn't bet)
Seat 2: ade7a4cb(small blind) folded before Flop
Seat 7: a6335ecc folded before Flop (didn't bet)
Seat 3: Hero(big blind) folded before Flop
Seat 4: d1523ab9 folded before Flop (didn't bet)
Seat 5: 1c0abb65 showed [6d 6s] and lost with Pair of Sixes



Poker Hand #ring_945812995: NLH No Limit ($2/$4) - 2025/06/20 02:31:09
Table 'MR NLH 2/4' 7-max Seat #7 is the button
Seat 6: ab68e0b1 ($1,416.11 in chips)
Seat 1: 75863216 ($2,490.58 in chips)
Seat 2: ade7a4cb ($735 in chips)
Seat 7: a6335ecc ($1,516.68 in chips)
Seat 3: Hero ($1,128.27 in chips)
Seat 4: d1523ab9 ($1,556.57 in chips)
Seat 5: 1c0abb65 ($853.96 in chips)
75863216: posts small blind $2
ade7a4cb: posts big blind $4
*** HOLE CARDS ***
Dealt to ab68e0b1 
Dealt to 75863216 
Dealt to ade7a4cb 
Dealt to a6335ecc 
Dealt to Hero [Tc 2h]
Dealt to d1523ab9 
Dealt to 1c0abb65 
Hero: folds
d1523ab9: folds
1c0abb65: raises $6 to $10
ab68e0b1: calls $10
a6335ecc: folds
75863216: folds
ade7a4cb: calls $6
*** FLOP *** [8d As 4h]
ade7a4cb: checks
1c0abb65: checks
ab68e0b1: checks
*** TURN *** [8d As 4h] [Td]
ade7a4cb: bets $24
1c0abb65: calls $24
ab68e0b1: folds
*** RIVER *** [8d As 4h Td] [2c]
ade7a4cb: bets $60
1c0abb65: calls $60
ade7a4cb: shows [9h 7s]
1c0abb65: shows [Ts Qh]
*** SHOWDOWN ***
1c0abb65 collected $200 from pot
*** SUMMARY ***
Total pot $200
Board [8d As 4h Td 2c]
Seat 6: ab68e0b1 folded on the Turn
Seat 1: 75863216(small blind) folded before Flop
Seat 2: ade7a4cb(big blind) showed [9h 7s] and lost with Ace-High
Seat 7: a6335ecc folded before Flop (didn't bet)
Seat 3: Hero folded before Flop (didn't bet)
Seat 4: d1523ab9 folded before Flop (didn't bet)
Seat 5: 1c0abb65 showed [Ts Qh] and won ($200) with Pair of Tens



Poker Hand #ring_945812463: NLH No Limit ($2/$4) - 2025/06/20 02:30:49
Table 'MR NLH 2/4' 7-max Seat #6 is the button
Seat 6: ab68e0b1 ($1,410.11 in chips)
Seat 1: 75863216 ($2,494.58 in chips)
Seat 2: ade7a4cb ($735 in chips)
Seat 7: a6335ecc ($1,518.68 in chips)
Seat 3: Hero ($1,128.27 in chips)
Seat 4: d1523ab9 ($1,556.57 in chips)
Seat 5: 1c0abb65 ($853.96 in chips)
a6335ecc: posts small blind $2
75863216: posts big blind $4
*** HOLE CARDS ***
Dealt to ab68e0b1 
Dealt to 75863216 
Dealt to ade7a4cb 
Dealt to a6335ecc 
Dealt to Hero [5s 4c]
Dealt to d1523ab9 
Dealt to 1c0abb65 
ade7a4cb: folds
Hero: folds
d1523ab9: folds
1c0abb65: folds
ab68e0b1: raises $8 to $12
a6335ecc: folds
75863216: folds
Uncalled bet ($8) returned to ab68e0b1
*** SHOWDOWN ***
ab68e0b1 collected $10 from pot
*** SUMMARY ***
Total pot $10
Seat 6: ab68e0b1won ($10)
Seat 1: 75863216(big blind) folded before Flop
Seat 2: ade7a4cb folded before Flop (didn't bet)
Seat 7: a6335ecc(small blind) folded before Flop
Seat 3: Hero folded before Flop (didn't bet)
Seat 4: d1523ab9 folded before Flop (didn't bet)
Seat 5: 1c0abb65 folded before Flop (didn't bet)



Poker Hand #ring_945810898: NLH No Limit ($2/$4) - 2025/06/20 02:29:51
Table 'MR NLH 2/4' 7-max Seat #5 is the button
Seat 6: ab68e0b1 ($1,412.11 in chips)
Seat 1: 75863216 ($2,494.58 in chips)
Seat 2: ade7a4cb ($777 in chips)
Seat 7: a6335ecc ($1,522.68 in chips)
Seat 3: Hero ($1,085.32 in chips)
Seat 4: d1523ab9 ($1,556.57 in chips)
Seat 5: 1c0abb65 ($853.96 in chips)
ab68e0b1: posts small blind $2
a6335ecc: posts big blind $4
*** HOLE CARDS ***
Dealt to ab68e0b1 
Dealt to 75863216 
Dealt to ade7a4cb 
Dealt to a6335ecc 
Dealt to Hero [Kc Ac]
Dealt to d1523ab9 
Dealt to 1c0abb65 
75863216: folds
ade7a4cb: raises $8 to $12
Hero: raises $30 to $42
d1523ab9: folds
1c0abb65: folds
ab68e0b1: folds
a6335ecc: folds
ade7a4cb: calls $30
*** FLOP *** [Ks 2h As]
ade7a4cb: checks
Hero: bets $45
ade7a4cb: folds
Uncalled bet ($45) returned to Hero
*** SHOWDOWN ***
Hero collected $90 from pot
*** SUMMARY ***
Total pot $90
Board [Ks 2h As]
Seat 6: ab68e0b1(small blind) folded before Flop
Seat 1: 75863216 folded before Flop (didn't bet)
Seat 2: ade7a4cb folded on the Flop
Seat 7: a6335ecc(big blind) folded before Flop
Seat 3: Herowon ($90) with Pair of Aces and Pair of Kings
Seat 4: d1523ab9 folded before Flop (didn't bet)
Seat 5: 1c0abb65 folded before Flop (didn't bet)



Poker Hand #ring_945808977: NLH No Limit ($2/$4) - 2025/06/20 02:28:41
Table 'MR NLH 2/4' 7-max Seat #4 is the button
Seat 6: ab68e0b1 ($1,420.91 in chips)
Seat 1: 75863216 ($2,464.33 in chips)
Seat 2: ade7a4cb ($800 in chips)
Seat 7: a6335ecc ($1,522.68 in chips)
Seat 3: Hero ($1,085.32 in chips)
Seat 4: d1523ab9 ($1,556.57 in chips)
Seat 5: 1c0abb65 ($855.96 in chips)
1c0abb65: posts small blind $2
ab68e0b1: posts big blind $4
*** HOLE CARDS ***
Dealt to ab68e0b1 
Dealt to 75863216 
Dealt to ade7a4cb 
Dealt to a6335ecc 
Dealt to Hero [7h 9c]
Dealt to d1523ab9 
Dealt to 1c0abb65 
a6335ecc: folds
75863216: raises $4.8 to $8.8
ade7a4cb: calls $8.8
Hero: folds
d1523ab9: folds
1c0abb65: folds
ab68e0b1: calls $4.8
*** FLOP *** [Jd 6s Kh]
ab68e0b1: checks
75863216: bets $14.2
ade7a4cb: calls $14.2
ab68e0b1: folds
*** TURN *** [Jd 6s Kh] [8c]
75863216: checks
ade7a4cb: checks
*** RIVER *** [Jd 6s Kh 8c] [9h]
75863216: bets $100
ade7a4cb: folds
Uncalled bet ($100) returned to 75863216
*** SHOWDOWN ***
75863216 collected $56.8 from pot
*** SUMMARY ***
Total pot $56.8
Board [Jd 6s Kh 8c 9h]
Seat 6: ab68e0b1(big blind) folded on the Flop
Seat 1: 75863216won ($56.8) with Pair of Kings and Pair of Sixes
Seat 2: ade7a4cb folded on the River
Seat 7: a6335ecc folded before Flop (didn't bet)
Seat 3: Hero folded before Flop (didn't bet)
Seat 4: d1523ab9 folded before Flop (didn't bet)
Seat 5: 1c0abb65(small blind) folded before Flop



Poker Hand #ring_945807850: NLH No Limit ($2/$4) - 2025/06/20 02:28:01
Table 'MR NLH 2/4' 7-max Seat #3 is the button
Seat 6: ab68e0b1 ($1,420.91 in chips)
Seat 1: 75863216 ($2,464.33 in chips)
Seat 2: ade7a4cb ($800 in chips)
Seat 7: a6335ecc ($1,522.68 in chips)
Seat 3: Hero ($1,079.32 in chips)
Seat 4: d1523ab9 ($1,558.57 in chips)
Seat 5: 1c0abb65 ($859.96 in chips)
d1523ab9: posts small blind $2
1c0abb65: posts big blind $4
*** HOLE CARDS ***
Dealt to ab68e0b1 
Dealt to 75863216 
Dealt to ade7a4cb 
Dealt to a6335ecc 
Dealt to Hero [9h 9c]
Dealt to d1523ab9 
Dealt to 1c0abb65 
ab68e0b1: folds
a6335ecc: folds
75863216: folds
ade7a4cb: folds
Hero: raises $8 to $12
d1523ab9: folds
1c0abb65: folds
Uncalled bet ($8) returned to Hero
*** SHOWDOWN ***
Hero collected $10 from pot
*** SUMMARY ***
Total pot $10
Seat 6: ab68e0b1 folded before Flop (didn't bet)
Seat 1: 75863216 folded before Flop (didn't bet)
Seat 2: ade7a4cb folded before Flop (didn't bet)
Seat 7: a6335ecc folded before Flop (didn't bet)
Seat 3: Herowon ($10)
Seat 4: d1523ab9(small blind) folded before Flop
Seat 5: 1c0abb65(big blind) folded before Flop



Poker Hand #ring_945805176: NLH No Limit ($2/$4) - 2025/06/20 02:26:22
Table 'MR NLH 2/4' 7-max Seat #2 is the button
Seat 6: ab68e0b1 ($1,420.91 in chips)
Seat 1: 75863216 ($2,464.33 in chips)
Seat 2: ade7a4cb ($792 in chips)
Seat 7: a6335ecc ($1,522.68 in chips)
Seat 3: Hero ($1,081.32 in chips)
Seat 4: d1523ab9 ($1,576.57 in chips)
Seat 5: 1c0abb65 ($800 in chips)
Hero: posts small blind $2
d1523ab9: posts big blind $4
1c0abb65: posts big blind $4
*** HOLE CARDS ***
Dealt to ab68e0b1 
Dealt to 75863216 
Dealt to ade7a4cb 
Dealt to a6335ecc 
Dealt to Hero [3h 4d]
Dealt to d1523ab9 
Dealt to 1c0abb65 
1c0abb65: checks
ab68e0b1: folds
a6335ecc: folds
75863216: folds
ade7a4cb: raises $14 to $18
Hero: folds
d1523ab9: calls $14
1c0abb65: calls $14
*** FLOP *** [Ts 9d 8d]
d1523ab9: checks
1c0abb65: checks
ade7a4cb: checks
*** TURN *** [Ts 9d 8d] [6d]
d1523ab9: checks
1c0abb65: checks
ade7a4cb: checks
*** RIVER *** [Ts 9d 8d 6d] [5s]
d1523ab9: checks
1c0abb65: bets $28
ade7a4cb: calls $28
d1523ab9: folds
ade7a4cb: shows [6s Ad]
1c0abb65: shows [8s 9s]
*** SHOWDOWN ***
1c0abb65 collected $112 from pot
*** SUMMARY ***
Total pot $112
Board [Ts 9d 8d 6d 5s]
Seat 6: ab68e0b1 folded before Flop (didn't bet)
Seat 1: 75863216 folded before Flop (didn't bet)
Seat 2: ade7a4cb showed [6s Ad] and lost with Pair of Sixes
Seat 7: a6335ecc folded before Flop (didn't bet)
Seat 3: Hero(small blind) folded before Flop
Seat 4: d1523ab9(big blind) folded on the River
Seat 5: 1c0abb65 showed [8s 9s] and won ($112) with Pair of Nines and Pair of Eights



Poker Hand #ring_945803415: NLH No Limit ($2/$4) - 2025/06/20 02:25:19
Table 'MR NLH 2/4' 7-max Seat #1 is the button
Seat 6: ab68e0b1 ($1,439.47 in chips)
Seat 1: 75863216 ($2,464.33 in chips)
Seat 2: ade7a4cb ($800 in chips)
Seat 7: a6335ecc ($1,530.68 in chips)
Seat 3: Hero ($1,050.15 in chips)
Seat 4: d1523ab9 ($1,576.57 in chips)
ade7a4cb: posts small blind $2
Hero: posts big blind $4
*** HOLE CARDS ***
Dealt to ab68e0b1 
Dealt to 75863216 
Dealt to ade7a4cb 
Dealt to a6335ecc 
Dealt to Hero [8h Ah]
Dealt to d1523ab9 
d1523ab9: folds
ab68e0b1: raises $4 to $8
a6335ecc: calls $8
75863216: folds
ade7a4cb: calls $6
Hero: calls $4
*** FLOP *** [Ac 2c 4d]
ade7a4cb: checks
Hero: checks
ab68e0b1: bets $10.56
a6335ecc: folds
ade7a4cb: folds
Hero: calls $10.56
*** TURN *** [Ac 2c 4d] [6c]
Hero: bets $26.56
ab68e0b1: folds
Uncalled bet ($26.56) returned to Hero
*** SHOWDOWN ***
Hero collected $53.12 from pot
*** SUMMARY ***
Total pot $53.12
Board [Ac 2c 4d 6c]
Seat 6: ab68e0b1 folded on the Turn
Seat 1: 75863216 folded before Flop (didn't bet)
Seat 2: ade7a4cb(small blind) folded on the Flop
Seat 7: a6335ecc folded on the Flop
Seat 3: Hero(big blind)won ($53.12) with Pair of Aces
Seat 4: d1523ab9 folded before Flop (didn't bet)



Poker Hand #ring_945801651: NLH No Limit ($2/$4) - 2025/06/20 02:24:17
Table 'MR NLH 2/4' 7-max Seat #7 is the button
Seat 6: ab68e0b1 ($1,365.45 in chips)
Seat 1: 75863216 ($2,466.33 in chips)
Seat 2: ade7a4cb ($745.82 in chips)
Seat 7: a6335ecc ($1,530.68 in chips)
Seat 3: Hero ($1,050.15 in chips)
Seat 4: d1523ab9 ($1,576.57 in chips)
75863216: posts small blind $2
ade7a4cb: posts big blind $4
*** HOLE CARDS ***
Dealt to ab68e0b1 
Dealt to 75863216 
Dealt to ade7a4cb 
Dealt to a6335ecc 
Dealt to Hero [Jd 5h]
Dealt to d1523ab9 
Hero: folds
d1523ab9: folds
ab68e0b1: raises $8 to $12
a6335ecc: folds
75863216: folds
ade7a4cb: raises $36 to $48
ab68e0b1: calls $36
*** FLOP *** [Js 7h Qd]
ade7a4cb: bets $32.34
ab68e0b1: calls $32.34
*** TURN *** [Js 7h Qd] [9h]
ade7a4cb: checks
ab68e0b1: checks
*** RIVER *** [Js 7h Qd 9h] [3c]
ade7a4cb: checks
ab68e0b1: checks
ade7a4cb: shows [Kh Ac]
ab68e0b1: shows [Qh Kd]
*** SHOWDOWN ***
ab68e0b1 collected $162.68 from pot
*** SUMMARY ***
Total pot $162.68
Board [Js 7h Qd 9h 3c]
Seat 6: ab68e0b1 showed [Qh Kd] and won ($162.68) with Pair of Queens
Seat 1: 75863216(small blind) folded before Flop
Seat 2: ade7a4cb(big blind) showed [Kh Ac] and lost with Ace-High
Seat 7: a6335ecc folded before Flop (didn't bet)
Seat 3: Hero folded before Flop (didn't bet)
Seat 4: d1523ab9 folded before Flop (didn't bet)



Poker Hand #ring_945799890: NLH No Limit ($2/$4) - 2025/06/20 02:23:14
Table 'MR NLH 2/4' 7-max Seat #6 is the button
Seat 6: ab68e0b1 ($1,365.45 in chips)
Seat 1: 75863216 ($2,470.33 in chips)
Seat 2: ade7a4cb ($832.82 in chips)
Seat 7: a6335ecc ($1,532.68 in chips)
Seat 3: Hero ($966.25 in chips)
Seat 4: d1523ab9 ($1,576.57 in chips)
a6335ecc: posts small blind $2
75863216: posts big blind $4
*** HOLE CARDS ***
Dealt to ab68e0b1 
Dealt to 75863216 
Dealt to ade7a4cb 
Dealt to a6335ecc 
Dealt to Hero [Ah Kc]
Dealt to d1523ab9 
ade7a4cb: raises $8 to $12
Hero: raises $30 to $42
d1523ab9: folds
ab68e0b1: folds
a6335ecc: folds
75863216: folds
ade7a4cb: calls $30
*** FLOP *** [Ad Jc 5d]
ade7a4cb: checks
Hero: bets $45
ade7a4cb: calls $45
*** TURN *** [Ad Jc 5d] [2h]
ade7a4cb: checks
Hero: bets $142.2
ade7a4cb: folds
Uncalled bet ($142.2) returned to Hero
*** SHOWDOWN ***
Hero collected $180 from pot
*** SUMMARY ***
Total pot $180
Board [Ad Jc 5d 2h]
Seat 6: ab68e0b1 folded before Flop (didn't bet)
Seat 1: 75863216(big blind) folded before Flop
Seat 2: ade7a4cb folded on the Turn
Seat 7: a6335ecc(small blind) folded before Flop
Seat 3: Herowon ($180) with Pair of Aces
Seat 4: d1523ab9 folded before Flop (didn't bet)



Poker Hand #ring_945799430: NLH No Limit ($2/$4) - 2025/06/20 02:22:57
Table 'MR NLH 2/4' 7-max Seat #0 is the button
Seat 6: ab68e0b1 ($1,367.45 in chips)
Seat 1: 75863216 ($2,470.33 in chips)
Seat 2: ade7a4cb ($826.82 in chips)
Seat 7: a6335ecc ($1,536.68 in chips)
Seat 3: Hero ($966.25 in chips)
Seat 4: d1523ab9 ($1,576.57 in chips)
ab68e0b1: posts small blind $2
a6335ecc: posts big blind $4
*** HOLE CARDS ***
Dealt to ab68e0b1 
Dealt to 75863216 
Dealt to ade7a4cb 
Dealt to a6335ecc 
Dealt to Hero [3c Ts]
Dealt to d1523ab9 
75863216: folds
ade7a4cb: raises $8 to $12
Hero: folds
d1523ab9: folds
ab68e0b1: folds
a6335ecc: folds
Uncalled bet ($8) returned to ade7a4cb
*** SHOWDOWN ***
ade7a4cb collected $10 from pot
*** SUMMARY ***
Total pot $10
Seat 6: ab68e0b1(small blind) folded before Flop
Seat 1: 75863216 folded before Flop (didn't bet)
Seat 2: ade7a4cbwon ($10)
Seat 7: a6335ecc(big blind) folded before Flop
Seat 3: Hero folded before Flop (didn't bet)
Seat 4: d1523ab9 folded before Flop (didn't bet)



Poker Hand #ring_945798080: NLH No Limit ($2/$4) - 2025/06/20 02:22:08
Table 'MR NLH 2/4' 7-max Seat #4 is the button
Seat 6: ab68e0b1 ($1,371.45 in chips)
Seat 1: 75863216 ($2,470.33 in chips)
Seat 2: ade7a4cb ($848.06 in chips)
Seat 7: a6335ecc ($1,514.53 in chips)
Seat 3: Hero ($966.25 in chips)
Seat 4: d1523ab9 ($1,576.57 in chips)
ab68e0b1: posts big blind $4
*** HOLE CARDS ***
Dealt to ab68e0b1 
Dealt to 75863216 
Dealt to ade7a4cb 
Dealt to a6335ecc 
Dealt to Hero [3s Kd]
Dealt to d1523ab9 
a6335ecc: calls $4
75863216: folds
ade7a4cb: raises $8 to $12
Hero: folds
d1523ab9: folds
ab68e0b1: folds
a6335ecc: calls $8
*** FLOP *** [Td As 4d]
a6335ecc: checks
ade7a4cb: bets $9.24
a6335ecc: calls $9.24
*** TURN *** [Td As 4d] [Tc]
a6335ecc: checks
ade7a4cb: checks
*** RIVER *** [Td As 4d Tc] [8h]
a6335ecc: bets $23.24
ade7a4cb: folds
Uncalled bet ($23.24) returned to a6335ecc
*** SHOWDOWN ***
a6335ecc collected $46.48 from pot
*** SUMMARY ***
Total pot $46.48
Board [Td As 4d Tc 8h]
Seat 6: ab68e0b1(big blind) folded before Flop
Seat 1: 75863216 folded before Flop (didn't bet)
Seat 2: ade7a4cb folded on the River
Seat 7: a6335eccwon ($46.48) with Pair of Tens
Seat 3: Hero folded before Flop (didn't bet)
Seat 4: d1523ab9 folded before Flop (didn't bet)



Poker Hand #ring_945793774: NLH No Limit ($2/$4) - 2025/06/20 02:19:30
Table 'MR NLH 2/4' 7-max Seat #3 is the button
Seat 6: ab68e0b1 ($1,401.95 in chips)
Seat 1: 75863216 ($1,617.27 in chips)
Seat 2: ade7a4cb ($878.56 in chips)
Seat 5: aaf23c5c ($842.5 in chips)
Seat 7: a6335ecc ($1,514.53 in chips)
Seat 3: Hero ($966.25 in chips)
Seat 4: d1523ab9 ($1,607.07 in chips)
d1523ab9: posts small blind $2
aaf23c5c: posts big blind $4
*** HOLE CARDS ***
Dealt to ab68e0b1 
Dealt to 75863216 
Dealt to ade7a4cb 
Dealt to aaf23c5c 
Dealt to a6335ecc 
Dealt to Hero [4c Kd]
Dealt to d1523ab9 
ab68e0b1: raises $4 to $8
a6335ecc: folds
75863216: calls $8
ade7a4cb: raises $22.5 to $30.5
Hero: folds
d1523ab9: calls $28.5
aaf23c5c: calls $26.5
ab68e0b1: calls $22.5
75863216: raises $1,586.77 to $1,617.27 and is all-in
ade7a4cb: folds
d1523ab9: folds
aaf23c5c: calls $812 and is all-in
ab68e0b1: folds
Uncalled bet ($774.77) returned to 75863216
75863216: shows [Ac Jd]
aaf23c5c: shows [As Tc]
*** FLOP *** [Qs Js 4d]
*** TURN *** [Qs Js 4d] [7c]
*** RIVER *** [Qs Js 4d 7c] [7s]
*** SHOWDOWN ***
75863216 collected $1,776.5 from pot
*** SUMMARY ***
Total pot $1,776.5
Board [Qs Js 4d 7c 7s]
Seat 6: ab68e0b1 folded before Flop
Seat 1: 75863216 showed [Ac Jd] and won ($1,776.5) with Pair of Jacks and Pair of Sevens
Seat 2: ade7a4cb folded before Flop
Seat 5: aaf23c5c(big blind) showed [As Tc] and lost with Pair of Sevens
Seat 7: a6335ecc folded before Flop (didn't bet)
Seat 3: Hero folded before Flop (didn't bet)
Seat 4: d1523ab9(small blind) folded before Flop



Poker Hand #ring_945791785: NLH No Limit ($2/$4) - 2025/06/20 02:18:17
Table 'MR NLH 2/4' 7-max Seat #2 is the button
Seat 6: ab68e0b1 ($1,401.95 in chips)
Seat 1: 75863216 ($1,617.27 in chips)
Seat 2: ade7a4cb ($796 in chips)
Seat 5: aaf23c5c ($923.82 in chips)
Seat 7: a6335ecc ($1,514.53 in chips)
Seat 3: Hero ($968.25 in chips)
Seat 4: d1523ab9 ($1,615.07 in chips)
Hero: posts small blind $2
d1523ab9: posts big blind $4
*** HOLE CARDS ***
Dealt to ab68e0b1 
Dealt to 75863216 
Dealt to ade7a4cb 
Dealt to aaf23c5c 
Dealt to a6335ecc 
Dealt to Hero [2s Qh]
Dealt to d1523ab9 
aaf23c5c: raises $4 to $8
ab68e0b1: folds
a6335ecc: folds
75863216: folds
ade7a4cb: calls $8
Hero: folds
d1523ab9: calls $4
*** FLOP *** [2h 6c 5c]
d1523ab9: checks
aaf23c5c: bets $8.58
ade7a4cb: raises $21.58 to $30.16
d1523ab9: folds
aaf23c5c: calls $21.58
*** TURN *** [2h 6c 5c] [As]
aaf23c5c: bets $43.16
ade7a4cb: raises $129.48 to $172.64
aaf23c5c: folds
Uncalled bet ($129.48) returned to ade7a4cb
*** SHOWDOWN ***
ade7a4cb collected $172.64 from pot
*** SUMMARY ***
Total pot $172.64
Board [2h 6c 5c As]
Seat 6: ab68e0b1 folded before Flop (didn't bet)
Seat 1: 75863216 folded before Flop (didn't bet)
Seat 2: ade7a4cbwon ($172.64) with Pair of Fives and Pair of Twos
Seat 5: aaf23c5c folded on the Turn
Seat 7: a6335ecc folded before Flop (didn't bet)
Seat 3: Hero(small blind) folded before Flop
Seat 4: d1523ab9(big blind) folded on the Flop



Poker Hand #ring_945789872: NLH No Limit ($2/$4) - 2025/06/20 02:17:07
Table 'MR NLH 2/4' 7-max Seat #1 is the button
Seat 6: ab68e0b1 ($1,397.8 in chips)
Seat 1: 75863216 ($1,617.27 in chips)
Seat 2: ade7a4cb ($800 in chips)
Seat 5: aaf23c5c ($927.82 in chips)
Seat 7: a6335ecc ($1,518.53 in chips)
Seat 3: Hero ($964.1 in chips)
Seat 4: d1523ab9 ($1,615.07 in chips)
ade7a4cb: posts small blind $2
Hero: posts big blind $4
*** HOLE CARDS ***
Dealt to ab68e0b1 
Dealt to 75863216 
Dealt to ade7a4cb 
Dealt to aaf23c5c 
Dealt to a6335ecc 
Dealt to Hero [2h Kh]
Dealt to d1523ab9 
d1523ab9: folds
aaf23c5c: calls $4
ab68e0b1: calls $4
a6335ecc: calls $4
75863216: folds
ade7a4cb: calls $2
Hero: checks
*** FLOP *** [Jh Kc 6s]
ade7a4cb: checks
Hero: checks
aaf23c5c: checks
ab68e0b1: checks
a6335ecc: checks
*** TURN *** [Jh Kc 6s] [Jd]
ade7a4cb: checks
Hero: checks
aaf23c5c: checks
ab68e0b1: bets $20
a6335ecc: folds
ade7a4cb: folds
Hero: calls $20
aaf23c5c: folds
*** RIVER *** [Jh Kc 6s Jd] [8h]
Hero: checks
ab68e0b1: checks
Hero: shows [2h Kh]
ab68e0b1: shows [7c Ks]
*** SHOWDOWN ***
Hero collected $30 from pot
ab68e0b1 collected $30 from pot
*** SUMMARY ***
Total pot $60
Board [Jh Kc 6s Jd 8h]
Seat 6: ab68e0b1 showed [7c Ks] and won ($30) with Pair of Kings and Pair of Jacks
Seat 1: 75863216 folded before Flop (didn't bet)
Seat 2: ade7a4cb(small blind) folded on the Turn
Seat 5: aaf23c5c folded on the Turn
Seat 7: a6335ecc folded on the Turn
Seat 3: Hero(big blind) showed [2h Kh] and won ($30) with Pair of Kings and Pair of Jacks
Seat 4: d1523ab9 folded before Flop (didn't bet)



Poker Hand #ring_945787381: NLH No Limit ($2/$4) - 2025/06/20 02:15:36
Table 'MR NLH 2/4' 7-max Seat #7 is the button
Seat 6: ab68e0b1 ($1,472.8 in chips)
Seat 1: 75863216 ($1,692.27 in chips)
Seat 2: ade7a4cb ($605.76 in chips)
Seat 5: aaf23c5c ($927.82 in chips)
Seat 7: a6335ecc ($1,308.03 in chips)
Seat 3: Hero ($964.1 in chips)
Seat 4: d1523ab9 ($1,615.07 in chips)
75863216: posts small blind $2
ade7a4cb: posts big blind $4
*** HOLE CARDS ***
Dealt to ab68e0b1 
Dealt to 75863216 
Dealt to ade7a4cb 
Dealt to aaf23c5c 
Dealt to a6335ecc 
Dealt to Hero [9h 6d]
Dealt to d1523ab9 
Hero: folds
d1523ab9: folds
aaf23c5c: folds
ab68e0b1: raises $12 to $16
a6335ecc: calls $16
75863216: raises $59 to $75
ade7a4cb: calls $71
ab68e0b1: calls $59
a6335ecc: calls $59
*** FLOP *** [Jd 3h 2h]
75863216: checks
ade7a4cb: checks
ab68e0b1: checks
a6335ecc: bets $150
75863216: folds
ade7a4cb: folds
ab68e0b1: folds
Uncalled bet ($150) returned to a6335ecc
*** SHOWDOWN ***
a6335ecc collected $300 from pot
*** SUMMARY ***
Total pot $300
Board [Jd 3h 2h]
Seat 6: ab68e0b1 folded on the Flop
Seat 1: 75863216(small blind) folded on the Flop
Seat 2: ade7a4cb(big blind) folded on the Flop
Seat 5: aaf23c5c folded before Flop (didn't bet)
Seat 7: a6335eccwon ($300) with Pair of Jacks
Seat 3: Hero folded before Flop (didn't bet)
Seat 4: d1523ab9 folded before Flop (didn't bet)



Poker Hand #ring_945785447: NLH No Limit ($2/$4) - 2025/06/20 02:14:26
Table 'MR NLH 2/4' 7-max Seat #6 is the button
Seat 6: ab68e0b1 ($1,358.73 in chips)
Seat 1: 75863216 ($1,704.27 in chips)
Seat 2: ade7a4cb ($717.51 in chips)
Seat 5: aaf23c5c ($927.82 in chips)
Seat 7: a6335ecc ($1,310.03 in chips)
Seat 3: Hero ($964.1 in chips)
Seat 4: d1523ab9 ($1,615.07 in chips)
a6335ecc: posts small blind $2
75863216: posts big blind $4
*** HOLE CARDS ***
Dealt to ab68e0b1 
Dealt to 75863216 
Dealt to ade7a4cb 
Dealt to aaf23c5c 
Dealt to a6335ecc 
Dealt to Hero [7h 8c]
Dealt to d1523ab9 
ade7a4cb: raises $8 to $12
Hero: folds
d1523ab9: folds
aaf23c5c: folds
ab68e0b1: calls $12
a6335ecc: folds
75863216: calls $8
*** FLOP *** [Ah Jh Qs]
75863216: checks
ade7a4cb: checks
ab68e0b1: checks
*** TURN *** [Ah Jh Qs] [Qh]
75863216: checks
ade7a4cb: bets $28.5
ab68e0b1: calls $28.5
75863216: folds
*** RIVER *** [Ah Jh Qs Qh] [2d]
ade7a4cb: bets $71.25
ab68e0b1: calls $71.25
ade7a4cb: shows [5c 7d]
ab68e0b1: shows [Qd 9h]
*** SHOWDOWN ***
ab68e0b1 collected $237.5 from pot
*** SUMMARY ***
Total pot $237.5
Board [Ah Jh Qs Qh 2d]
Seat 6: ab68e0b1 showed [Qd 9h] and won ($237.5) with Three Queens
Seat 1: 75863216(big blind) folded on the Turn
Seat 2: ade7a4cb showed [5c 7d] and lost with Pair of Queens
Seat 5: aaf23c5c folded before Flop (didn't bet)
Seat 7: a6335ecc(small blind) folded before Flop
Seat 3: Hero folded before Flop (didn't bet)
Seat 4: d1523ab9 folded before Flop (didn't bet)



Poker Hand #ring_945784700: NLH No Limit ($2/$4) - 2025/06/20 02:14:00
Table 'MR NLH 2/4' 7-max Seat #5 is the button
Seat 6: ab68e0b1 ($1,360.73 in chips)
Seat 1: 75863216 ($1,704.27 in chips)
Seat 2: ade7a4cb ($711.51 in chips)
Seat 5: aaf23c5c ($927.82 in chips)
Seat 7: a6335ecc ($1,314.03 in chips)
Seat 3: Hero ($964.1 in chips)
Seat 4: d1523ab9 ($1,615.07 in chips)
ab68e0b1: posts small blind $2
a6335ecc: posts big blind $4
*** HOLE CARDS ***
Dealt to ab68e0b1 
Dealt to 75863216 
Dealt to ade7a4cb 
Dealt to aaf23c5c 
Dealt to a6335ecc 
Dealt to Hero [6s Jc]
Dealt to d1523ab9 
75863216: folds
ade7a4cb: raises $6 to $10
Hero: folds
d1523ab9: folds
aaf23c5c: folds
ab68e0b1: folds
a6335ecc: folds
Uncalled bet ($6) returned to ade7a4cb
*** SHOWDOWN ***
ade7a4cb collected $10 from pot
*** SUMMARY ***
Total pot $10
Seat 6: ab68e0b1(small blind) folded before Flop
Seat 1: 75863216 folded before Flop (didn't bet)
Seat 2: ade7a4cbwon ($10)
Seat 5: aaf23c5c folded before Flop (didn't bet)
Seat 7: a6335ecc(big blind) folded before Flop
Seat 3: Hero folded before Flop (didn't bet)
Seat 4: d1523ab9 folded before Flop (didn't bet)



Poker Hand #ring_945782382: NLH No Limit ($2/$4) - 2025/06/20 02:12:34
Table 'MR NLH 2/4' 7-max Seat #4 is the button
Seat 6: ab68e0b1 ($1,356.7 in chips)
Seat 1: 75863216 ($1,704.27 in chips)
Seat 2: ade7a4cb ($739.35 in chips)
Seat 5: aaf23c5c ($923.78 in chips)
Seat 7: a6335ecc ($1,326.03 in chips)
Seat 3: Hero ($964.1 in chips)
Seat 4: d1523ab9 ($1,615.07 in chips)
aaf23c5c: posts small blind $2
ab68e0b1: posts big blind $4
*** HOLE CARDS ***
Dealt to ab68e0b1 
Dealt to 75863216 
Dealt to ade7a4cb 
Dealt to aaf23c5c 
Dealt to a6335ecc 
Dealt to Hero [Tc 9h]
Dealt to d1523ab9 
a6335ecc: calls $4
75863216: folds
ade7a4cb: raises $8 to $12
Hero: folds
d1523ab9: folds
aaf23c5c: calls $10
ab68e0b1: calls $8
a6335ecc: calls $8
*** FLOP *** [Ah 3s 3c]
aaf23c5c: checks
ab68e0b1: checks
a6335ecc: checks
ade7a4cb: bets $15.84
aaf23c5c: calls $15.84
ab68e0b1: calls $15.84
a6335ecc: folds
*** TURN *** [Ah 3s 3c] [Kc]
aaf23c5c: checks
ab68e0b1: checks
ade7a4cb: checks
*** RIVER *** [Ah 3s 3c Kc] [9s]
aaf23c5c: bets $31.52
ab68e0b1: raises $34.69 to $66.21
ade7a4cb: folds
aaf23c5c: raises $227.94 to $294.15
ab68e0b1: calls $227.94
aaf23c5c: shows [Jh 3h]
ab68e0b1: shows [3d 5s]
*** SHOWDOWN ***
aaf23c5c collected $341.91 from pot
ab68e0b1 collected $341.91 from pot
*** SUMMARY ***
Total pot $683.82
Board [Ah 3s 3c Kc 9s]
Seat 6: ab68e0b1(big blind) showed [3d 5s] and won ($341.91) with Three Treys
Seat 1: 75863216 folded before Flop (didn't bet)
Seat 2: ade7a4cb folded on the River
Seat 5: aaf23c5c(small blind) showed [Jh 3h] and won ($341.91) with Three Treys
Seat 7: a6335ecc folded on the Flop
Seat 3: Hero folded before Flop (didn't bet)
Seat 4: d1523ab9 folded before Flop (didn't bet)



Poker Hand #ring_945780515: NLH No Limit ($2/$4) - 2025/06/20 02:11:27
Table 'MR NLH 2/4' 7-max Seat #3 is the button
Seat 6: ab68e0b1 ($1,356.7 in chips)
Seat 1: 75863216 ($1,704.27 in chips)
Seat 2: ade7a4cb ($724.61 in chips)
Seat 5: aaf23c5c ($927.78 in chips)
Seat 7: a6335ecc ($1,326.03 in chips)
Seat 3: Hero ($964.1 in chips)
Seat 4: d1523ab9 ($1,627.07 in chips)
d1523ab9: posts small blind $2
aaf23c5c: posts big blind $4
*** HOLE CARDS ***
Dealt to ab68e0b1 
Dealt to 75863216 
Dealt to ade7a4cb 
Dealt to aaf23c5c 
Dealt to a6335ecc 
Dealt to Hero [3c Qs]
Dealt to d1523ab9 
ab68e0b1: folds
a6335ecc: folds
75863216: folds
ade7a4cb: raises $8 to $12
Hero: folds
d1523ab9: calls $10
aaf23c5c: folds
*** FLOP *** [Qh 2c 9s]
d1523ab9: checks
ade7a4cb: checks
*** TURN *** [Qh 2c 9s] [Ad]
d1523ab9: checks
ade7a4cb: bets $21
d1523ab9: folds
Uncalled bet ($21) returned to ade7a4cb
*** SHOWDOWN ***
ade7a4cb collected $28 from pot
*** SUMMARY ***
Total pot $28
Board [Qh 2c 9s Ad]
Seat 6: ab68e0b1 folded before Flop (didn't bet)
Seat 1: 75863216 folded before Flop (didn't bet)
Seat 2: ade7a4cbwon ($28) with Ace-High
Seat 5: aaf23c5c(big blind) folded before Flop
Seat 7: a6335ecc folded before Flop (didn't bet)
Seat 3: Hero folded before Flop (didn't bet)
Seat 4: d1523ab9(small blind) folded on the Turn



Poker Hand #ring_945778901: NLH No Limit ($2/$4) - 2025/06/20 02:10:28
Table 'MR NLH 2/4' 7-max Seat #2 is the button
Seat 6: ab68e0b1 ($1,356.7 in chips)
Seat 1: 75863216 ($1,704.27 in chips)
Seat 2: ade7a4cb ($749.15 in chips)
Seat 5: aaf23c5c ($927.78 in chips)
Seat 7: a6335ecc ($1,338.03 in chips)
Seat 3: Hero ($966.1 in chips)
Seat 4: d1523ab9 ($1,592.36 in chips)
Hero: posts small blind $2
d1523ab9: posts big blind $4
*** HOLE CARDS ***
Dealt to ab68e0b1 
Dealt to 75863216 
Dealt to ade7a4cb 
Dealt to aaf23c5c 
Dealt to a6335ecc 
Dealt to Hero [5s 3d]
Dealt to d1523ab9 
aaf23c5c: folds
ab68e0b1: folds
a6335ecc: calls $4
75863216: folds
ade7a4cb: raises $8 to $12
Hero: folds
d1523ab9: calls $8
a6335ecc: calls $8
*** FLOP *** [6d 9s 2s]
d1523ab9: checks
a6335ecc: checks
ade7a4cb: bets $12.54
d1523ab9: calls $12.54
a6335ecc: folds
*** TURN *** [6d 9s 2s] [5d]
d1523ab9: checks
ade7a4cb: checks
*** RIVER *** [6d 9s 2s 5d] [6s]
d1523ab9: checks
ade7a4cb: checks
ade7a4cb: shows [As Tc]
d1523ab9: shows [Ad Js]
*** SHOWDOWN ***
d1523ab9 collected $63.08 from pot
*** SUMMARY ***
Total pot $63.08
Board [6d 9s 2s 5d 6s]
Seat 6: ab68e0b1 folded before Flop (didn't bet)
Seat 1: 75863216 folded before Flop (didn't bet)
Seat 2: ade7a4cb showed [As Tc] and lost with Pair of Sixes
Seat 5: aaf23c5c folded before Flop (didn't bet)
Seat 7: a6335ecc folded on the Flop
Seat 3: Hero(small blind) folded before Flop
Seat 4: d1523ab9(big blind) showed [Ad Js] and won ($63.08) with Pair of Sixes



Poker Hand #ring_945777050: NLH No Limit ($2/$4) - 2025/06/20 02:09:20
Table 'MR NLH 2/4' 7-max Seat #1 is the button
Seat 6: ab68e0b1 ($1,324.4 in chips)
Seat 1: 75863216 ($1,708.27 in chips)
Seat 2: ade7a4cb ($773.15 in chips)
Seat 5: aaf23c5c ($931.78 in chips)
Seat 7: a6335ecc ($1,338.03 in chips)
Seat 3: Hero ($970.1 in chips)
Seat 4: d1523ab9 ($1,592.36 in chips)
ade7a4cb: posts small blind $2
Hero: posts big blind $4
*** HOLE CARDS ***
Dealt to ab68e0b1 
Dealt to 75863216 
Dealt to ade7a4cb 
Dealt to aaf23c5c 
Dealt to a6335ecc 
Dealt to Hero [Qc 9s]
Dealt to d1523ab9 
d1523ab9: folds
aaf23c5c: calls $4
ab68e0b1: calls $4
a6335ecc: folds
75863216: calls $4
ade7a4cb: calls $2
Hero: checks
*** FLOP *** [Qh 3h 6d]
ade7a4cb: checks
Hero: checks
aaf23c5c: checks
ab68e0b1: bets $20
75863216: folds
ade7a4cb: calls $20
Hero: folds
aaf23c5c: folds
*** TURN *** [Qh 3h 6d] [7c]
ade7a4cb: checks
ab68e0b1: bets $30
ade7a4cb: folds
Uncalled bet ($30) returned to ab68e0b1
*** SHOWDOWN ***
ab68e0b1 collected $60 from pot
*** SUMMARY ***
Total pot $60
Board [Qh 3h 6d 7c]
Seat 6: ab68e0b1won ($60) with Pair of Nines
Seat 1: 75863216 folded on the Flop
Seat 2: ade7a4cb(small blind) folded on the Turn
Seat 5: aaf23c5c folded on the Flop
Seat 7: a6335ecc folded before Flop (didn't bet)
Seat 3: Hero(big blind) folded on the Flop
Seat 4: d1523ab9 folded before Flop (didn't bet)



Poker Hand #ring_945774074: NLH No Limit ($2/$4) - 2025/06/20 02:07:33
Table 'MR NLH 2/4' 7-max Seat #7 is the button
Seat 6: ab68e0b1 ($1,324.4 in chips)
Seat 1: 75863216 ($1,710.27 in chips)
Seat 2: ade7a4cb ($671.2 in chips)
Seat 5: aaf23c5c ($1,010.28 in chips)
Seat 7: a6335ecc ($1,369.03 in chips)
Seat 3: Hero ($970.1 in chips)
Seat 4: d1523ab9 ($1,592.36 in chips)
75863216: posts small blind $2
ade7a4cb: posts big blind $4
*** HOLE CARDS ***
Dealt to ab68e0b1 
Dealt to 75863216 
Dealt to ade7a4cb 
Dealt to aaf23c5c 
Dealt to a6335ecc 
Dealt to Hero [Kh 7c]
Dealt to d1523ab9 
Hero: folds
d1523ab9: folds
aaf23c5c: raises $8 to $12
ab68e0b1: folds
a6335ecc: calls $12
75863216: folds
ade7a4cb: calls $8
*** FLOP *** [Jd 4h Ks]
ade7a4cb: checks
aaf23c5c: bets $19
a6335ecc: calls $19
ade7a4cb: calls $19
*** TURN *** [Jd 4h Ks] [3d]
ade7a4cb: checks
aaf23c5c: bets $47.5
a6335ecc: folds
ade7a4cb: calls $47.5
*** RIVER *** [Jd 4h Ks 3d] [As]
ade7a4cb: bets $142.5
aaf23c5c: folds
Uncalled bet ($142.5) returned to ade7a4cb
ade7a4cb: shows [7h 4c]
*** SHOWDOWN ***
ade7a4cb collected $190 from pot
*** SUMMARY ***
Total pot $190
Board [Jd 4h Ks 3d As]
Seat 6: ab68e0b1 folded before Flop (didn't bet)
Seat 1: 75863216(small blind) folded before Flop
Seat 2: ade7a4cb(big blind) showed [7h 4c] and won ($190) with Pair of Fours
Seat 5: aaf23c5c folded on the River
Seat 7: a6335ecc folded on the Turn
Seat 3: Hero folded before Flop (didn't bet)
Seat 4: d1523ab9 folded before Flop (didn't bet)



Poker Hand #ring_945771705: NLH No Limit ($2/$4) - 2025/06/20 02:06:09
Table 'MR NLH 2/4' 7-max Seat #6 is the button
Seat 6: ab68e0b1 ($1,324.4 in chips)
Seat 1: 75863216 ($1,714.27 in chips)
Seat 2: ade7a4cb ($671.2 in chips)
Seat 5: aaf23c5c ($1,010.28 in chips)
Seat 7: a6335ecc ($1,457.33 in chips)
Seat 3: Hero ($886.92 in chips)
Seat 4: d1523ab9 ($1,592.36 in chips)
a6335ecc: posts small blind $2
75863216: posts big blind $4
*** HOLE CARDS ***
Dealt to ab68e0b1 
Dealt to 75863216 
Dealt to ade7a4cb 
Dealt to aaf23c5c 
Dealt to a6335ecc 
Dealt to Hero [Qs Kh]
Dealt to d1523ab9 
ade7a4cb: folds
Hero: raises $8 to $12
d1523ab9: folds
aaf23c5c: folds
ab68e0b1: folds
a6335ecc: calls $10
75863216: folds
*** FLOP *** [Ah 6c Jh]
a6335ecc: checks
Hero: bets $22.12
a6335ecc: calls $22.12
*** TURN *** [Ah 6c Jh] [Jc]
a6335ecc: checks
Hero: checks
*** RIVER *** [Ah 6c Jh Jc] [Td]
a6335ecc: bets $54.18
Hero: raises $142.68 to $196.86
a6335ecc: folds
Uncalled bet ($142.68) returned to Hero
*** SHOWDOWN ***
Hero collected $180.6 from pot
*** SUMMARY ***
Total pot $180.6
Board [Ah 6c Jh Jc Td]
Seat 6: ab68e0b1 folded before Flop (didn't bet)
Seat 1: 75863216(big blind) folded before Flop
Seat 2: ade7a4cb folded before Flop (didn't bet)
Seat 5: aaf23c5c folded before Flop (didn't bet)
Seat 7: a6335ecc(small blind) folded on the River
Seat 3: Herowon ($180.6) with Aces-High Straight
Seat 4: d1523ab9 folded before Flop (didn't bet)



Poker Hand #ring_945769338: NLH No Limit ($2/$4) - 2025/06/20 02:04:45
Table 'MR NLH 2/4' 7-max Seat #5 is the button
Seat 6: ab68e0b1 ($1,417.2 in chips)
Seat 1: 75863216 ($1,714.27 in chips)
Seat 2: ade7a4cb ($764 in chips)
Seat 5: aaf23c5c ($800 in chips)
Seat 7: a6335ecc ($1,497.33 in chips)
Seat 3: Hero ($886.92 in chips)
Seat 4: d1523ab9 ($1,592.36 in chips)
ab68e0b1: posts small blind $2
a6335ecc: posts big blind $4
aaf23c5c: posts big blind $4
*** HOLE CARDS ***
Dealt to ab68e0b1 
Dealt to 75863216 
Dealt to ade7a4cb 
Dealt to aaf23c5c 
Dealt to a6335ecc 
Dealt to Hero [Qh 7d]
Dealt to d1523ab9 
75863216: folds
ade7a4cb: raises $6 to $10
Hero: folds
d1523ab9: folds
aaf23c5c: raises $30 to $40
ab68e0b1: calls $38
a6335ecc: calls $36
ade7a4cb: calls $30
*** FLOP *** [6s Th 2d]
ab68e0b1: bets $52.8
a6335ecc: folds
ade7a4cb: calls $52.8
aaf23c5c: raises $318.4 to $371.2
ab68e0b1: folds
ade7a4cb: folds
Uncalled bet ($318.4) returned to aaf23c5c
*** SHOWDOWN ***
aaf23c5c collected $318.4 from pot
*** SUMMARY ***
Total pot $318.4
Board [6s Th 2d]
Seat 6: ab68e0b1(small blind) folded on the Flop
Seat 1: 75863216 folded before Flop (didn't bet)
Seat 2: ade7a4cb folded on the Flop
Seat 5: aaf23c5cwon ($318.4) with Pair of Aces
Seat 7: a6335ecc(big blind) folded on the Flop
Seat 3: Hero folded before Flop (didn't bet)
Seat 4: d1523ab9 folded before Flop (didn't bet)



Poker Hand #ring_945768789: NLH No Limit ($2/$4) - 2025/06/20 02:04:25
Table 'MR NLH 2/4' 7-max Seat #4 is the button
Seat 6: ab68e0b1 ($1,421.2 in chips)
Seat 1: 75863216 ($1,714.27 in chips)
Seat 2: ade7a4cb ($760 in chips)
Seat 7: a6335ecc ($1,497.33 in chips)
Seat 3: Hero ($886.92 in chips)
Seat 4: d1523ab9 ($1,592.36 in chips)
ab68e0b1: posts big blind $4
*** HOLE CARDS ***
Dealt to ab68e0b1 
Dealt to 75863216 
Dealt to ade7a4cb 
Dealt to a6335ecc 
Dealt to Hero [7c 2h]
Dealt to d1523ab9 
a6335ecc: folds
75863216: folds
ade7a4cb: raises $6 to $10
Hero: folds
d1523ab9: folds
ab68e0b1: folds
Uncalled bet ($6) returned to ade7a4cb
*** SHOWDOWN ***
ade7a4cb collected $8 from pot
*** SUMMARY ***
Total pot $8
Seat 6: ab68e0b1(big blind) folded before Flop
Seat 1: 75863216 folded before Flop (didn't bet)
Seat 2: ade7a4cbwon ($8)
Seat 7: a6335ecc folded before Flop (didn't bet)
Seat 3: Hero folded before Flop (didn't bet)
Seat 4: d1523ab9 folded before Flop (didn't bet)



Poker Hand #ring_945767150: NLH No Limit ($2/$4) - 2025/06/20 02:03:27
Table 'MR NLH 2/4' 7-max Seat #3 is the button
Seat 6: ab68e0b1 ($1,421.2 in chips)
Seat 1: 75863216 ($1,714.27 in chips)
Seat 2: ade7a4cb ($800 in chips)
Seat 5: aaf23c5c ($304.41 in chips)
Seat 7: a6335ecc ($1,497.33 in chips)
Seat 3: Hero ($886.92 in chips)
Seat 4: d1523ab9 ($1,278.14 in chips)
d1523ab9: posts small blind $2
aaf23c5c: posts big blind $4
*** HOLE CARDS ***
Dealt to ab68e0b1 
Dealt to 75863216 
Dealt to ade7a4cb 
Dealt to aaf23c5c 
Dealt to a6335ecc 
Dealt to Hero [4c 2c]
Dealt to d1523ab9 
ab68e0b1: folds
a6335ecc: folds
75863216: folds
ade7a4cb: raises $6 to $10
Hero: folds
d1523ab9: calls $8
aaf23c5c: raises $30 to $40
ade7a4cb: calls $30
d1523ab9: calls $30
*** FLOP *** [Kh 3d 4h]
d1523ab9: checks
aaf23c5c: bets $90
ade7a4cb: folds
d1523ab9: calls $90
*** TURN *** [Kh 3d 4h] [Kd]
d1523ab9: checks
aaf23c5c: bets $174.41 and is all-in
d1523ab9: calls $174.41
d1523ab9: shows [Kc 5c]
aaf23c5c: shows [As Qh]
*** RIVER *** [Kh 3d 4h Kd] [7h]
*** SHOWDOWN ***
d1523ab9 collected $648.82 from pot
*** SUMMARY ***
Total pot $648.82
Board [Kh 3d 4h Kd 7h]
Seat 6: ab68e0b1 folded before Flop (didn't bet)
Seat 1: 75863216 folded before Flop (didn't bet)
Seat 2: ade7a4cb folded on the Flop
Seat 5: aaf23c5c(big blind) showed [As Qh] and lost with Pair of Kings
Seat 7: a6335ecc folded before Flop (didn't bet)
Seat 3: Hero folded before Flop (didn't bet)
Seat 4: d1523ab9(small blind) showed [Kc 5c] and won ($648.82) with Three Kings



Poker Hand #ring_945765253: NLH No Limit ($2/$4) - 2025/06/20 02:02:18
Table 'MR NLH 2/4' 7-max Seat #2 is the button
Seat 6: ab68e0b1 ($1,421.2 in chips)
Seat 1: 75863216 ($1,714.27 in chips)
Seat 2: ade7a4cb ($798 in chips)
Seat 5: aaf23c5c ($180.85 in chips)
Seat 7: a6335ecc ($1,497.33 in chips)
Seat 3: Hero ($888.92 in chips)
Seat 4: d1523ab9 ($1,309.14 in chips)
Hero: posts small blind $2
d1523ab9: posts big blind $4
*** HOLE CARDS ***
Dealt to ab68e0b1 
Dealt to 75863216 
Dealt to ade7a4cb 
Dealt to aaf23c5c 
Dealt to a6335ecc 
Dealt to Hero [2d 5c]
Dealt to d1523ab9 
aaf23c5c: raises $8 to $12
ab68e0b1: folds
a6335ecc: folds
75863216: folds
ade7a4cb: calls $12
Hero: folds
d1523ab9: calls $8
*** FLOP *** [4c Tc 8h]
d1523ab9: checks
aaf23c5c: bets $19
ade7a4cb: calls $19
d1523ab9: calls $19
*** TURN *** [4c Tc 8h] [6s]
d1523ab9: checks
aaf23c5c: bets $71.24
ade7a4cb: calls $71.24
d1523ab9: folds
*** RIVER *** [4c Tc 8h 6s] [Qh]
aaf23c5c: bets $78.61 and is all-in
ade7a4cb: folds
Uncalled bet ($78.61) returned to aaf23c5c
*** SHOWDOWN ***
aaf23c5c collected $237.48 from pot
*** SUMMARY ***
Total pot $237.48
Board [4c Tc 8h 6s Qh]
Seat 6: ab68e0b1 folded before Flop (didn't bet)
Seat 1: 75863216 folded before Flop (didn't bet)
Seat 2: ade7a4cb folded on the River
Seat 5: aaf23c5cwon ($237.48) with Pair of Eights
Seat 7: a6335ecc folded before Flop (didn't bet)
Seat 3: Hero(small blind) folded before Flop
Seat 4: d1523ab9(big blind) folded on the Turn



Poker Hand #ring_945763878: NLH No Limit ($2/$4) - 2025/06/20 02:01:29
Table 'MR NLH 2/4' 7-max Seat #1 is the button
Seat 6: ab68e0b1 ($1,421.2 in chips)
Seat 1: 75863216 ($1,731.53 in chips)
Seat 2: ade7a4cb ($800 in chips)
Seat 5: aaf23c5c ($180.85 in chips)
Seat 7: a6335ecc ($1,497.33 in chips)
Seat 3: Hero ($871.3 in chips)
Seat 4: d1523ab9 ($1,309.14 in chips)
ade7a4cb: posts small blind $2
Hero: posts big blind $4
*** HOLE CARDS ***
Dealt to ab68e0b1 
Dealt to 75863216 
Dealt to ade7a4cb 
Dealt to aaf23c5c 
Dealt to a6335ecc 
Dealt to Hero [Ac 6c]
Dealt to d1523ab9 
d1523ab9: folds
aaf23c5c: folds
ab68e0b1: folds
a6335ecc: folds
75863216: raises $6 to $10
ade7a4cb: folds
Hero: calls $6
*** FLOP *** [9c Qd 9d]
Hero: checks
75863216: bets $7.26
Hero: calls $7.26
*** TURN *** [9c Qd 9d] [3s]
Hero: checks
75863216: checks
*** RIVER *** [9c Qd 9d 3s] [Tc]
Hero: bets $28.86
75863216: folds
Uncalled bet ($28.86) returned to Hero
*** SHOWDOWN ***
Hero collected $36.52 from pot
*** SUMMARY ***
Total pot $36.52
Board [9c Qd 9d 3s Tc]
Seat 6: ab68e0b1 folded before Flop (didn't bet)
Seat 1: 75863216 folded on the River
Seat 2: ade7a4cb(small blind) folded before Flop
Seat 5: aaf23c5c folded before Flop (didn't bet)
Seat 7: a6335ecc folded before Flop (didn't bet)
Seat 3: Hero(big blind)won ($36.52) with Pair of Nines
Seat 4: d1523ab9 folded before Flop (didn't bet)



Poker Hand #ring_945762210: NLH No Limit ($2/$4) - 2025/06/20 02:00:29
Table 'MR NLH 2/4' 7-max Seat #7 is the button
Seat 6: ab68e0b1 ($1,286.34 in chips)
Seat 1: 75863216 ($1,733.53 in chips)
Seat 2: ade7a4cb ($147.19 in chips)
Seat 5: aaf23c5c ($180.85 in chips)
Seat 7: a6335ecc ($1,497.33 in chips)
Seat 3: Hero ($871.3 in chips)
Seat 4: d1523ab9 ($1,309.14 in chips)
75863216: posts small blind $2
ade7a4cb: posts big blind $4
*** HOLE CARDS ***
Dealt to ab68e0b1 
Dealt to 75863216 
Dealt to ade7a4cb 
Dealt to aaf23c5c 
Dealt to a6335ecc 
Dealt to Hero [5c 2d]
Dealt to d1523ab9 
Hero: folds
d1523ab9: folds
aaf23c5c: folds
ab68e0b1: raises $8 to $12
a6335ecc: folds
75863216: folds
ade7a4cb: raises $135.19 to $147.19 and is all-in
ab68e0b1: calls $135.19
ade7a4cb: shows [7d As]
ab68e0b1: shows [Kd Qs]
*** FLOP *** [Jd 7h 4d]
*** TURN *** [Jd 7h 4d] [9s]
*** RIVER *** [Jd 7h 4d 9s] [Ts]
*** SHOWDOWN ***
ab68e0b1 collected $296.38 from pot
*** SUMMARY ***
Total pot $296.38
Board [Jd 7h 4d 9s Ts]
Seat 6: ab68e0b1 showed [Kd Qs] and won ($296.38) with Kings-High Straight
Seat 1: 75863216(small blind) folded before Flop
Seat 2: ade7a4cb(big blind) showed [7d As] and lost with Pair of Sevens
Seat 5: aaf23c5c folded before Flop (didn't bet)
Seat 7: a6335ecc folded before Flop (didn't bet)
Seat 3: Hero folded before Flop (didn't bet)
Seat 4: d1523ab9 folded before Flop (didn't bet)



Poker Hand #ring_945758426: NLH No Limit ($2/$4) - 2025/06/20 01:58:16
Table 'MR NLH 2/4' 7-max Seat #6 is the button
Seat 6: ab68e0b1 ($1,286.34 in chips)
Seat 1: 75863216 ($805.28 in chips)
Seat 2: ade7a4cb ($952.47 in chips)
Seat 5: aaf23c5c ($348.85 in chips)
Seat 7: a6335ecc ($1,499.33 in chips)
Seat 3: Hero ($907 in chips)
Seat 4: d1523ab9 ($1,309.14 in chips)
a6335ecc: posts small blind $2
75863216: posts big blind $4
*** HOLE CARDS ***
Dealt to ab68e0b1 
Dealt to 75863216 
Dealt to ade7a4cb 
Dealt to aaf23c5c 
Dealt to a6335ecc 
Dealt to Hero [Qd As]
Dealt to d1523ab9 
ade7a4cb: raises $8 to $12
Hero: raises $23.7 to $35.7
d1523ab9: folds
aaf23c5c: calls $35.7
ab68e0b1: folds
a6335ecc: folds
75863216: calls $31.7
ade7a4cb: raises $132.3 to $168
Hero: folds
aaf23c5c: calls $132.3
75863216: calls $132.3
*** FLOP *** [6s Ad Qh]
75863216: checks
ade7a4cb: checks
aaf23c5c: checks
*** TURN *** [6s Ad Qh] [7c]
75863216: checks
ade7a4cb: checks
aaf23c5c: checks
*** RIVER *** [6s Ad Qh 7c] [8h]
75863216: bets $541.7
ade7a4cb: raises $242.77 to $784.47 and is all-in
aaf23c5c: folds
75863216: calls $95.58 and is all-in
Uncalled bet ($147.19) returned to ade7a4cb
75863216: shows [4d 5d]
ade7a4cb: shows [Kh Ah]
Hero: shows [Qd As]
*** SHOWDOWN ***
75863216 collected $1,816.26 from pot
*** SUMMARY ***
Total pot $1,816.26
Board [6s Ad Qh 7c 8h]
Seat 6: ab68e0b1 folded before Flop (didn't bet)
Seat 1: 75863216(big blind) showed [4d 5d] and won ($1,816.26) with Eights-High Straight
Seat 2: ade7a4cb showed [Kh Ah] and lost with Pair of Aces
Seat 5: aaf23c5c folded on the River
Seat 7: a6335ecc(small blind) folded before Flop
Seat 3: Hero folded before Flop
Seat 4: d1523ab9 folded before Flop (didn't bet)



Poker Hand #ring_945757376: NLH No Limit ($2/$4) - 2025/06/20 01:57:40
Table 'MR NLH 2/4' 7-max Seat #5 is the button
Seat 6: ab68e0b1 ($1,267.96 in chips)
Seat 1: 75863216 ($805.28 in chips)
Seat 2: ade7a4cb ($952.47 in chips)
Seat 5: aaf23c5c ($348.85 in chips)
Seat 7: a6335ecc ($1,503.33 in chips)
Seat 3: Hero ($907 in chips)
Seat 4: d1523ab9 ($1,325.14 in chips)
ab68e0b1: posts small blind $2
a6335ecc: posts big blind $4
d1523ab9: posts big blind $4
*** HOLE CARDS ***
Dealt to ab68e0b1 
Dealt to 75863216 
Dealt to ade7a4cb 
Dealt to aaf23c5c 
Dealt to a6335ecc 
Dealt to Hero [9h Js]
Dealt to d1523ab9 
75863216: folds
ade7a4cb: folds
Hero: folds
d1523ab9: checks
aaf23c5c: folds
ab68e0b1: raises $12 to $16
a6335ecc: folds
d1523ab9: calls $12
*** FLOP *** [9c Th Jc]
ab68e0b1: bets $18
d1523ab9: folds
Uncalled bet ($18) returned to ab68e0b1
*** SHOWDOWN ***
ab68e0b1 collected $36 from pot
*** SUMMARY ***
Total pot $36
Board [9c Th Jc]
Seat 6: ab68e0b1(small blind)won ($36) with Ace-High
Seat 1: 75863216 folded before Flop (didn't bet)
Seat 2: ade7a4cb folded before Flop (didn't bet)
Seat 5: aaf23c5c folded before Flop (didn't bet)
Seat 7: a6335ecc(big blind) folded before Flop
Seat 3: Hero folded before Flop (didn't bet)
Seat 4: d1523ab9 folded on the Flop



Poker Hand #ring_945754987: NLH No Limit ($2/$4) - 2025/06/20 01:56:16
Table 'MR NLH 2/4' 7-max Seat #3 is the button
Seat 6: ab68e0b1 ($1,271.96 in chips)
Seat 1: 75863216 ($805.28 in chips)
Seat 2: ade7a4cb ($800 in chips)
Seat 5: aaf23c5c ($513.29 in chips)
Seat 7: a6335ecc ($1,503.33 in chips)
Seat 3: Hero ($907 in chips)
aaf23c5c: posts small blind $2
ab68e0b1: posts big blind $4
ade7a4cb: posts big blind $4
*** HOLE CARDS ***
Dealt to ab68e0b1 
Dealt to 75863216 
Dealt to ade7a4cb 
Dealt to aaf23c5c 
Dealt to a6335ecc 
Dealt to Hero [7c Kd]
a6335ecc: folds
75863216: folds
ade7a4cb: raises $8 to $12
Hero: folds
aaf23c5c: calls $10
ab68e0b1: folds
*** FLOP *** [4c Qd 8h]
aaf23c5c: checks
ade7a4cb: bets $9.24
aaf23c5c: calls $9.24
*** TURN *** [4c Qd 8h] [9h]
aaf23c5c: checks
ade7a4cb: bets $34.86
aaf23c5c: raises $38.34 to $73.2
ade7a4cb: calls $38.34
*** RIVER *** [4c Qd 8h 9h] [Tc]
aaf23c5c: bets $70
ade7a4cb: calls $70
ade7a4cb: shows [Qc Qs]
aaf23c5c: shows [Ts 4s]
*** SHOWDOWN ***
ade7a4cb collected $332.88 from pot
*** SUMMARY ***
Total pot $332.88
Board [4c Qd 8h 9h Tc]
Seat 6: ab68e0b1(big blind) folded before Flop
Seat 1: 75863216 folded before Flop (didn't bet)
Seat 2: ade7a4cb showed [Qc Qs] and won ($332.88) with Three Queens
Seat 5: aaf23c5c(small blind) showed [Ts 4s] and lost with Pair of Tens and Pair of Fours
Seat 7: a6335ecc folded before Flop (didn't bet)
Seat 3: Hero folded before Flop (didn't bet)



Poker Hand #ring_945754600: NLH No Limit ($2/$4) - 2025/06/20 01:56:03
Table 'MR NLH 2/4' 7-max Seat #1 is the button
Seat 6: ab68e0b1 ($1,271.96 in chips)
Seat 1: 75863216 ($805.28 in chips)
Seat 5: aaf23c5c ($511.29 in chips)
Seat 7: a6335ecc ($1,503.33 in chips)
Seat 3: Hero ($909 in chips)
Hero: posts small blind $2
aaf23c5c: posts big blind $4
*** HOLE CARDS ***
Dealt to ab68e0b1 
Dealt to 75863216 
Dealt to aaf23c5c 
Dealt to a6335ecc 
Dealt to Hero [5d 9s]
ab68e0b1: folds
a6335ecc: folds
75863216: folds
Hero: folds
*** SHOWDOWN ***
aaf23c5c collected $6 from pot
*** SUMMARY ***
Total pot $6
Seat 6: ab68e0b1 folded before Flop (didn't bet)
Seat 1: 75863216 folded before Flop (didn't bet)
Seat 5: aaf23c5c(big blind)won ($6)
Seat 7: a6335ecc folded before Flop (didn't bet)
Seat 3: Hero(small blind) folded before Flop



Poker Hand #ring_945751477: NLH No Limit ($2/$4) - 2025/06/20 01:54:12
Table 'MR NLH 2/4' 7-max Seat #7 is the button
Seat 6: ab68e0b1 ($1,279.96 in chips)
Seat 1: 75863216 ($807.28 in chips)
Seat 5: aaf23c5c ($638.29 in chips)
Seat 7: a6335ecc ($1,503.33 in chips)
Seat 3: Hero ($784.88 in chips)
75863216: posts small blind $2
Hero: posts big blind $4
*** HOLE CARDS ***
Dealt to ab68e0b1 
Dealt to 75863216 
Dealt to aaf23c5c 
Dealt to a6335ecc 
Dealt to Hero [4s Qh]
aaf23c5c: raises $4 to $8
ab68e0b1: calls $8
a6335ecc: folds
75863216: folds
Hero: calls $4
*** FLOP *** [Qc 5c Jh]
Hero: checks
aaf23c5c: bets $13
ab68e0b1: folds
Hero: calls $13
*** TURN *** [Qc 5c Jh] [3h]
Hero: checks
aaf23c5c: bets $26
Hero: calls $26
*** RIVER *** [Qc 5c Jh 3h] [2h]
Hero: checks
aaf23c5c: bets $80
Hero: calls $80
Hero: shows [4s Qh]
aaf23c5c: shows [8d Ts]
*** SHOWDOWN ***
Hero collected $264 from pot
*** SUMMARY ***
Total pot $264
Board [Qc 5c Jh 3h 2h]
Seat 6: ab68e0b1 folded on the Flop
Seat 1: 75863216(small blind) folded before Flop
Seat 5: aaf23c5c showed [8d Ts] and lost with Queen-High
Seat 7: a6335ecc folded before Flop (didn't bet)
Seat 3: Hero(big blind) showed [4s Qh] and won ($264) with Pair of Queens



Poker Hand #ring_945750199: NLH No Limit ($2/$4) - 2025/06/20 01:53:26
Table 'MR NLH 2/4' 7-max Seat #6 is the button
Seat 6: ab68e0b1 ($1,279.96 in chips)
Seat 1: 75863216 ($800 in chips)
Seat 5: aaf23c5c ($638.29 in chips)
Seat 7: a6335ecc ($1,511.33 in chips)
Seat 3: Hero ($784.88 in chips)
a6335ecc: posts small blind $2
75863216: posts big blind $4
*** HOLE CARDS ***
Dealt to ab68e0b1 
Dealt to 75863216 
Dealt to aaf23c5c 
Dealt to a6335ecc 
Dealt to Hero [2c Ks]
Hero: folds
aaf23c5c: folds
ab68e0b1: folds
a6335ecc: calls $2
75863216: checks
*** FLOP *** [5d Qs Ad]
a6335ecc: checks
75863216: checks
*** TURN *** [5d Qs Ad] [8c]
a6335ecc: bets $4
75863216: raises $12 to $16
a6335ecc: folds
Uncalled bet ($12) returned to 75863216
*** SHOWDOWN ***
75863216 collected $16 from pot
*** SUMMARY ***
Total pot $16
Board [5d Qs Ad 8c]
Seat 6: ab68e0b1 folded before Flop (didn't bet)
Seat 1: 75863216(big blind)won ($16) with Pair of Eights and Pair of Fives
Seat 5: aaf23c5c folded before Flop (didn't bet)
Seat 7: a6335ecc(small blind) folded on the Turn
Seat 3: Hero folded before Flop (didn't bet)



Poker Hand #ring_945748850: NLH No Limit ($2/$4) - 2025/06/20 01:52:40
Table 'MR NLH 2/4' 7-max Seat #5 is the button
Seat 6: ab68e0b1 ($1,281.96 in chips)
Seat 5: aaf23c5c ($535.56 in chips)
Seat 7: a6335ecc ($1,623.21 in chips)
Seat 3: Hero ($784.88 in chips)
ab68e0b1: posts small blind $2
a6335ecc: posts big blind $4
*** HOLE CARDS ***
Dealt to ab68e0b1 
Dealt to aaf23c5c 
Dealt to a6335ecc 
Dealt to Hero [7d 6s]
Hero: folds
aaf23c5c: raises $12 to $16
ab68e0b1: folds
a6335ecc: calls $12
*** FLOP *** [Ks 3c 5s]
a6335ecc: bets $17
aaf23c5c: calls $17
*** TURN *** [Ks 3c 5s] [Jd]
a6335ecc: bets $22.44
aaf23c5c: calls $22.44
*** RIVER *** [Ks 3c 5s Jd] [Th]
a6335ecc: bets $56.44
aaf23c5c: calls $56.44
aaf23c5c: shows [Ad 9c]
a6335ecc: shows [8s 9s]
*** SHOWDOWN ***
aaf23c5c collected $225.76 from pot
*** SUMMARY ***
Total pot $225.76
Board [Ks 3c 5s Jd Th]
Seat 6: ab68e0b1(small blind) folded before Flop
Seat 5: aaf23c5c showed [Ad 9c] and won ($225.76) with Ace-High
Seat 7: a6335ecc(big blind) showed [8s 9s] and lost with King-High
Seat 3: Hero folded before Flop (didn't bet)



Poker Hand #ring_945747819: NLH No Limit ($2/$4) - 2025/06/20 01:52:04
Table 'MR NLH 2/4' 7-max Seat #3 is the button
Seat 6: ab68e0b1 ($1,297.96 in chips)
Seat 5: aaf23c5c ($521 in chips)
Seat 7: a6335ecc ($1,623.21 in chips)
Seat 3: Hero ($784.88 in chips)
aaf23c5c: posts small blind $2
ab68e0b1: posts big blind $4
*** HOLE CARDS ***
Dealt to ab68e0b1 
Dealt to aaf23c5c 
Dealt to a6335ecc 
Dealt to Hero [5d Ts]
a6335ecc: folds
Hero: folds
aaf23c5c: raises $12 to $16
ab68e0b1: calls $12
*** FLOP *** [2s 5h Ks]
aaf23c5c: checks
ab68e0b1: checks
*** TURN *** [2s 5h Ks] [3c]
aaf23c5c: checks
ab68e0b1: checks
*** RIVER *** [2s 5h Ks 3c] [8c]
aaf23c5c: bets $16
ab68e0b1: folds
Uncalled bet ($16) returned to aaf23c5c
*** SHOWDOWN ***
aaf23c5c collected $32 from pot
*** SUMMARY ***
Total pot $32
Board [2s 5h Ks 3c 8c]
Seat 6: ab68e0b1(big blind) folded on the River
Seat 5: aaf23c5c(small blind)won ($32) with Three Fives
Seat 7: a6335ecc folded before Flop (didn't bet)
Seat 3: Hero folded before Flop (didn't bet)



Poker Hand #ring_945746452: NLH No Limit ($2/$4) - 2025/06/20 01:51:16
Table 'MR NLH 2/4' 7-max Seat #7 is the button
Seat 6: ab68e0b1 ($1,297.96 in chips)
Seat 5: aaf23c5c ($593 in chips)
Seat 7: a6335ecc ($1,623.21 in chips)
Seat 3: Hero ($720.36 in chips)
Hero: posts small blind $2
aaf23c5c: posts big blind $4
*** HOLE CARDS ***
Dealt to ab68e0b1 
Dealt to aaf23c5c 
Dealt to a6335ecc 
Dealt to Hero [Ac Ad]
ab68e0b1: folds
a6335ecc: folds
Hero: raises $8 to $12
aaf23c5c: calls $8
*** FLOP *** [8s Td 7c]
Hero: bets $12
aaf23c5c: raises $48 to $60
Hero: calls $48
*** TURN *** [8s Td 7c] [9s]
Hero: checks
aaf23c5c: checks
*** RIVER *** [8s Td 7c 9s] [Qd]
Hero: checks
aaf23c5c: checks
Hero: shows [Ac Ad]
aaf23c5c: shows [3c Tc]
*** SHOWDOWN ***
Hero collected $144 from pot
*** SUMMARY ***
Total pot $144
Board [8s Td 7c 9s Qd]
Seat 6: ab68e0b1 folded before Flop (didn't bet)
Seat 5: aaf23c5c(big blind) showed [3c Tc] and lost with Pair of Tens
Seat 7: a6335ecc folded before Flop (didn't bet)
Seat 3: Hero(small blind) showed [Ac Ad] and won ($144) with Pair of Aces



Poker Hand #ring_945744017: NLH No Limit ($2/$4) - 2025/06/20 01:49:50
Table 'MR NLH 2/4' 7-max Seat #6 is the button
Seat 6: ab68e0b1 ($1,104.86 in chips)
Seat 5: aaf23c5c ($800 in chips)
Seat 7: a6335ecc ($1,625.21 in chips)
Seat 3: Hero ($724.36 in chips)
a6335ecc: posts small blind $2
Hero: posts big blind $4
aaf23c5c: posts big blind $4
*** HOLE CARDS ***
Dealt to ab68e0b1 
Dealt to aaf23c5c 
Dealt to a6335ecc 
Dealt to Hero [5s 3c]
aaf23c5c: checks
ab68e0b1: raises $14 to $18
a6335ecc: folds
Hero: folds
aaf23c5c: calls $14
*** FLOP *** [2s 4s 5h]
aaf23c5c: bets $21
ab68e0b1: calls $21
*** TURN *** [2s 4s 5h] [Ts]
aaf23c5c: bets $42
ab68e0b1: calls $42
*** RIVER *** [2s 4s 5h Ts] [Qd]
aaf23c5c: checks
ab68e0b1: bets $126
aaf23c5c: calls $126
aaf23c5c: shows [7s 7h]
ab68e0b1: shows [Qc Qh]
*** SHOWDOWN ***
ab68e0b1 collected $420 from pot
*** SUMMARY ***
Total pot $420
Board [2s 4s 5h Ts Qd]
Seat 6: ab68e0b1 showed [Qc Qh] and won ($420) with Three Queens
Seat 5: aaf23c5c showed [7s 7h] and lost with Pair of Sevens
Seat 7: a6335ecc(small blind) folded before Flop
Seat 3: Hero(big blind) folded before Flop



Poker Hand #ring_945742979: NLH No Limit ($2/$4) - 2025/06/20 01:49:14
Table 'MR NLH 2/4' 7-max Seat #3 is the button
Seat 6: ab68e0b1 ($1,106.86 in chips)
Seat 7: a6335ecc ($1,650.21 in chips)
Seat 3: Hero ($699.7 in chips)
ab68e0b1: posts small blind $2
a6335ecc: posts big blind $4
*** HOLE CARDS ***
Dealt to ab68e0b1 
Dealt to a6335ecc 
Dealt to Hero [Kh 7c]
Hero: raises $8 to $12
ab68e0b1: folds
a6335ecc: calls $8
*** FLOP *** [6h 4d 3h]
a6335ecc: checks
Hero: bets $13
a6335ecc: calls $13
*** TURN *** [6h 4d 3h] [Qd]
a6335ecc: checks
Hero: bets $41.08
a6335ecc: folds
Uncalled bet ($41.08) returned to Hero
*** SHOWDOWN ***
Hero collected $52 from pot
*** SUMMARY ***
Total pot $52
Board [6h 4d 3h Qd]
Seat 6: ab68e0b1(small blind) folded before Flop
Seat 7: a6335ecc(big blind) folded on the Turn
Seat 3: Herowon ($52) with King-High



Poker Hand #ring_945742469: NLH No Limit ($2/$4) - 2025/06/20 01:48:57
Table 'MR NLH 2/4' 7-max Seat #7 is the button
Seat 6: ab68e0b1 ($1,110.86 in chips)
Seat 7: a6335ecc ($1,650.21 in chips)
Seat 3: Hero ($695.7 in chips)
Hero: posts small blind $2
ab68e0b1: posts big blind $4
*** HOLE CARDS ***
Dealt to ab68e0b1 
Dealt to a6335ecc 
Dealt to Hero [2s Kh]
a6335ecc: folds
Hero: raises $4 to $8
ab68e0b1: folds
Uncalled bet ($4) returned to Hero
*** SHOWDOWN ***
Hero collected $8 from pot
*** SUMMARY ***
Total pot $8
Seat 6: ab68e0b1(big blind) folded before Flop
Seat 7: a6335ecc folded before Flop (didn't bet)
Seat 3: Hero(small blind)won ($8)



Poker Hand #ring_945741416: NLH No Limit ($2/$4) - 2025/06/20 01:48:19
Table 'MR NLH 2/4' 7-max Seat #6 is the button
Seat 6: ab68e0b1 ($1,110.86 in chips)
Seat 7: a6335ecc ($1,652.21 in chips)
Seat 3: Hero ($683.7 in chips)
Seat 4: be594f67 ($1,335.14 in chips)
a6335ecc: posts small blind $2
Hero: posts big blind $4
*** HOLE CARDS ***
Dealt to ab68e0b1 
Dealt to a6335ecc 
Dealt to Hero [Ks Kc]
Dealt to be594f67 
be594f67: raises $6 to $10
ab68e0b1: folds
a6335ecc: folds
Hero: raises $26 to $36
be594f67: folds
Uncalled bet ($26) returned to Hero
*** SHOWDOWN ***
Hero collected $22 from pot
*** SUMMARY ***
Total pot $22
Seat 6: ab68e0b1 folded before Flop (didn't bet)
Seat 7: a6335ecc(small blind) folded before Flop
Seat 3: Hero(big blind)won ($22)
Seat 4: be594f67 folded before Flop



Poker Hand #ring_945740608: NLH No Limit ($2/$4) - 2025/06/20 01:47:53
Table 'MR NLH 2/4' 7-max Seat #4 is the button
Seat 6: ab68e0b1 ($1,112.86 in chips)
Seat 7: a6335ecc ($1,650.21 in chips)
Seat 3: Hero ($683.7 in chips)
Seat 4: be594f67 ($1,335.14 in chips)
ab68e0b1: posts small blind $2
a6335ecc: posts big blind $4
*** HOLE CARDS ***
Dealt to ab68e0b1 
Dealt to a6335ecc 
Dealt to Hero [Kc 6h]
Dealt to be594f67 
Hero: folds
be594f67: folds
ab68e0b1: folds
*** SHOWDOWN ***
a6335ecc collected $6 from pot
*** SUMMARY ***
Total pot $6
Seat 6: ab68e0b1(small blind) folded before Flop
Seat 7: a6335ecc(big blind)won ($6)
Seat 3: Hero folded before Flop (didn't bet)
Seat 4: be594f67 folded before Flop (didn't bet)



Poker Hand #ring_945739538: NLH No Limit ($2/$4) - 2025/06/20 01:47:15
Table 'MR NLH 2/4' 7-max Seat #3 is the button
Seat 6: ab68e0b1 ($1,116.86 in chips)
Seat 2: 842eff25 ($820.33 in chips)
Seat 7: a6335ecc ($1,644.21 in chips)
Seat 3: Hero ($683.7 in chips)
Seat 4: be594f67 ($1,337.14 in chips)
be594f67: posts small blind $2
ab68e0b1: posts big blind $4
*** HOLE CARDS ***
Dealt to ab68e0b1 
Dealt to 842eff25 
Dealt to a6335ecc 
Dealt to Hero [8h 7d]
Dealt to be594f67 
a6335ecc: raises $12 to $16
842eff25: folds
Hero: folds
be594f67: folds
ab68e0b1: folds
Uncalled bet ($12) returned to a6335ecc
*** SHOWDOWN ***
a6335ecc collected $10 from pot
*** SUMMARY ***
Total pot $10
Seat 6: ab68e0b1(big blind) folded before Flop
Seat 2: 842eff25 folded before Flop (didn't bet)
Seat 7: a6335eccwon ($10)
Seat 3: Hero folded before Flop (didn't bet)
Seat 4: be594f67(small blind) folded before Flop



Poker Hand #ring_945738015: NLH No Limit ($2/$4) - 2025/06/20 01:46:22
Table 'MR NLH 2/4' 7-max Seat #2 is the button
Seat 6: ab68e0b1 ($1,134.36 in chips)
Seat 2: 842eff25 ($824.33 in chips)
Seat 7: a6335ecc ($1,648.21 in chips)
Seat 3: Hero ($685.7 in chips)
Seat 4: be594f67 ($1,312.66 in chips)
Seat 5: ffb82fe3 ($1,113.93 in chips)
Hero: posts small blind $2
be594f67: posts big blind $4
*** HOLE CARDS ***
Dealt to ab68e0b1 
Dealt to 842eff25 
Dealt to a6335ecc 
Dealt to Hero [8s 4d]
Dealt to be594f67 
Dealt to ffb82fe3 
ffb82fe3: folds
ab68e0b1: calls $4
a6335ecc: calls $4
842eff25: calls $4
Hero: folds
be594f67: checks
*** FLOP *** [6d 3d 3c]
be594f67: checks
ab68e0b1: bets $13.5
a6335ecc: folds
842eff25: folds
be594f67: raises $30.5 to $44
ab68e0b1: folds
Uncalled bet ($30.5) returned to be594f67
*** SHOWDOWN ***
be594f67 collected $45 from pot
*** SUMMARY ***
Total pot $45
Board [6d 3d 3c]
Seat 6: ab68e0b1 folded on the Flop
Seat 2: 842eff25 folded on the Flop
Seat 7: a6335ecc folded on the Flop
Seat 3: Hero(small blind) folded before Flop
Seat 4: be594f67(big blind)won ($45) with Three Treys
Seat 5: ffb82fe3 folded before Flop (didn't bet)



Poker Hand #ring_945736772: NLH No Limit ($2/$4) - 2025/06/20 01:45:39
Table 'MR NLH 2/4' 7-max Seat #7 is the button
Seat 6: ab68e0b1 ($1,134.36 in chips)
Seat 2: 842eff25 ($798.03 in chips)
Seat 7: a6335ecc ($1,648.21 in chips)
Seat 3: Hero ($715.7 in chips)
Seat 4: be594f67 ($1,312.66 in chips)
Seat 5: ffb82fe3 ($1,113.93 in chips)
842eff25: posts small blind $2
Hero: posts big blind $4
*** HOLE CARDS ***
Dealt to ab68e0b1 
Dealt to 842eff25 
Dealt to a6335ecc 
Dealt to Hero [3h Kd]
Dealt to be594f67 
Dealt to ffb82fe3 
be594f67: folds
ffb82fe3: folds
ab68e0b1: folds
a6335ecc: folds
842eff25: calls $2
Hero: checks
*** FLOP *** [2h Kh 6c]
842eff25: checks
Hero: checks
*** TURN *** [2h Kh 6c] [8c]
842eff25: bets $6
Hero: calls $6
*** RIVER *** [2h Kh 6c 8c] [Qd]
842eff25: bets $20
Hero: calls $20
842eff25: shows [8d Qs]
Hero: shows [3h Kd]
*** SHOWDOWN ***
842eff25 collected $60 from pot
*** SUMMARY ***
Total pot $60
Board [2h Kh 6c 8c Qd]
Seat 6: ab68e0b1 folded before Flop (didn't bet)
Seat 2: 842eff25(small blind) showed [8d Qs] and won ($60) with Pair of Queens and Pair of Eights
Seat 7: a6335ecc folded before Flop (didn't bet)
Seat 3: Hero(big blind) showed [3h Kd] and lost with Pair of Kings
Seat 4: be594f67 folded before Flop (didn't bet)
Seat 5: ffb82fe3 folded before Flop (didn't bet)



Poker Hand #ring_945734762: NLH No Limit ($2/$4) - 2025/06/20 01:44:29
Table 'MR NLH 2/4' 7-max Seat #6 is the button
Seat 6: ab68e0b1 ($1,307.76 in chips)
Seat 2: 842eff25 ($818.59 in chips)
Seat 7: a6335ecc ($1,650.21 in chips)
Seat 3: Hero ($715.7 in chips)
Seat 4: be594f67 ($1,312.66 in chips)
Seat 5: ffb82fe3 ($935.59 in chips)
a6335ecc: posts small blind $2
842eff25: posts big blind $4
*** HOLE CARDS ***
Dealt to ab68e0b1 
Dealt to 842eff25 
Dealt to a6335ecc 
Dealt to Hero [Qh 4h]
Dealt to be594f67 
Dealt to ffb82fe3 
Hero: folds
be594f67: folds
ffb82fe3: raises $6 to $10
ab68e0b1: calls $10
a6335ecc: folds
842eff25: calls $6
*** FLOP *** [3s 9h 9c]
842eff25: checks
ffb82fe3: bets $10.56
ab68e0b1: calls $10.56
842eff25: calls $10.56
*** TURN *** [3s 9h 9c] [7c]
842eff25: checks
ffb82fe3: bets $42.03
ab68e0b1: calls $42.03
842eff25: folds
*** RIVER *** [3s 9h 9c 7c] [Qs]
ffb82fe3: bets $110.81
ab68e0b1: calls $110.81
ffb82fe3: shows [Ad 9s]
ab68e0b1: shows [9d Jh]
*** SHOWDOWN ***
ffb82fe3 collected $369.36 from pot
*** SUMMARY ***
Total pot $369.36
Board [3s 9h 9c 7c Qs]
Seat 6: ab68e0b1 showed [9d Jh] and lost with Three Nines
Seat 2: 842eff25(big blind) folded on the Turn
Seat 7: a6335ecc(small blind) folded before Flop
Seat 3: Hero folded before Flop (didn't bet)
Seat 4: be594f67 folded before Flop (didn't bet)
Seat 5: ffb82fe3 showed [Ad 9s] and won ($369.36) with Three Nines



Poker Hand #ring_945733454: NLH No Limit ($2/$4) - 2025/06/20 01:43:44
Table 'MR NLH 2/4' 7-max Seat #5 is the button
Seat 6: ab68e0b1 ($1,309.76 in chips)
Seat 2: 842eff25 ($818.59 in chips)
Seat 7: a6335ecc ($1,648.21 in chips)
Seat 3: Hero ($715.7 in chips)
Seat 4: be594f67 ($1,312.66 in chips)
Seat 5: ffb82fe3 ($935.59 in chips)
ab68e0b1: posts small blind $2
a6335ecc: posts big blind $4
*** HOLE CARDS ***
Dealt to ab68e0b1 
Dealt to 842eff25 
Dealt to a6335ecc 
Dealt to Hero [Ad 3h]
Dealt to be594f67 
Dealt to ffb82fe3 
842eff25: folds
Hero: folds
be594f67: folds
ffb82fe3: folds
ab68e0b1: folds
*** SHOWDOWN ***
a6335ecc collected $6 from pot
*** SUMMARY ***
Total pot $6
Seat 6: ab68e0b1(small blind) folded before Flop
Seat 2: 842eff25 folded before Flop (didn't bet)
Seat 7: a6335ecc(big blind)won ($6)
Seat 3: Hero folded before Flop (didn't bet)
Seat 4: be594f67 folded before Flop (didn't bet)
Seat 5: ffb82fe3 folded before Flop (didn't bet)



Poker Hand #ring_945731738: NLH No Limit ($2/$4) - 2025/06/20 01:42:43
Table 'MR NLH 2/4' 7-max Seat #4 is the button
Seat 1: 5bc77542 ($1,605.44 in chips)
Seat 6: ab68e0b1 ($1,321.76 in chips)
Seat 2: 842eff25 ($830.59 in chips)
Seat 7: a6335ecc ($1,623.92 in chips)
Seat 3: Hero ($715.7 in chips)
Seat 4: be594f67 ($1,312.66 in chips)
Seat 5: ffb82fe3 ($937.59 in chips)
ffb82fe3: posts small blind $2
ab68e0b1: posts big blind $4
*** HOLE CARDS ***
Dealt to 5bc77542 
Dealt to ab68e0b1 
Dealt to 842eff25 
Dealt to a6335ecc 
Dealt to Hero [9h Kc]
Dealt to be594f67 
Dealt to ffb82fe3 
a6335ecc: raises $8 to $12
5bc77542: folds
842eff25: calls $12
Hero: folds
be594f67: folds
ffb82fe3: folds
ab68e0b1: calls $8
*** FLOP *** [5h 5s 2h]
ab68e0b1: checks
a6335ecc: checks
842eff25: checks
*** TURN *** [5h 5s 2h] [7s]
ab68e0b1: checks
a6335ecc: bets $12.54
842eff25: folds
ab68e0b1: folds
Uncalled bet ($12.54) returned to a6335ecc
*** SHOWDOWN ***
a6335ecc collected $38 from pot
*** SUMMARY ***
Total pot $38
Board [5h 5s 2h 7s]
Seat 1: 5bc77542 folded before Flop (didn't bet)
Seat 6: ab68e0b1(big blind) folded on the Turn
Seat 2: 842eff25 folded on the Turn
Seat 7: a6335eccwon ($38) with Pair of Fives
Seat 3: Hero folded before Flop (didn't bet)
Seat 4: be594f67 folded before Flop (didn't bet)
Seat 5: ffb82fe3(small blind) folded before Flop



Poker Hand #ring_945730514: NLH No Limit ($2/$4) - 2025/06/20 01:42:00
Table 'MR NLH 2/4' 7-max Seat #3 is the button
Seat 1: 5bc77542 ($1,605.44 in chips)
Seat 6: ab68e0b1 ($1,321.76 in chips)
Seat 2: 842eff25 ($842.59 in chips)
Seat 7: a6335ecc ($1,623.92 in chips)
Seat 3: Hero ($699.05 in chips)
Seat 4: be594f67 ($1,314.66 in chips)
Seat 5: ffb82fe3 ($941.59 in chips)
be594f67: posts small blind $2
ffb82fe3: posts big blind $4
*** HOLE CARDS ***
Dealt to 5bc77542 
Dealt to ab68e0b1 
Dealt to 842eff25 
Dealt to a6335ecc 
Dealt to Hero [8h 8c]
Dealt to be594f67 
Dealt to ffb82fe3 
ab68e0b1: folds
a6335ecc: folds
5bc77542: folds
842eff25: calls $4
Hero: raises $8 to $12
be594f67: folds
ffb82fe3: folds
842eff25: calls $8
*** FLOP *** [Kc 5d 2s]
842eff25: checks
Hero: checks
*** TURN *** [Kc 5d 2s] [Ks]
842eff25: checks
Hero: bets $15
842eff25: folds
Uncalled bet ($15) returned to Hero
*** SHOWDOWN ***
Hero collected $30 from pot
*** SUMMARY ***
Total pot $30
Board [Kc 5d 2s Ks]
Seat 1: 5bc77542 folded before Flop (didn't bet)
Seat 6: ab68e0b1 folded before Flop (didn't bet)
Seat 2: 842eff25 folded on the Turn
Seat 7: a6335ecc folded before Flop (didn't bet)
Seat 3: Herowon ($30) with Pair of Kings and Pair of Eights
Seat 4: be594f67(small blind) folded before Flop
Seat 5: ffb82fe3(big blind) folded before Flop



Poker Hand #ring_945728763: NLH No Limit ($2/$4) - 2025/06/20 01:41:00
Table 'MR NLH 2/4' 7-max Seat #2 is the button
Seat 1: 5bc77542 ($1,605.44 in chips)
Seat 6: ab68e0b1 ($1,177.44 in chips)
Seat 2: 842eff25 ($987.59 in chips)
Seat 7: a6335ecc ($1,623.92 in chips)
Seat 3: Hero ($701.05 in chips)
Seat 4: be594f67 ($1,326.66 in chips)
Seat 5: ffb82fe3 ($941.59 in chips)
Hero: posts small blind $2
be594f67: posts big blind $4
*** HOLE CARDS ***
Dealt to 5bc77542 
Dealt to ab68e0b1 
Dealt to 842eff25 
Dealt to a6335ecc 
Dealt to Hero [7h 6c]
Dealt to be594f67 
Dealt to ffb82fe3 
ffb82fe3: folds
ab68e0b1: raises $8 to $12
a6335ecc: folds
5bc77542: folds
842eff25: calls $12
Hero: folds
be594f67: calls $8
*** FLOP *** [Ks 8s Tc]
be594f67: checks
ab68e0b1: bets $19
842eff25: calls $19
be594f67: folds
*** TURN *** [Ks 8s Tc] [3c]
ab68e0b1: bets $38
842eff25: calls $38
*** RIVER *** [Ks 8s Tc 3c] [6h]
ab68e0b1: bets $76
842eff25: calls $76
842eff25: shows [9s Kd]
ab68e0b1: shows [Ts Td]
*** SHOWDOWN ***
ab68e0b1 collected $304 from pot
*** SUMMARY ***
Total pot $304
Board [Ks 8s Tc 3c 6h]
Seat 1: 5bc77542 folded before Flop (didn't bet)
Seat 6: ab68e0b1 showed [Ts Td] and won ($304) with Three Tens
Seat 2: 842eff25 showed [9s Kd] and lost with Pair of Kings
Seat 7: a6335ecc folded before Flop (didn't bet)
Seat 3: Hero(small blind) folded before Flop
Seat 4: be594f67(big blind) folded on the Flop
Seat 5: ffb82fe3 folded before Flop (didn't bet)



Poker Hand #ring_945727995: NLH No Limit ($2/$4) - 2025/06/20 01:40:33
Table 'MR NLH 2/4' 7-max Seat #1 is the button
Seat 1: 5bc77542 ($1,605.44 in chips)
Seat 6: ab68e0b1 ($1,177.44 in chips)
Seat 2: 842eff25 ($989.59 in chips)
Seat 7: a6335ecc ($1,623.92 in chips)
Seat 3: Hero ($699.05 in chips)
Seat 4: be594f67 ($1,326.66 in chips)
Seat 5: ffb82fe3 ($941.59 in chips)
842eff25: posts small blind $2
Hero: posts big blind $4
*** HOLE CARDS ***
Dealt to 5bc77542 
Dealt to ab68e0b1 
Dealt to 842eff25 
Dealt to a6335ecc 
Dealt to Hero [Qd 8d]
Dealt to be594f67 
Dealt to ffb82fe3 
be594f67: folds
ffb82fe3: folds
ab68e0b1: folds
a6335ecc: folds
5bc77542: folds
842eff25: folds
*** SHOWDOWN ***
Hero collected $6 from pot
*** SUMMARY ***
Total pot $6
Seat 1: 5bc77542 folded before Flop (didn't bet)
Seat 6: ab68e0b1 folded before Flop (didn't bet)
Seat 2: 842eff25(small blind) folded before Flop
Seat 7: a6335ecc folded before Flop (didn't bet)
Seat 3: Hero(big blind)won ($6)
Seat 4: be594f67 folded before Flop (didn't bet)
Seat 5: ffb82fe3 folded before Flop (didn't bet)



Poker Hand #ring_945725683: NLH No Limit ($2/$4) - 2025/06/20 01:39:14
Table 'MR NLH 2/4' 7-max Seat #7 is the button
Seat 1: 5bc77542 ($1,607.44 in chips)
Seat 6: ab68e0b1 ($1,187.44 in chips)
Seat 2: 842eff25 ($1,113.59 in chips)
Seat 7: a6335ecc ($1,623.92 in chips)
Seat 3: Hero ($699.05 in chips)
Seat 4: be594f67 ($1,326.66 in chips)
Seat 5: ffb82fe3 ($818.29 in chips)
5bc77542: posts small blind $2
842eff25: posts big blind $4
*** HOLE CARDS ***
Dealt to 5bc77542 
Dealt to ab68e0b1 
Dealt to 842eff25 
Dealt to a6335ecc 
Dealt to Hero [4s 9d]
Dealt to be594f67 
Dealt to ffb82fe3 
Hero: folds
be594f67: folds
ffb82fe3: raises $6 to $10
ab68e0b1: calls $10
a6335ecc: folds
5bc77542: folds
842eff25: raises $24 to $34
ffb82fe3: raises $46 to $80
ab68e0b1: folds
842eff25: calls $46
*** FLOP *** [7d 2d Kd]
842eff25: checks
ffb82fe3: bets $44
842eff25: calls $44
*** TURN *** [7d 2d Kd] [6d]
842eff25: checks
ffb82fe3: checks
*** RIVER *** [7d 2d Kd 6d] [5h]
842eff25: checks
ffb82fe3: bets $195
842eff25: folds
Uncalled bet ($195) returned to ffb82fe3
*** SHOWDOWN ***
ffb82fe3 collected $260 from pot
*** SUMMARY ***
Total pot $260
Board [7d 2d Kd 6d 5h]
Seat 1: 5bc77542(small blind) folded before Flop
Seat 6: ab68e0b1 folded before Flop
Seat 2: 842eff25(big blind) folded on the River
Seat 7: a6335ecc folded before Flop (didn't bet)
Seat 3: Hero folded before Flop (didn't bet)
Seat 4: be594f67 folded before Flop (didn't bet)
Seat 5: ffb82fe3won ($260) with King High Flush



Poker Hand #ring_945724363: NLH No Limit ($2/$4) - 2025/06/20 01:38:29
Table 'MR NLH 2/4' 7-max Seat #6 is the button
Seat 1: 5bc77542 ($1,611.44 in chips)
Seat 6: ab68e0b1 ($1,187.44 in chips)
Seat 2: 842eff25 ($1,108.04 in chips)
Seat 7: a6335ecc ($1,625.92 in chips)
Seat 3: Hero ($699.05 in chips)
Seat 4: be594f67 ($1,326.66 in chips)
Seat 5: ffb82fe3 ($818.29 in chips)
a6335ecc: posts small blind $2
5bc77542: posts big blind $4
*** HOLE CARDS ***
Dealt to 5bc77542 
Dealt to ab68e0b1 
Dealt to 842eff25 
Dealt to a6335ecc 
Dealt to Hero [Qd 7h]
Dealt to be594f67 
Dealt to ffb82fe3 
842eff25: calls $4
Hero: folds
be594f67: folds
ffb82fe3: folds
ab68e0b1: folds
a6335ecc: folds
5bc77542: checks
*** FLOP *** [2s Jc 7s]
5bc77542: checks
842eff25: checks
*** TURN *** [2s Jc 7s] [6s]
5bc77542: checks
842eff25: checks
*** RIVER *** [2s Jc 7s 6s] [5d]
5bc77542: checks
842eff25: checks
5bc77542: shows [3h Ah]
842eff25: shows [5h 4h]
*** SHOWDOWN ***
842eff25 collected $10 from pot
*** SUMMARY ***
Total pot $10
Board [2s Jc 7s 6s 5d]
Seat 1: 5bc77542(big blind) showed [3h Ah] and lost with Ace-High
Seat 6: ab68e0b1 folded before Flop (didn't bet)
Seat 2: 842eff25 showed [5h 4h] and won ($10) with Pair of Fives
Seat 7: a6335ecc(small blind) folded before Flop
Seat 3: Hero folded before Flop (didn't bet)
Seat 4: be594f67 folded before Flop (didn't bet)
Seat 5: ffb82fe3 folded before Flop (didn't bet)



Poker Hand #ring_945722903: NLH No Limit ($2/$4) - 2025/06/20 01:37:39
Table 'MR NLH 2/4' 7-max Seat #5 is the button
Seat 1: 5bc77542 ($1,611.44 in chips)
Seat 6: ab68e0b1 ($1,189.44 in chips)
Seat 2: 842eff25 ($1,124.04 in chips)
Seat 7: a6335ecc ($1,629.92 in chips)
Seat 3: Hero ($699.05 in chips)
Seat 4: be594f67 ($1,326.66 in chips)
Seat 5: ffb82fe3 ($798 in chips)
ab68e0b1: posts small blind $2
a6335ecc: posts big blind $4
*** HOLE CARDS ***
Dealt to 5bc77542 
Dealt to ab68e0b1 
Dealt to 842eff25 
Dealt to a6335ecc 
Dealt to Hero [4s 7s]
Dealt to be594f67 
Dealt to ffb82fe3 
5bc77542: folds
842eff25: calls $4
Hero: folds
be594f67: folds
ffb82fe3: raises $12 to $16
ab68e0b1: folds
a6335ecc: folds
842eff25: calls $12
*** FLOP *** [3d Ah 7h]
842eff25: checks
ffb82fe3: bets $12.54
842eff25: folds
Uncalled bet ($12.54) returned to ffb82fe3
*** SHOWDOWN ***
ffb82fe3 collected $38 from pot
*** SUMMARY ***
Total pot $38
Board [3d Ah 7h]
Seat 1: 5bc77542 folded before Flop (didn't bet)
Seat 6: ab68e0b1(small blind) folded before Flop
Seat 2: 842eff25 folded on the Flop
Seat 7: a6335ecc(big blind) folded before Flop
Seat 3: Hero folded before Flop (didn't bet)
Seat 4: be594f67 folded before Flop (didn't bet)
Seat 5: ffb82fe3won ($38) with Ace-High



Poker Hand #ring_945721890: NLH No Limit ($2/$4) - 2025/06/20 01:37:05
Table 'MR NLH 2/4' 7-max Seat #4 is the button
Seat 1: 5bc77542 ($1,611.44 in chips)
Seat 6: ab68e0b1 ($1,174.79 in chips)
Seat 2: 842eff25 ($1,138.04 in chips)
Seat 7: a6335ecc ($1,629.92 in chips)
Seat 3: Hero ($699.05 in chips)
Seat 4: be594f67 ($1,326.66 in chips)
Seat 5: ffb82fe3 ($800 in chips)
ffb82fe3: posts small blind $2
ab68e0b1: posts big blind $4
*** HOLE CARDS ***
Dealt to 5bc77542 
Dealt to ab68e0b1 
Dealt to 842eff25 
Dealt to a6335ecc 
Dealt to Hero [2s 9d]
Dealt to be594f67 
Dealt to ffb82fe3 
a6335ecc: folds
5bc77542: folds
842eff25: raises $10 to $14
Hero: folds
be594f67: folds
ffb82fe3: folds
ab68e0b1: calls $10
*** FLOP *** [7d 7s 8s]
ab68e0b1: checks
842eff25: checks
*** TURN *** [7d 7s 8s] [9h]
ab68e0b1: bets $15
842eff25: folds
Uncalled bet ($15) returned to ab68e0b1
*** SHOWDOWN ***
ab68e0b1 collected $30 from pot
*** SUMMARY ***
Total pot $30
Board [7d 7s 8s 9h]
Seat 1: 5bc77542 folded before Flop (didn't bet)
Seat 6: ab68e0b1(big blind)won ($30) with Jacks-High Straight
Seat 2: 842eff25 folded on the Turn
Seat 7: a6335ecc folded before Flop (didn't bet)
Seat 3: Hero folded before Flop (didn't bet)
Seat 4: be594f67 folded before Flop (didn't bet)
Seat 5: ffb82fe3(small blind) folded before Flop



Poker Hand #ring_945720668: NLH No Limit ($2/$4) - 2025/06/20 01:36:24
Table 'MR NLH 2/4' 7-max Seat #3 is the button
Seat 1: 5bc77542 ($1,611.44 in chips)
Seat 6: ab68e0b1 ($1,174.79 in chips)
Seat 2: 842eff25 ($1,138.04 in chips)
Seat 7: a6335ecc ($1,583.31 in chips)
Seat 3: Hero ($745.07 in chips)
Seat 4: be594f67 ($1,328.66 in chips)
Seat 5: ffb82fe3 ($800 in chips)
be594f67: posts small blind $2
ffb82fe3: posts big blind $4
*** HOLE CARDS ***
Dealt to 5bc77542 
Dealt to ab68e0b1 
Dealt to 842eff25 
Dealt to a6335ecc 
Dealt to Hero [4d 4c]
Dealt to be594f67 
Dealt to ffb82fe3 
ab68e0b1: folds
a6335ecc: raises $12 to $16
5bc77542: folds
842eff25: folds
Hero: calls $16
be594f67: folds
ffb82fe3: folds
*** FLOP *** [Jh Kh 5c]
a6335ecc: checks
Hero: bets $30.02
a6335ecc: calls $30.02
*** TURN *** [Jh Kh 5c] [Td]
a6335ecc: checks
Hero: checks
*** RIVER *** [Jh Kh 5c Td] [5h]
a6335ecc: checks
Hero: checks
Hero: shows [4d 4c]
a6335ecc: shows [Qs Ts]
*** SHOWDOWN ***
a6335ecc collected $98.04 from pot
*** SUMMARY ***
Total pot $98.04
Board [Jh Kh 5c Td 5h]
Seat 1: 5bc77542 folded before Flop (didn't bet)
Seat 6: ab68e0b1 folded before Flop (didn't bet)
Seat 2: 842eff25 folded before Flop (didn't bet)
Seat 7: a6335ecc showed [Qs Ts] and won ($98.04) with Pair of Tens and Pair of Fives
Seat 3: Hero showed [4d 4c] and lost with Pair of Fives and Pair of Fours
Seat 4: be594f67(small blind) folded before Flop
Seat 5: ffb82fe3(big blind) folded before Flop



Poker Hand #ring_945719682: NLH No Limit ($2/$4) - 2025/06/20 01:35:49
Table 'MR NLH 2/4' 7-max Seat #2 is the button
Seat 1: 5bc77542 ($1,611.44 in chips)
Seat 6: ab68e0b1 ($1,145.49 in chips)
Seat 2: 842eff25 ($1,165.04 in chips)
Seat 7: a6335ecc ($1,583.31 in chips)
Seat 3: Hero ($747.07 in chips)
Seat 4: be594f67 ($1,332.66 in chips)
Seat 5: ffb82fe3 ($800 in chips)
Hero: posts small blind $2
be594f67: posts big blind $4
*** HOLE CARDS ***
Dealt to 5bc77542 
Dealt to ab68e0b1 
Dealt to 842eff25 
Dealt to a6335ecc 
Dealt to Hero [2c Th]
Dealt to be594f67 
Dealt to ffb82fe3 
ffb82fe3: folds
ab68e0b1: raises $8 to $12
a6335ecc: folds
5bc77542: folds
842eff25: calls $12
Hero: folds
be594f67: folds
*** FLOP *** [Qs Kd 7c]
ab68e0b1: bets $15
842eff25: calls $15
*** TURN *** [Qs Kd 7c] [Ac]
ab68e0b1: bets $45
842eff25: folds
Uncalled bet ($45) returned to ab68e0b1
*** SHOWDOWN ***
ab68e0b1 collected $60 from pot
*** SUMMARY ***
Total pot $60
Board [Qs Kd 7c Ac]
Seat 1: 5bc77542 folded before Flop (didn't bet)
Seat 6: ab68e0b1won ($60) with Ace-High
Seat 2: 842eff25 folded on the Turn
Seat 7: a6335ecc folded before Flop (didn't bet)
Seat 3: Hero(small blind) folded before Flop
Seat 4: be594f67(big blind) folded before Flop
Seat 5: ffb82fe3 folded before Flop (didn't bet)



Poker Hand #ring_945718747: NLH No Limit ($2/$4) - 2025/06/20 01:35:17
Table 'MR NLH 2/4' 7-max Seat #1 is the button
Seat 1: 5bc77542 ($1,611.44 in chips)
Seat 6: ab68e0b1 ($1,145.49 in chips)
Seat 2: 842eff25 ($1,167.04 in chips)
Seat 7: a6335ecc ($1,577.76 in chips)
Seat 3: Hero ($751.07 in chips)
Seat 4: be594f67 ($1,332.66 in chips)
Seat 5: ffb82fe3 ($800 in chips)
842eff25: posts small blind $2
Hero: posts big blind $4
*** HOLE CARDS ***
Dealt to 5bc77542 
Dealt to ab68e0b1 
Dealt to 842eff25 
Dealt to a6335ecc 
Dealt to Hero [5c Td]
Dealt to be594f67 
Dealt to ffb82fe3 
be594f67: folds
ffb82fe3: folds
ab68e0b1: folds
a6335ecc: calls $4
5bc77542: folds
842eff25: folds
Hero: checks
*** FLOP *** [Jd 2s Qc]
Hero: checks
a6335ecc: bets $7.5
Hero: folds
Uncalled bet ($7.5) returned to a6335ecc
*** SHOWDOWN ***
a6335ecc collected $10 from pot
*** SUMMARY ***
Total pot $10
Board [Jd 2s Qc]
Seat 1: 5bc77542 folded before Flop (didn't bet)
Seat 6: ab68e0b1 folded before Flop (didn't bet)
Seat 2: 842eff25(small blind) folded before Flop
Seat 7: a6335eccwon ($10) with King-High
Seat 3: Hero(big blind) folded on the Flop
Seat 4: be594f67 folded before Flop (didn't bet)
Seat 5: ffb82fe3 folded before Flop (didn't bet)



Poker Hand #ring_945716024: NLH No Limit ($2/$4) - 2025/06/20 01:33:46
Table 'MR NLH 2/4' 7-max Seat #7 is the button
Seat 1: 5bc77542 ($1,613.44 in chips)
Seat 6: ab68e0b1 ($1,145.49 in chips)
Seat 2: 842eff25 ($1,171.04 in chips)
Seat 7: a6335ecc ($1,577.76 in chips)
Seat 3: Hero ($390.75 in chips)
Seat 4: be594f67 ($1,332.66 in chips)
Seat 5: ffb82fe3 ($866.5 in chips)
5bc77542: posts small blind $2
842eff25: posts big blind $4
*** HOLE CARDS ***
Dealt to 5bc77542 
Dealt to ab68e0b1 
Dealt to 842eff25 
Dealt to a6335ecc 
Dealt to Hero [Jh Th]
Dealt to be594f67 
Dealt to ffb82fe3 
Hero: raises $8 to $12
be594f67: folds
ffb82fe3: raises $28 to $40
ab68e0b1: folds
a6335ecc: folds
5bc77542: folds
842eff25: folds
Hero: calls $28
*** FLOP *** [Td 4c 8h]
Hero: checks
ffb82fe3: bets $28.38
Hero: calls $28.38
*** TURN *** [Td 4c 8h] [3h]
Hero: bets $112.79
ffb82fe3: calls $112.79
*** RIVER *** [Td 4c 8h 3h] [Js]
Hero: bets $209.58 and is all-in
ffb82fe3: calls $209.58
Hero: shows [Jh Th]
ffb82fe3: shows [9d 9c]
*** SHOWDOWN ***
Hero collected $787.5 from pot
*** SUMMARY ***
Total pot $787.5
Board [Td 4c 8h 3h Js]
Seat 1: 5bc77542(small blind) folded before Flop
Seat 6: ab68e0b1 folded before Flop (didn't bet)
Seat 2: 842eff25(big blind) folded before Flop
Seat 7: a6335ecc folded before Flop (didn't bet)
Seat 3: Hero showed [Jh Th] and won ($787.5) with Pair of Jacks and Pair of Tens
Seat 4: be594f67 folded before Flop (didn't bet)
Seat 5: ffb82fe3 showed [9d 9c] and lost with Pair of Nines



Poker Hand #ring_945714741: NLH No Limit ($2/$4) - 2025/06/20 01:33:04
Table 'MR NLH 2/4' 7-max Seat #6 is the button
Seat 1: 5bc77542 ($1,617.44 in chips)
Seat 6: ab68e0b1 ($1,127.11 in chips)
Seat 2: 842eff25 ($1,171.04 in chips)
Seat 7: a6335ecc ($1,593.76 in chips)
Seat 3: Hero ($390.75 in chips)
Seat 4: be594f67 ($1,332.66 in chips)
Seat 5: ffb82fe3 ($866.5 in chips)
a6335ecc: posts small blind $2
5bc77542: posts big blind $4
*** HOLE CARDS ***
Dealt to 5bc77542 
Dealt to ab68e0b1 
Dealt to 842eff25 
Dealt to a6335ecc 
Dealt to Hero [3c 7c]
Dealt to be594f67 
Dealt to ffb82fe3 
842eff25: folds
Hero: folds
be594f67: folds
ffb82fe3: folds
ab68e0b1: raises $12 to $16
a6335ecc: calls $14
5bc77542: folds
*** FLOP *** [9d 5s 5h]
a6335ecc: checks
ab68e0b1: bets $18
a6335ecc: folds
Uncalled bet ($18) returned to ab68e0b1
*** SHOWDOWN ***
ab68e0b1 collected $36 from pot
*** SUMMARY ***
Total pot $36
Board [9d 5s 5h]
Seat 1: 5bc77542(big blind) folded before Flop
Seat 6: ab68e0b1won ($36) with Pair of Fives
Seat 2: 842eff25 folded before Flop (didn't bet)
Seat 7: a6335ecc(small blind) folded on the Flop
Seat 3: Hero folded before Flop (didn't bet)
Seat 4: be594f67 folded before Flop (didn't bet)
Seat 5: ffb82fe3 folded before Flop (didn't bet)



Poker Hand #ring_945712649: NLH No Limit ($2/$4) - 2025/06/20 01:31:52
Table 'MR NLH 2/4' 7-max Seat #5 is the button
Seat 1: 5bc77542 ($1,617.44 in chips)
Seat 6: ab68e0b1 ($1,129.11 in chips)
Seat 2: 842eff25 ($1,187.04 in chips)
Seat 7: a6335ecc ($1,597.76 in chips)
Seat 3: Hero ($390.75 in chips)
Seat 4: be594f67 ($1,312.37 in chips)
Seat 5: ffb82fe3 ($866.5 in chips)
ab68e0b1: posts small blind $2
a6335ecc: posts big blind $4
*** HOLE CARDS ***
Dealt to 5bc77542 
Dealt to ab68e0b1 
Dealt to 842eff25 
Dealt to a6335ecc 
Dealt to Hero [9d 3d]
Dealt to be594f67 
Dealt to ffb82fe3 
5bc77542: folds
842eff25: calls $4
Hero: folds
be594f67: raises $12 to $16
ffb82fe3: folds
ab68e0b1: folds
a6335ecc: folds
842eff25: calls $12
*** FLOP *** [4d Th 8s]
842eff25: checks
be594f67: checks
*** TURN *** [4d Th 8s] [6d]
842eff25: checks
be594f67: checks
*** RIVER *** [4d Th 8s 6d] [2c]
842eff25: checks
be594f67: bets $12.54
842eff25: folds
Uncalled bet ($12.54) returned to be594f67
*** SHOWDOWN ***
be594f67 collected $38 from pot
*** SUMMARY ***
Total pot $38
Board [4d Th 8s 6d 2c]
Seat 1: 5bc77542 folded before Flop (didn't bet)
Seat 6: ab68e0b1(small blind) folded before Flop
Seat 2: 842eff25 folded on the River
Seat 7: a6335ecc(big blind) folded before Flop
Seat 3: Hero folded before Flop (didn't bet)
Seat 4: be594f67won ($38) with Pair of Eights
Seat 5: ffb82fe3 folded before Flop (didn't bet)



Poker Hand #ring_945711525: NLH No Limit ($2/$4) - 2025/06/20 01:31:15
Table 'MR NLH 2/4' 7-max Seat #4 is the button
Seat 1: 5bc77542 ($1,617.44 in chips)
Seat 6: ab68e0b1 ($1,133.11 in chips)
Seat 2: 842eff25 ($1,231.54 in chips)
Seat 7: a6335ecc ($1,613.76 in chips)
Seat 3: Hero ($390.75 in chips)
Seat 4: be594f67 ($1,312.37 in chips)
Seat 5: ffb82fe3 ($802 in chips)
ffb82fe3: posts small blind $2
ab68e0b1: posts big blind $4
*** HOLE CARDS ***
Dealt to 5bc77542 
Dealt to ab68e0b1 
Dealt to 842eff25 
Dealt to a6335ecc 
Dealt to Hero [5c 8d]
Dealt to be594f67 
Dealt to ffb82fe3 
a6335ecc: raises $12 to $16
5bc77542: folds
842eff25: raises $28.5 to $44.5
Hero: folds
be594f67: folds
ffb82fe3: raises $87.5 to $132
ab68e0b1: folds
a6335ecc: folds
842eff25: folds
Uncalled bet ($87.5) returned to ffb82fe3
*** SHOWDOWN ***
ffb82fe3 collected $109 from pot
*** SUMMARY ***
Total pot $109
Seat 1: 5bc77542 folded before Flop (didn't bet)
Seat 6: ab68e0b1(big blind) folded before Flop
Seat 2: 842eff25 folded before Flop
Seat 7: a6335ecc folded before Flop
Seat 3: Hero folded before Flop (didn't bet)
Seat 4: be594f67 folded before Flop (didn't bet)
Seat 5: ffb82fe3(small blind)won ($109)



Poker Hand #ring_945708740: NLH No Limit ($2/$4) - 2025/06/20 01:29:43
Table 'MR NLH 2/4' 7-max Seat #3 is the button
Seat 1: 5bc77542 ($1,487.24 in chips)
Seat 6: ab68e0b1 ($1,171.11 in chips)
Seat 2: 842eff25 ($1,329.54 in chips)
Seat 7: a6335ecc ($1,613.76 in chips)
Seat 3: Hero ($390.75 in chips)
Seat 4: be594f67 ($1,314.37 in chips)
Seat 5: ffb82fe3 ($806 in chips)
be594f67: posts small blind $2
ffb82fe3: posts big blind $4
*** HOLE CARDS ***
Dealt to 5bc77542 
Dealt to ab68e0b1 
Dealt to 842eff25 
Dealt to a6335ecc 
Dealt to Hero [2s 8c]
Dealt to be594f67 
Dealt to ffb82fe3 
ab68e0b1: raises $4 to $8
a6335ecc: folds
5bc77542: calls $8
842eff25: raises $30 to $38
Hero: folds
be594f67: folds
ffb82fe3: folds
ab68e0b1: calls $30
5bc77542: calls $30
*** FLOP *** [Qc Jd 5d]
ab68e0b1: checks
5bc77542: checks
842eff25: checks
*** TURN *** [Qc Jd 5d] [6c]
ab68e0b1: checks
5bc77542: bets $60
842eff25: calls $60
ab68e0b1: folds
*** RIVER *** [Qc Jd 5d 6c] [8h]
5bc77542: checks
842eff25: checks
5bc77542: shows [Ks Qs]
842eff25: shows [Th Td]
*** SHOWDOWN ***
5bc77542 collected $240 from pot
*** SUMMARY ***
Total pot $240
Board [Qc Jd 5d 6c 8h]
Seat 1: 5bc77542 showed [Ks Qs] and won ($240) with Pair of Queens
Seat 6: ab68e0b1 folded on the Turn
Seat 2: 842eff25 showed [Th Td] and lost with Pair of Tens
Seat 7: a6335ecc folded before Flop (didn't bet)
Seat 3: Hero folded before Flop (didn't bet)
Seat 4: be594f67(small blind) folded before Flop
Seat 5: ffb82fe3(big blind) folded before Flop



Poker Hand #ring_945707648: NLH No Limit ($2/$4) - 2025/06/20 01:29:06
Table 'MR NLH 2/4' 7-max Seat #2 is the button
Seat 1: 5bc77542 ($1,487.24 in chips)
Seat 6: ab68e0b1 ($1,171.11 in chips)
Seat 2: 842eff25 ($1,329.54 in chips)
Seat 7: a6335ecc ($1,613.76 in chips)
Seat 3: Hero ($392.75 in chips)
Seat 4: be594f67 ($1,318.37 in chips)
Seat 5: ffb82fe3 ($800 in chips)
Hero: posts small blind $2
be594f67: posts big blind $4
*** HOLE CARDS ***
Dealt to 5bc77542 
Dealt to ab68e0b1 
Dealt to 842eff25 
Dealt to a6335ecc 
Dealt to Hero [3d 4d]
Dealt to be594f67 
Dealt to ffb82fe3 
ffb82fe3: raises $6 to $10
ab68e0b1: folds
a6335ecc: folds
5bc77542: folds
842eff25: folds
Hero: folds
be594f67: folds
Uncalled bet ($6) returned to ffb82fe3
*** SHOWDOWN ***
ffb82fe3 collected $10 from pot
*** SUMMARY ***
Total pot $10
Seat 1: 5bc77542 folded before Flop (didn't bet)
Seat 6: ab68e0b1 folded before Flop (didn't bet)
Seat 2: 842eff25 folded before Flop (didn't bet)
Seat 7: a6335ecc folded before Flop (didn't bet)
Seat 3: Hero(small blind) folded before Flop
Seat 4: be594f67(big blind) folded before Flop
Seat 5: ffb82fe3won ($10)



Poker Hand #ring_945705947: NLH No Limit ($2/$4) - 2025/06/20 01:28:10
Table 'MR NLH 2/4' 7-max Seat #1 is the button
Seat 1: 5bc77542 ($1,451.11 in chips)
Seat 6: ab68e0b1 ($1,205.61 in chips)
Seat 2: 842eff25 ($1,331.54 in chips)
Seat 7: a6335ecc ($1,613.76 in chips)
Seat 3: Hero ($396.75 in chips)
Seat 4: be594f67 ($1,318.37 in chips)
Seat 5: ffb82fe3 ($800 in chips)
842eff25: posts small blind $2
Hero: posts big blind $4
*** HOLE CARDS ***
Dealt to 5bc77542 
Dealt to ab68e0b1 
Dealt to 842eff25 
Dealt to a6335ecc 
Dealt to Hero [4d 8h]
Dealt to be594f67 
Dealt to ffb82fe3 
be594f67: folds
ffb82fe3: folds
ab68e0b1: raises $8 to $12
a6335ecc: folds
5bc77542: raises $22.5 to $34.5
842eff25: folds
Hero: folds
ab68e0b1: calls $22.5
*** FLOP *** [7s 2s 6h]
ab68e0b1: checks
5bc77542: checks
*** TURN *** [7s 2s 6h] [6d]
ab68e0b1: checks
5bc77542: checks
*** RIVER *** [7s 2s 6h 6d] [3d]
ab68e0b1: checks
5bc77542: checks
5bc77542: shows [Ad Ks]
ab68e0b1: shows [Jd Th]
*** SHOWDOWN ***
5bc77542 collected $75 from pot
*** SUMMARY ***
Total pot $75
Board [7s 2s 6h 6d 3d]
Seat 1: 5bc77542 showed [Ad Ks] and won ($75) with Pair of Sixes
Seat 6: ab68e0b1 showed [Jd Th] and lost with Pair of Sixes
Seat 2: 842eff25(small blind) folded before Flop
Seat 7: a6335ecc folded before Flop (didn't bet)
Seat 3: Hero(big blind) folded before Flop
Seat 4: be594f67 folded before Flop (didn't bet)
Seat 5: ffb82fe3 folded before Flop (didn't bet)



Poker Hand #ring_945703193: NLH No Limit ($2/$4) - 2025/06/20 01:26:38
Table 'MR NLH 2/4' 7-max Seat #7 is the button
Seat 1: 5bc77542 ($1,453.11 in chips)
Seat 6: ab68e0b1 ($1,205.61 in chips)
Seat 2: 842eff25 ($1,350.12 in chips)
Seat 7: a6335ecc ($1,401.61 in chips)
Seat 3: Hero ($396.75 in chips)
Seat 4: be594f67 ($1,318.37 in chips)
Seat 5: ffb82fe3 ($832.94 in chips)
5bc77542: posts small blind $2
842eff25: posts big blind $4
*** HOLE CARDS ***
Dealt to 5bc77542 
Dealt to ab68e0b1 
Dealt to 842eff25 
Dealt to a6335ecc 
Dealt to Hero [8c 7d]
Dealt to be594f67 
Dealt to ffb82fe3 
Hero: folds
be594f67: folds
ffb82fe3: raises $6 to $10
ab68e0b1: folds
a6335ecc: raises $8.58 to $18.58
5bc77542: folds
842eff25: calls $14.58
ffb82fe3: raises $61.42 to $80
a6335ecc: calls $61.42
842eff25: folds
*** FLOP *** [9c 3c 4s]
ffb82fe3: bets $44
a6335ecc: raises $88.63 to $132.63
ffb82fe3: calls $88.63
*** TURN *** [9c 3c 4s] [Ad]
ffb82fe3: checks
a6335ecc: bets $222.91
ffb82fe3: folds
Uncalled bet ($222.91) returned to a6335ecc
*** SHOWDOWN ***
a6335ecc collected $445.84 from pot
*** SUMMARY ***
Total pot $445.84
Board [9c 3c 4s Ad]
Seat 1: 5bc77542(small blind) folded before Flop
Seat 6: ab68e0b1 folded before Flop (didn't bet)
Seat 2: 842eff25(big blind) folded before Flop
Seat 7: a6335eccwon ($445.84) with Pair of Kings
Seat 3: Hero folded before Flop (didn't bet)
Seat 4: be594f67 folded before Flop (didn't bet)
Seat 5: ffb82fe3 folded on the Turn



Poker Hand #ring_945702300: NLH No Limit ($2/$4) - 2025/06/20 01:26:09
Table 'MR NLH 2/4' 7-max Seat #6 is the button
Seat 1: 5bc77542 ($1,457.11 in chips)
Seat 6: ab68e0b1 ($1,205.61 in chips)
Seat 2: 842eff25 ($1,350.12 in chips)
Seat 7: a6335ecc ($1,397.61 in chips)
Seat 3: Hero ($396.75 in chips)
Seat 4: be594f67 ($1,318.37 in chips)
Seat 5: ffb82fe3 ($832.94 in chips)
a6335ecc: posts small blind $2
5bc77542: posts big blind $4
*** HOLE CARDS ***
Dealt to 5bc77542 
Dealt to ab68e0b1 
Dealt to 842eff25 
Dealt to a6335ecc 
Dealt to Hero [3h 9h]
Dealt to be594f67 
Dealt to ffb82fe3 
842eff25: folds
Hero: folds
be594f67: folds
ffb82fe3: folds
ab68e0b1: folds
a6335ecc: raises $8 to $12
5bc77542: folds
Uncalled bet ($8) returned to a6335ecc
*** SHOWDOWN ***
a6335ecc collected $8 from pot
*** SUMMARY ***
Total pot $8
Seat 1: 5bc77542(big blind) folded before Flop
Seat 6: ab68e0b1 folded before Flop (didn't bet)
Seat 2: 842eff25 folded before Flop (didn't bet)
Seat 7: a6335ecc(small blind)won ($8)
Seat 3: Hero folded before Flop (didn't bet)
Seat 4: be594f67 folded before Flop (didn't bet)
Seat 5: ffb82fe3 folded before Flop (didn't bet)



Poker Hand #ring_945701661: NLH No Limit ($2/$4) - 2025/06/20 01:25:48
Table 'MR NLH 2/4' 7-max Seat #5 is the button
Seat 1: 5bc77542 ($1,457.11 in chips)
Seat 6: ab68e0b1 ($1,207.61 in chips)
Seat 2: 842eff25 ($1,350.12 in chips)
Seat 7: a6335ecc ($1,395.61 in chips)
Seat 3: Hero ($396.75 in chips)
Seat 4: be594f67 ($1,318.37 in chips)
Seat 5: ffb82fe3 ($832.94 in chips)
ab68e0b1: posts small blind $2
a6335ecc: posts big blind $4
*** HOLE CARDS ***
Dealt to 5bc77542 
Dealt to ab68e0b1 
Dealt to 842eff25 
Dealt to a6335ecc 
Dealt to Hero [8c Ad]
Dealt to be594f67 
Dealt to ffb82fe3 
5bc77542: folds
842eff25: folds
Hero: folds
be594f67: folds
ffb82fe3: folds
ab68e0b1: folds
*** SHOWDOWN ***
a6335ecc collected $6 from pot
*** SUMMARY ***
Total pot $6
Seat 1: 5bc77542 folded before Flop (didn't bet)
Seat 6: ab68e0b1(small blind) folded before Flop
Seat 2: 842eff25 folded before Flop (didn't bet)
Seat 7: a6335ecc(big blind)won ($6)
Seat 3: Hero folded before Flop (didn't bet)
Seat 4: be594f67 folded before Flop (didn't bet)
Seat 5: ffb82fe3 folded before Flop (didn't bet)



Poker Hand #ring_945700579: NLH No Limit ($2/$4) - 2025/06/20 01:25:13
Table 'MR NLH 2/4' 7-max Seat #4 is the button
Seat 1: 5bc77542 ($1,457.11 in chips)
Seat 6: ab68e0b1 ($1,202.06 in chips)
Seat 2: 842eff25 ($1,350.12 in chips)
Seat 7: a6335ecc ($1,399.61 in chips)
Seat 3: Hero ($396.75 in chips)
Seat 4: be594f67 ($1,318.37 in chips)
Seat 5: ffb82fe3 ($834.94 in chips)
ffb82fe3: posts small blind $2
ab68e0b1: posts big blind $4
*** HOLE CARDS ***
Dealt to 5bc77542 
Dealt to ab68e0b1 
Dealt to 842eff25 
Dealt to a6335ecc 
Dealt to Hero [5d 7h]
Dealt to be594f67 
Dealt to ffb82fe3 
a6335ecc: calls $4
5bc77542: folds
842eff25: folds
Hero: folds
be594f67: folds
ffb82fe3: folds
ab68e0b1: checks
*** FLOP *** [4s 3d Qd]
ab68e0b1: checks
a6335ecc: checks
*** TURN *** [4s 3d Qd] [8d]
ab68e0b1: checks
a6335ecc: checks
*** RIVER *** [4s 3d Qd 8d] [8h]
ab68e0b1: checks
a6335ecc: checks
ab68e0b1: shows [Jd Kc]
a6335ecc: shows [Td 9c]
*** SHOWDOWN ***
ab68e0b1 collected $10 from pot
*** SUMMARY ***
Total pot $10
Board [4s 3d Qd 8d 8h]
Seat 1: 5bc77542 folded before Flop (didn't bet)
Seat 6: ab68e0b1(big blind) showed [Jd Kc] and won ($10) with Pair of Eights
Seat 2: 842eff25 folded before Flop (didn't bet)
Seat 7: a6335ecc showed [Td 9c] and lost with Pair of Eights
Seat 3: Hero folded before Flop (didn't bet)
Seat 4: be594f67 folded before Flop (didn't bet)
Seat 5: ffb82fe3(small blind) folded before Flop



Poker Hand #ring_945698491: NLH No Limit ($2/$4) - 2025/06/20 01:24:05
Table 'MR NLH 2/4' 7-max Seat #3 is the button
Seat 1: 5bc77542 ($1,457.11 in chips)
Seat 6: ab68e0b1 ($1,175.03 in chips)
Seat 2: 842eff25 ($1,374.62 in chips)
Seat 7: a6335ecc ($1,399.61 in chips)
Seat 3: Hero ($396.75 in chips)
Seat 4: be594f67 ($1,320.37 in chips)
Seat 5: ffb82fe3 ($838.94 in chips)
be594f67: posts small blind $2
ffb82fe3: posts big blind $4
*** HOLE CARDS ***
Dealt to 5bc77542 
Dealt to ab68e0b1 
Dealt to 842eff25 
Dealt to a6335ecc 
Dealt to Hero [4c 7c]
Dealt to be594f67 
Dealt to ffb82fe3 
ab68e0b1: raises $4 to $8
a6335ecc: folds
5bc77542: folds
842eff25: calls $8
Hero: folds
be594f67: folds
ffb82fe3: folds
*** FLOP *** [8s 4h 8h]
ab68e0b1: checks
842eff25: checks
*** TURN *** [8s 4h 8h] [6s]
ab68e0b1: bets $16.5
842eff25: calls $16.5
*** RIVER *** [8s 4h 8h 6s] [Kd]
ab68e0b1: bets $41.25
842eff25: folds
Uncalled bet ($41.25) returned to ab68e0b1
*** SHOWDOWN ***
ab68e0b1 collected $55 from pot
*** SUMMARY ***
Total pot $55
Board [8s 4h 8h 6s Kd]
Seat 1: 5bc77542 folded before Flop (didn't bet)
Seat 6: ab68e0b1won ($55) with Pair of Eights
Seat 2: 842eff25 folded on the River
Seat 7: a6335ecc folded before Flop (didn't bet)
Seat 3: Hero folded before Flop (didn't bet)
Seat 4: be594f67(small blind) folded before Flop
Seat 5: ffb82fe3(big blind) folded before Flop



Poker Hand #ring_945697076: NLH No Limit ($2/$4) - 2025/06/20 01:23:18
Table 'MR NLH 2/4' 7-max Seat #2 is the button
Seat 1: 5bc77542 ($1,457.11 in chips)
Seat 6: ab68e0b1 ($1,175.03 in chips)
Seat 2: 842eff25 ($1,386.62 in chips)
Seat 7: a6335ecc ($1,375.32 in chips)
Seat 3: Hero ($398.75 in chips)
Seat 4: be594f67 ($1,332.37 in chips)
Seat 5: ffb82fe3 ($838.94 in chips)
Hero: posts small blind $2
be594f67: posts big blind $4
*** HOLE CARDS ***
Dealt to 5bc77542 
Dealt to ab68e0b1 
Dealt to 842eff25 
Dealt to a6335ecc 
Dealt to Hero [2s 7s]
Dealt to be594f67 
Dealt to ffb82fe3 
ffb82fe3: folds
ab68e0b1: folds
a6335ecc: raises $8 to $12
5bc77542: folds
842eff25: calls $12
Hero: folds
be594f67: calls $8
*** FLOP *** [9c 5d 3s]
be594f67: checks
a6335ecc: bets $28.5
842eff25: folds
be594f67: folds
Uncalled bet ($28.5) returned to a6335ecc
*** SHOWDOWN ***
a6335ecc collected $38 from pot
*** SUMMARY ***
Total pot $38
Board [9c 5d 3s]
Seat 1: 5bc77542 folded before Flop (didn't bet)
Seat 6: ab68e0b1 folded before Flop (didn't bet)
Seat 2: 842eff25 folded on the Flop
Seat 7: a6335eccwon ($38) with Pair of Fives
Seat 3: Hero(small blind) folded before Flop
Seat 4: be594f67(big blind) folded on the Flop
Seat 5: ffb82fe3 folded before Flop (didn't bet)



Poker Hand #ring_945695275: NLH No Limit ($2/$4) - 2025/06/20 01:22:20
Table 'MR NLH 2/4' 7-max Seat #1 is the button
Seat 1: 5bc77542 ($1,492.61 in chips)
Seat 6: ab68e0b1 ($1,175.03 in chips)
Seat 2: 842eff25 ($1,317.59 in chips)
Seat 7: a6335ecc ($1,375.32 in chips)
Seat 3: Hero ($402.75 in chips)
Seat 4: be594f67 ($1,367.87 in chips)
Seat 5: ffb82fe3 ($838.94 in chips)
842eff25: posts small blind $2
Hero: posts big blind $4
*** HOLE CARDS ***
Dealt to 5bc77542 
Dealt to ab68e0b1 
Dealt to 842eff25 
Dealt to a6335ecc 
Dealt to Hero [6d Jc]
Dealt to be594f67 
Dealt to ffb82fe3 
be594f67: raises $6 to $10
ffb82fe3: folds
ab68e0b1: folds
a6335ecc: folds
5bc77542: calls $10
842eff25: raises $25.5 to $35.5
Hero: folds
be594f67: calls $25.5
5bc77542: calls $25.5
*** FLOP *** [7h 3h 4h]
842eff25: bets $55.24
be594f67: folds
5bc77542: folds
Uncalled bet ($55.24) returned to 842eff25
*** SHOWDOWN ***
842eff25 collected $110.5 from pot
*** SUMMARY ***
Total pot $110.5
Board [7h 3h 4h]
Seat 1: 5bc77542 folded on the Flop
Seat 6: ab68e0b1 folded before Flop (didn't bet)
Seat 2: 842eff25(small blind)won ($110.5) with Ace-High
Seat 7: a6335ecc folded before Flop (didn't bet)
Seat 3: Hero(big blind) folded before Flop
Seat 4: be594f67 folded on the Flop
Seat 5: ffb82fe3 folded before Flop (didn't bet)



Poker Hand #ring_945694105: NLH No Limit ($2/$4) - 2025/06/20 01:21:42
Table 'MR NLH 2/4' 7-max Seat #7 is the button
Seat 1: 5bc77542 ($1,494.61 in chips)
Seat 6: ab68e0b1 ($1,175.03 in chips)
Seat 2: 842eff25 ($1,321.59 in chips)
Seat 7: a6335ecc ($1,369.77 in chips)
Seat 3: Hero ($402.75 in chips)
Seat 4: be594f67 ($1,367.87 in chips)
Seat 5: ffb82fe3 ($838.94 in chips)
5bc77542: posts small blind $2
842eff25: posts big blind $4
*** HOLE CARDS ***
Dealt to 5bc77542 
Dealt to ab68e0b1 
Dealt to 842eff25 
Dealt to a6335ecc 
Dealt to Hero [5s 8h]
Dealt to be594f67 
Dealt to ffb82fe3 
Hero: folds
be594f67: folds
ffb82fe3: folds
ab68e0b1: folds
a6335ecc: calls $4
5bc77542: folds
842eff25: checks
*** FLOP *** [7d Qd Jd]
842eff25: checks
a6335ecc: bets $7.5
842eff25: folds
Uncalled bet ($7.5) returned to a6335ecc
*** SHOWDOWN ***
a6335ecc collected $10 from pot
*** SUMMARY ***
Total pot $10
Board [7d Qd Jd]
Seat 1: 5bc77542(small blind) folded before Flop
Seat 6: ab68e0b1 folded before Flop (didn't bet)
Seat 2: 842eff25(big blind) folded on the Flop
Seat 7: a6335eccwon ($10) with Pair of Queens
Seat 3: Hero folded before Flop (didn't bet)
Seat 4: be594f67 folded before Flop (didn't bet)
Seat 5: ffb82fe3 folded before Flop (didn't bet)



Poker Hand #ring_945693465: NLH No Limit ($2/$4) - 2025/06/20 01:21:20
Table 'MR NLH 2/4' 7-max Seat #6 is the button
Seat 1: 5bc77542 ($1,492.61 in chips)
Seat 6: ab68e0b1 ($1,175.03 in chips)
Seat 2: 842eff25 ($1,321.59 in chips)
Seat 7: a6335ecc ($1,371.77 in chips)
Seat 3: Hero ($402.75 in chips)
Seat 4: be594f67 ($1,367.87 in chips)
Seat 5: ffb82fe3 ($838.94 in chips)
a6335ecc: posts small blind $2
5bc77542: posts big blind $4
*** HOLE CARDS ***
Dealt to 5bc77542 
Dealt to ab68e0b1 
Dealt to 842eff25 
Dealt to a6335ecc 
Dealt to Hero [8c 2c]
Dealt to be594f67 
Dealt to ffb82fe3 
842eff25: folds
Hero: folds
be594f67: folds
ffb82fe3: folds
ab68e0b1: folds
a6335ecc: folds
*** SHOWDOWN ***
5bc77542 collected $6 from pot
*** SUMMARY ***
Total pot $6
Seat 1: 5bc77542(big blind)won ($6)
Seat 6: ab68e0b1 folded before Flop (didn't bet)
Seat 2: 842eff25 folded before Flop (didn't bet)
Seat 7: a6335ecc(small blind) folded before Flop
Seat 3: Hero folded before Flop (didn't bet)
Seat 4: be594f67 folded before Flop (didn't bet)
Seat 5: ffb82fe3 folded before Flop (didn't bet)



Poker Hand #ring_945692264: NLH No Limit ($2/$4) - 2025/06/20 01:20:41
Table 'MR NLH 2/4' 7-max Seat #5 is the button
Seat 1: 5bc77542 ($1,504.61 in chips)
Seat 6: ab68e0b1 ($1,187.03 in chips)
Seat 2: 842eff25 ($1,321.59 in chips)
Seat 7: a6335ecc ($1,349.39 in chips)
Seat 3: Hero ($402.75 in chips)
Seat 4: be594f67 ($1,367.87 in chips)
Seat 5: ffb82fe3 ($838.94 in chips)
ab68e0b1: posts small blind $2
a6335ecc: posts big blind $4
*** HOLE CARDS ***
Dealt to 5bc77542 
Dealt to ab68e0b1 
Dealt to 842eff25 
Dealt to a6335ecc 
Dealt to Hero [7c Qs]
Dealt to be594f67 
Dealt to ffb82fe3 
5bc77542: raises $8 to $12
842eff25: folds
Hero: folds
be594f67: folds
ffb82fe3: folds
ab68e0b1: calls $10
a6335ecc: calls $8
*** FLOP *** [Jd As Tc]
ab68e0b1: checks
a6335ecc: bets $18
5bc77542: folds
ab68e0b1: folds
Uncalled bet ($18) returned to a6335ecc
5bc77542: shows [Jh]
ab68e0b1: shows [Ac]
*** SHOWDOWN ***
a6335ecc collected $36 from pot
*** SUMMARY ***
Total pot $36
Board [Jd As Tc]
Seat 1: 5bc77542 folded on the Flop
Seat 6: ab68e0b1(small blind) folded on the Flop
Seat 2: 842eff25 folded before Flop (didn't bet)
Seat 7: a6335ecc(big blind)won ($36) with Pair of Jacks
Seat 3: Hero folded before Flop (didn't bet)
Seat 4: be594f67 folded before Flop (didn't bet)
Seat 5: ffb82fe3 folded before Flop (didn't bet)



Poker Hand #ring_945690223: NLH No Limit ($2/$4) - 2025/06/20 01:19:34
Table 'MR NLH 2/4' 7-max Seat #4 is the button
Seat 1: 5bc77542 ($1,504.61 in chips)
Seat 6: ab68e0b1 ($1,191.03 in chips)
Seat 2: 842eff25 ($1,321.59 in chips)
Seat 7: a6335ecc ($1,353.39 in chips)
Seat 3: Hero ($402.75 in chips)
Seat 4: be594f67 ($1,379.87 in chips)
Seat 5: ffb82fe3 ($820.38 in chips)
ffb82fe3: posts small blind $2
ab68e0b1: posts big blind $4
*** HOLE CARDS ***
Dealt to 5bc77542 
Dealt to ab68e0b1 
Dealt to 842eff25 
Dealt to a6335ecc 
Dealt to Hero [8h Tc]
Dealt to be594f67 
Dealt to ffb82fe3 
a6335ecc: calls $4
5bc77542: folds
842eff25: folds
Hero: folds
be594f67: calls $4
ffb82fe3: calls $2
ab68e0b1: checks
*** FLOP *** [8c 6s 2s]
ffb82fe3: checks
ab68e0b1: checks
a6335ecc: checks
be594f67: bets $8
ffb82fe3: calls $8
ab68e0b1: folds
a6335ecc: folds
*** TURN *** [8c 6s 2s] [2c]
ffb82fe3: checks
be594f67: checks
*** RIVER *** [8c 6s 2s 2c] [2d]
ffb82fe3: checks
be594f67: checks
be594f67: shows [Ts 7s]
ffb82fe3: shows [6h 7h]
*** SHOWDOWN ***
ffb82fe3 collected $32 from pot
*** SUMMARY ***
Total pot $32
Board [8c 6s 2s 2c 2d]
Seat 1: 5bc77542 folded before Flop (didn't bet)
Seat 6: ab68e0b1(big blind) folded on the Flop
Seat 2: 842eff25 folded before Flop (didn't bet)
Seat 7: a6335ecc folded on the Flop
Seat 3: Hero folded before Flop (didn't bet)
Seat 4: be594f67 showed [Ts 7s] and lost with Three Twos
Seat 5: ffb82fe3(small blind) showed [6h 7h] and won ($32) with Twos Full over Sixes



Poker Hand #ring_945689262: NLH No Limit ($2/$4) - 2025/06/20 01:19:03
Table 'MR NLH 2/4' 7-max Seat #3 is the button
Seat 1: 5bc77542 ($1,504.61 in chips)
Seat 6: ab68e0b1 ($1,191.03 in chips)
Seat 2: 842eff25 ($1,304.94 in chips)
Seat 7: a6335ecc ($1,353.39 in chips)
Seat 3: Hero ($414.75 in chips)
Seat 4: be594f67 ($1,381.87 in chips)
Seat 5: ffb82fe3 ($824.38 in chips)
be594f67: posts small blind $2
ffb82fe3: posts big blind $4
*** HOLE CARDS ***
Dealt to 5bc77542 
Dealt to ab68e0b1 
Dealt to 842eff25 
Dealt to a6335ecc 
Dealt to Hero [7d 5d]
Dealt to be594f67 
Dealt to ffb82fe3 
ab68e0b1: folds
a6335ecc: folds
5bc77542: folds
842eff25: raises $8 to $12
Hero: calls $12
be594f67: folds
ffb82fe3: folds
*** FLOP *** [Tc 2s 9h]
842eff25: bets $15
Hero: folds
Uncalled bet ($15) returned to 842eff25
*** SHOWDOWN ***
842eff25 collected $30 from pot
*** SUMMARY ***
Total pot $30
Board [Tc 2s 9h]
Seat 1: 5bc77542 folded before Flop (didn't bet)
Seat 6: ab68e0b1 folded before Flop (didn't bet)
Seat 2: 842eff25won ($30) with Pair of Nines
Seat 7: a6335ecc folded before Flop (didn't bet)
Seat 3: Hero folded on the Flop
Seat 4: be594f67(small blind) folded before Flop
Seat 5: ffb82fe3(big blind) folded before Flop



Poker Hand #ring_945687296: NLH No Limit ($2/$4) - 2025/06/20 01:17:58
Table 'MR NLH 2/4' 7-max Seat #2 is the button
Seat 1: 5bc77542 ($1,504.61 in chips)
Seat 6: ab68e0b1 ($1,201.03 in chips)
Seat 2: 842eff25 ($1,304.94 in chips)
Seat 7: a6335ecc ($1,363.39 in chips)
Seat 3: Hero ($416.75 in chips)
Seat 4: be594f67 ($1,385.87 in chips)
Seat 5: ffb82fe3 ($800 in chips)
Hero: posts small blind $2
be594f67: posts big blind $4
*** HOLE CARDS ***
Dealt to 5bc77542 
Dealt to ab68e0b1 
Dealt to 842eff25 
Dealt to a6335ecc 
Dealt to Hero [Ks 5d]
Dealt to be594f67 
Dealt to ffb82fe3 
ffb82fe3: raises $6 to $10
ab68e0b1: calls $10
a6335ecc: calls $10
5bc77542: folds
842eff25: folds
Hero: folds
be594f67: folds
*** FLOP *** [Kc Th 6s]
ffb82fe3: checks
ab68e0b1: checks
a6335ecc: checks
*** TURN *** [Kc Th 6s] [Tc]
ffb82fe3: checks
ab68e0b1: checks
a6335ecc: checks
*** RIVER *** [Kc Th 6s Tc] [Ts]
ffb82fe3: checks
ab68e0b1: checks
a6335ecc: checks
ffb82fe3: shows [6d 7d]
ab68e0b1: shows [Ad 8d]
a6335ecc: shows [8h As]
*** SHOWDOWN ***
ffb82fe3 collected $36 from pot
*** SUMMARY ***
Total pot $36
Board [Kc Th 6s Tc Ts]
Seat 1: 5bc77542 folded before Flop (didn't bet)
Seat 6: ab68e0b1 showed [Ad 8d] and lost with Three Tens
Seat 2: 842eff25 folded before Flop (didn't bet)
Seat 7: a6335ecc showed [8h As] and lost with Three Tens
Seat 3: Hero(small blind) folded before Flop
Seat 4: be594f67(big blind) folded before Flop
Seat 5: ffb82fe3 showed [6d 7d] and won ($36) with Tens Full over Sixes



Poker Hand #ring_945684937: NLH No Limit ($2/$4) - 2025/06/20 01:16:42
Table 'MR NLH 2/4' 7-max Seat #1 is the button
Seat 1: 5bc77542 ($1,504.61 in chips)
Seat 6: ab68e0b1 ($1,354.03 in chips)
Seat 2: 842eff25 ($1,143.79 in chips)
Seat 7: a6335ecc ($1,373.39 in chips)
Seat 3: Hero ($420.75 in chips)
Seat 4: be594f67 ($1,385.87 in chips)
Seat 5: ffb82fe3 ($800 in chips)
842eff25: posts small blind $2
Hero: posts big blind $4
*** HOLE CARDS ***
Dealt to 5bc77542 
Dealt to ab68e0b1 
Dealt to 842eff25 
Dealt to a6335ecc 
Dealt to Hero [Ks 9c]
Dealt to be594f67 
Dealt to ffb82fe3 
be594f67: folds
ffb82fe3: raises $6 to $10
ab68e0b1: calls $10
a6335ecc: calls $10
5bc77542: folds
842eff25: raises $44 to $54
Hero: folds
ffb82fe3: folds
ab68e0b1: calls $44
a6335ecc: folds
*** FLOP *** [8s Ad 9h]
842eff25: bets $99
ab68e0b1: calls $99
*** TURN *** [8s Ad 9h] [Js]
842eff25: bets $165
ab68e0b1: folds
Uncalled bet ($165) returned to 842eff25
*** SHOWDOWN ***
842eff25 collected $330 from pot
*** SUMMARY ***
Total pot $330
Board [8s Ad 9h Js]
Seat 1: 5bc77542 folded before Flop (didn't bet)
Seat 6: ab68e0b1 folded on the Turn
Seat 2: 842eff25(small blind)won ($330) with Pair of Aces
Seat 7: a6335ecc folded before Flop
Seat 3: Hero(big blind) folded before Flop
Seat 4: be594f67 folded before Flop (didn't bet)
Seat 5: ffb82fe3 folded before Flop



Poker Hand #ring_945683355: NLH No Limit ($2/$4) - 2025/06/20 01:15:51
Table 'MR NLH 2/4' 7-max Seat #7 is the button
Seat 1: 5bc77542 ($1,506.61 in chips)
Seat 6: ab68e0b1 ($1,366.03 in chips)
Seat 2: 842eff25 ($1,155.79 in chips)
Seat 7: a6335ecc ($1,385.39 in chips)
Seat 3: Hero ($386 in chips)
Seat 4: be594f67 ($1,385.87 in chips)
Seat 5: ffb82fe3 ($800 in chips)
5bc77542: posts small blind $2
842eff25: posts big blind $4
*** HOLE CARDS ***
Dealt to 5bc77542 
Dealt to ab68e0b1 
Dealt to 842eff25 
Dealt to a6335ecc 
Dealt to Hero [8d 8s]
Dealt to be594f67 
Dealt to ffb82fe3 
Hero: raises $8 to $12
be594f67: folds
ffb82fe3: folds
ab68e0b1: calls $12
a6335ecc: calls $12
5bc77542: folds
842eff25: calls $8
*** FLOP *** [9c 5d 4d]
842eff25: checks
Hero: bets $25
ab68e0b1: folds
a6335ecc: folds
842eff25: folds
Uncalled bet ($25) returned to Hero
*** SHOWDOWN ***
Hero collected $50 from pot
*** SUMMARY ***
Total pot $50
Board [9c 5d 4d]
Seat 1: 5bc77542(small blind) folded before Flop
Seat 6: ab68e0b1 folded on the Flop
Seat 2: 842eff25(big blind) folded on the Flop
Seat 7: a6335ecc folded on the Flop
Seat 3: Herowon ($50) with Pair of Eights
Seat 4: be594f67 folded before Flop (didn't bet)
Seat 5: ffb82fe3 folded before Flop (didn't bet)



Poker Hand #ring_945681862: NLH No Limit ($2/$4) - 2025/06/20 01:15:03
Table 'MR NLH 2/4' 7-max Seat #6 is the button
Seat 1: 5bc77542 ($1,510.61 in chips)
Seat 6: ab68e0b1 ($1,366.03 in chips)
Seat 2: 842eff25 ($1,155.79 in chips)
Seat 7: a6335ecc ($1,387.39 in chips)
Seat 3: Hero ($386 in chips)
Seat 4: be594f67 ($1,330.99 in chips)
Seat 5: ffb82fe3 ($798 in chips)
a6335ecc: posts small blind $2
5bc77542: posts big blind $4
*** HOLE CARDS ***
Dealt to 5bc77542 
Dealt to ab68e0b1 
Dealt to 842eff25 
Dealt to a6335ecc 
Dealt to Hero [4d Ks]
Dealt to be594f67 
Dealt to ffb82fe3 
842eff25: folds
Hero: folds
be594f67: raises $6 to $10
ffb82fe3: raises $22 to $32
ab68e0b1: folds
a6335ecc: folds
5bc77542: folds
be594f67: calls $22
*** FLOP *** [9c 3d 8s]
be594f67: checks
ffb82fe3: bets $23.1
be594f67: raises $40.9 to $64
ffb82fe3: folds
Uncalled bet ($40.9) returned to be594f67
*** SHOWDOWN ***
be594f67 collected $116.2 from pot
*** SUMMARY ***
Total pot $116.2
Board [9c 3d 8s]
Seat 1: 5bc77542(big blind) folded before Flop
Seat 6: ab68e0b1 folded before Flop (didn't bet)
Seat 2: 842eff25 folded before Flop (didn't bet)
Seat 7: a6335ecc(small blind) folded before Flop
Seat 3: Hero folded before Flop (didn't bet)
Seat 4: be594f67won ($116.2) with Jack-High
Seat 5: ffb82fe3 folded on the Flop



Poker Hand #ring_945678414: NLH No Limit ($2/$4) - 2025/06/20 01:13:11
Table 'MR NLH 2/4' 7-max Seat #5 is the button
Seat 1: 5bc77542 ($1,023.46 in chips)
Seat 6: ab68e0b1 ($1,864.67 in chips)
Seat 2: 842eff25 ($1,167.79 in chips)
Seat 7: a6335ecc ($1,399.39 in chips)
Seat 3: Hero ($386 in chips)
Seat 4: be594f67 ($1,342.99 in chips)
Seat 5: ffb82fe3 ($798 in chips)
ab68e0b1: posts small blind $2
a6335ecc: posts big blind $4
*** HOLE CARDS ***
Dealt to 5bc77542 
Dealt to ab68e0b1 
Dealt to 842eff25 
Dealt to a6335ecc 
Dealt to Hero [8h 9s]
Dealt to be594f67 
Dealt to ffb82fe3 
5bc77542: raises $8 to $12
842eff25: calls $12
Hero: folds
be594f67: calls $12
ffb82fe3: folds
ab68e0b1: calls $10
a6335ecc: calls $8
*** FLOP *** [Th 7c 2s]
ab68e0b1: bets $45
a6335ecc: folds
5bc77542: calls $45
842eff25: folds
be594f67: folds
*** TURN *** [Th 7c 2s] [3h]
ab68e0b1: bets $112.49
5bc77542: raises $123.74 to $236.23
ab68e0b1: calls $123.74
*** RIVER *** [Th 7c 2s 3h] [3c]
ab68e0b1: checks
5bc77542: bets $205.41
ab68e0b1: calls $205.41
5bc77542: shows [Td Ts]
ab68e0b1: shows [2c 2h]
*** SHOWDOWN ***
5bc77542 collected $1,033.28 from pot
*** SUMMARY ***
Total pot $1,033.28
Board [Th 7c 2s 3h 3c]
Seat 1: 5bc77542 showed [Td Ts] and won ($1,033.28) with Tens Full over Treys
Seat 6: ab68e0b1(small blind) showed [2c 2h] and lost with Twos Full over Treys
Seat 2: 842eff25 folded on the Flop
Seat 7: a6335ecc(big blind) folded on the Flop
Seat 3: Hero folded before Flop (didn't bet)
Seat 4: be594f67 folded on the Flop
Seat 5: ffb82fe3 folded before Flop (didn't bet)



Poker Hand #ring_945677221: NLH No Limit ($2/$4) - 2025/06/20 01:12:33
Table 'MR NLH 2/4' 7-max Seat #4 is the button
Seat 1: 5bc77542 ($1,023.46 in chips)
Seat 6: ab68e0b1 ($1,868.67 in chips)
Seat 2: 842eff25 ($1,158.42 in chips)
Seat 7: a6335ecc ($1,403.39 in chips)
Seat 3: Hero ($386 in chips)
Seat 4: be594f67 ($1,342.99 in chips)
Seat 5: ffb82fe3 ($800 in chips)
ffb82fe3: posts small blind $2
ab68e0b1: posts big blind $4
*** HOLE CARDS ***
Dealt to 5bc77542 
Dealt to ab68e0b1 
Dealt to 842eff25 
Dealt to a6335ecc 
Dealt to Hero [Tc 3d]
Dealt to be594f67 
Dealt to ffb82fe3 
a6335ecc: calls $4
5bc77542: folds
842eff25: calls $4
Hero: folds
be594f67: folds
ffb82fe3: folds
ab68e0b1: checks
*** FLOP *** [7s 6h 9h]
ab68e0b1: checks
a6335ecc: checks
842eff25: bets $14
ab68e0b1: folds
a6335ecc: folds
Uncalled bet ($14) returned to 842eff25
*** SHOWDOWN ***
842eff25 collected $14 from pot
*** SUMMARY ***
Total pot $14
Board [7s 6h 9h]
Seat 1: 5bc77542 folded before Flop (didn't bet)
Seat 6: ab68e0b1(big blind) folded on the Flop
Seat 2: 842eff25won ($14) with Pair of Nines and Pair of Sevens
Seat 7: a6335ecc folded on the Flop
Seat 3: Hero folded before Flop (didn't bet)
Seat 4: be594f67 folded before Flop (didn't bet)
Seat 5: ffb82fe3(small blind) folded before Flop



Poker Hand #ring_945675266: NLH No Limit ($2/$4) - 2025/06/20 01:11:29
Table 'MR NLH 2/4' 7-max Seat #3 is the button
Seat 1: 5bc77542 ($1,002.81 in chips)
Seat 6: ab68e0b1 ($1,876.67 in chips)
Seat 2: 842eff25 ($1,166.42 in chips)
Seat 7: a6335ecc ($1,403.39 in chips)
Seat 3: Hero ($386 in chips)
Seat 4: be594f67 ($1,344.99 in chips)
Seat 5: ffb82fe3 ($797.87 in chips)
be594f67: posts small blind $2
ffb82fe3: posts big blind $4
*** HOLE CARDS ***
Dealt to 5bc77542 
Dealt to ab68e0b1 
Dealt to 842eff25 
Dealt to a6335ecc 
Dealt to Hero [Js 6h]
Dealt to be594f67 
Dealt to ffb82fe3 
ab68e0b1: raises $4 to $8
a6335ecc: folds
5bc77542: calls $8
842eff25: calls $8
Hero: folds
be594f67: folds
ffb82fe3: folds
*** FLOP *** [2d Ks Qs]
ab68e0b1: checks
5bc77542: checks
842eff25: checks
*** TURN *** [2d Ks Qs] [Jh]
ab68e0b1: checks
5bc77542: checks
842eff25: checks
*** RIVER *** [2d Ks Qs Jh] [9s]
ab68e0b1: checks
5bc77542: checks
842eff25: checks
5bc77542: shows [9h 9c]
842eff25: shows [8h 7h]
ab68e0b1: shows [9d 7d]
*** SHOWDOWN ***
5bc77542 collected $30 from pot
*** SUMMARY ***
Total pot $30
Board [2d Ks Qs Jh 9s]
Seat 1: 5bc77542 showed [9h 9c] and won ($30) with Three Nines
Seat 6: ab68e0b1 showed [9d 7d] and lost with Pair of Nines
Seat 2: 842eff25 showed [8h 7h] and lost with King-High
Seat 7: a6335ecc folded before Flop (didn't bet)
Seat 3: Hero folded before Flop (didn't bet)
Seat 4: be594f67(small blind) folded before Flop
Seat 5: ffb82fe3(big blind) folded before Flop



Poker Hand #ring_945674140: NLH No Limit ($2/$4) - 2025/06/20 01:10:52
Table 'MR NLH 2/4' 7-max Seat #2 is the button
Seat 1: 5bc77542 ($1,002.81 in chips)
Seat 6: ab68e0b1 ($1,876.67 in chips)
Seat 2: 842eff25 ($1,134.84 in chips)
Seat 7: a6335ecc ($1,403.39 in chips)
Seat 3: Hero ($388 in chips)
Seat 4: be594f67 ($1,348.99 in chips)
Seat 5: ffb82fe3 ($827.37 in chips)
Hero: posts small blind $2
be594f67: posts big blind $4
*** HOLE CARDS ***
Dealt to 5bc77542 
Dealt to ab68e0b1 
Dealt to 842eff25 
Dealt to a6335ecc 
Dealt to Hero [2c Qc]
Dealt to be594f67 
Dealt to ffb82fe3 
ffb82fe3: raises $6 to $10
ab68e0b1: folds
a6335ecc: folds
5bc77542: folds
842eff25: raises $19.5 to $29.5
Hero: folds
be594f67: folds
ffb82fe3: calls $19.5
*** FLOP *** [Tc 3h Ac]
ffb82fe3: checks
842eff25: bets $48.75
ffb82fe3: folds
Uncalled bet ($48.75) returned to 842eff25
*** SHOWDOWN ***
842eff25 collected $65 from pot
*** SUMMARY ***
Total pot $65
Board [Tc 3h Ac]
Seat 1: 5bc77542 folded before Flop (didn't bet)
Seat 6: ab68e0b1 folded before Flop (didn't bet)
Seat 2: 842eff25won ($65) with Pair of Aces and Pair of Tens
Seat 7: a6335ecc folded before Flop (didn't bet)
Seat 3: Hero(small blind) folded before Flop
Seat 4: be594f67(big blind) folded before Flop
Seat 5: ffb82fe3 folded on the Flop



Poker Hand #ring_945671695: NLH No Limit ($2/$4) - 2025/06/20 01:09:30
Table 'MR NLH 2/4' 7-max Seat #1 is the button
Seat 1: 5bc77542 ($1,002.81 in chips)
Seat 6: ab68e0b1 ($1,904.51 in chips)
Seat 2: 842eff25 ($1,087.58 in chips)
Seat 7: a6335ecc ($1,415.39 in chips)
Seat 3: Hero ($400 in chips)
Seat 4: be594f67 ($1,348.99 in chips)
Seat 5: ffb82fe3 ($827.37 in chips)
842eff25: posts small blind $2
Hero: posts big blind $4
*** HOLE CARDS ***
Dealt to 5bc77542 
Dealt to ab68e0b1 
Dealt to 842eff25 
Dealt to a6335ecc 
Dealt to Hero [6h 2h]
Dealt to be594f67 
Dealt to ffb82fe3 
be594f67: folds
ffb82fe3: folds
ab68e0b1: raises $8 to $12
a6335ecc: calls $12
5bc77542: folds
842eff25: calls $10
Hero: calls $8
*** FLOP *** [Ah 7d 7s]
842eff25: bets $15.84
Hero: folds
ab68e0b1: calls $15.84
a6335ecc: folds
*** TURN *** [Ah 7d 7s] [As]
842eff25: bets $39.84
ab68e0b1: folds
Uncalled bet ($39.84) returned to 842eff25
*** SHOWDOWN ***
842eff25 collected $79.68 from pot
*** SUMMARY ***
Total pot $79.68
Board [Ah 7d 7s As]
Seat 1: 5bc77542 folded before Flop (didn't bet)
Seat 6: ab68e0b1 folded on the Turn
Seat 2: 842eff25(small blind)won ($79.68) with Aces Full over Sevens
Seat 7: a6335ecc folded on the Flop
Seat 3: Hero(big blind) folded on the Flop
Seat 4: be594f67 folded before Flop (didn't bet)
Seat 5: ffb82fe3 folded before Flop (didn't bet)



