Poker Hand #ring_940344903: NLH No Limit ($1/$2) - 2025/06/17 02:44:22
Table 'MR NLH BOMBPOT 1/2' 7-max Seat #3 is the button
Seat 2: 814c5f9e ($265.96 in chips)
Seat 4: 381354b0 ($1,035.45 in chips)
Seat 7: 9b7f0ffe ($366.23 in chips)
Seat 3: 7a4d51c9 ($434.23 in chips)
Seat 1: Hero ($119.6 in chips)
Seat 6: d3ed0f7a ($595.07 in chips)
381354b0: posts the ante $10
d3ed0f7a: posts the ante $10
9b7f0ffe: posts the ante $10
Hero: posts the ante $10
814c5f9e: posts the ante $10
7a4d51c9: posts the ante $10
*** HOLE CARDS ***
Dealt to 814c5f9e 
Dealt to 381354b0 
Dealt to 9b7f0ffe 
Dealt to 7a4d51c9 
Dealt to Hero [As 7s]
Dealt to d3ed0f7a 
*** FLOP *** [Qd 7d Qc]
381354b0: checks
d3ed0f7a: checks
9b7f0ffe: checks
Hero: bets $109.6 and is all-in
814c5f9e: calls $109.6
7a4d51c9: calls $109.6
381354b0: folds
d3ed0f7a: folds
9b7f0ffe: folds
*** TURN *** [Qd 7d Qc] [5h]
814c5f9e: bets $146.36 and is all-in
7a4d51c9: folds
Uncalled bet ($146.36) returned to 814c5f9e
Hero: shows [As 7s]
814c5f9e: shows [Qh Th]
*** RIVER *** [Qd 7d Qc 5h] [4h]
*** SHOWDOWN ***
814c5f9e collected $388.8 from pot
*** SUMMARY ***
Total pot $388.8
Board [Qd 7d Qc 5h 4h]
Seat 2: 814c5f9e showed [Qh Th] and won ($388.8) with Three Queens
Seat 4: 381354b0(small blind) folded on the Flop
Seat 7: 9b7f0ffe folded on the Flop
Seat 3: 7a4d51c9 folded on the Turn
Seat 1: Hero showed [As 7s] and lost with Pair of Queens and Pair of Sevens
Seat 6: d3ed0f7a(big blind) folded on the Flop



Poker Hand #ring_940344270: NLH No Limit ($1/$2) - 2025/06/17 02:43:59
Table 'MR NLH BOMBPOT 1/2' 7-max Seat #2 is the button
Seat 2: 814c5f9e ($265.96 in chips)
Seat 4: 381354b0 ($1,037.45 in chips)
Seat 7: 9b7f0ffe ($366.23 in chips)
Seat 3: 7a4d51c9 ($435.23 in chips)
Seat 1: Hero ($116.6 in chips)
Seat 6: d3ed0f7a ($595.07 in chips)
7a4d51c9: posts small blind $1
381354b0: posts big blind $2
*** HOLE CARDS ***
Dealt to 814c5f9e 
Dealt to 381354b0 
Dealt to 9b7f0ffe 
Dealt to 7a4d51c9 
Dealt to Hero [9s 9h]
Dealt to d3ed0f7a 
d3ed0f7a: folds
9b7f0ffe: folds
Hero: raises $4 to $6
814c5f9e: folds
7a4d51c9: folds
381354b0: folds
Uncalled bet ($4) returned to Hero
*** SHOWDOWN ***
Hero collected $5 from pot
*** SUMMARY ***
Total pot $5
Seat 2: 814c5f9e folded before Flop (didn't bet)
Seat 4: 381354b0(big blind) folded before Flop
Seat 7: 9b7f0ffe folded before Flop (didn't bet)
Seat 3: 7a4d51c9(small blind) folded before Flop
Seat 1: Herowon ($5)
Seat 6: d3ed0f7a folded before Flop (didn't bet)



Poker Hand #ring_940343307: NLH No Limit ($1/$2) - 2025/06/17 02:43:24
Table 'MR NLH BOMBPOT 1/2' 7-max Seat #1 is the button
Seat 2: 814c5f9e ($274.92 in chips)
Seat 4: 381354b0 ($1,037.45 in chips)
Seat 7: 9b7f0ffe ($366.23 in chips)
Seat 3: 7a4d51c9 ($437.23 in chips)
Seat 1: Hero ($116.6 in chips)
Seat 6: d3ed0f7a ($585 in chips)
814c5f9e: posts small blind $1
7a4d51c9: posts big blind $2
*** HOLE CARDS ***
Dealt to 814c5f9e 
Dealt to 381354b0 
Dealt to 9b7f0ffe 
Dealt to 7a4d51c9 
Dealt to Hero [4d Kc]
Dealt to d3ed0f7a 
381354b0: folds
d3ed0f7a: raises $3 to $5
9b7f0ffe: folds
Hero: folds
814c5f9e: calls $4
7a4d51c9: folds
*** FLOP *** [9d 8h Qh]
814c5f9e: bets $3.96
d3ed0f7a: calls $3.96
*** TURN *** [9d 8h Qh] [8d]
814c5f9e: checks
d3ed0f7a: checks
*** RIVER *** [9d 8h Qh 8d] [Ad]
814c5f9e: checks
d3ed0f7a: checks
814c5f9e: shows [7h 6d]
d3ed0f7a: shows [Qs Kd]
*** SHOWDOWN ***
d3ed0f7a collected $19.92 from pot
*** SUMMARY ***
Total pot $19.92
Board [9d 8h Qh 8d Ad]
Seat 2: 814c5f9e(small blind) showed [7h 6d] and lost with Pair of Eights
Seat 4: 381354b0 folded before Flop (didn't bet)
Seat 7: 9b7f0ffe folded before Flop (didn't bet)
Seat 3: 7a4d51c9(big blind) folded before Flop
Seat 1: Hero folded before Flop (didn't bet)
Seat 6: d3ed0f7a showed [Qs Kd] and won ($19.92) with Pair of Queens and Pair of Eights



Poker Hand #ring_940341951: NLH No Limit ($1/$2) - 2025/06/17 02:42:37
Table 'MR NLH BOMBPOT 1/2' 7-max Seat #7 is the button
Seat 2: 814c5f9e ($288.84 in chips)
Seat 4: 381354b0 ($1,013.82 in chips)
Seat 7: 9b7f0ffe ($366.23 in chips)
Seat 3: 7a4d51c9 ($437.23 in chips)
Seat 1: Hero ($122.6 in chips)
Seat 6: d3ed0f7a ($591 in chips)
Hero: posts small blind $1
814c5f9e: posts big blind $2
*** HOLE CARDS ***
Dealt to 814c5f9e 
Dealt to 381354b0 
Dealt to 9b7f0ffe 
Dealt to 7a4d51c9 
Dealt to Hero [4d Kd]
Dealt to d3ed0f7a 
7a4d51c9: folds
381354b0: raises $4 to $6
d3ed0f7a: calls $6
9b7f0ffe: folds
Hero: calls $5
814c5f9e: calls $4
*** FLOP *** [4h Qc 8s]
Hero: checks
814c5f9e: bets $7.92
381354b0: raises $19.92 to $27.84
d3ed0f7a: folds
Hero: folds
814c5f9e: folds
Uncalled bet ($19.92) returned to 381354b0
*** SHOWDOWN ***
381354b0 collected $39.84 from pot
*** SUMMARY ***
Total pot $39.84
Board [4h Qc 8s]
Seat 2: 814c5f9e(big blind) folded on the Flop
Seat 4: 381354b0won ($39.84) with Three Eights
Seat 7: 9b7f0ffe folded before Flop (didn't bet)
Seat 3: 7a4d51c9 folded before Flop (didn't bet)
Seat 1: Hero(small blind) folded on the Flop
Seat 6: d3ed0f7a folded on the Flop



Poker Hand #ring_940340186: NLH No Limit ($1/$2) - 2025/06/17 02:41:35
Table 'MR NLH BOMBPOT 1/2' 7-max Seat #6 is the button
Seat 2: 814c5f9e ($288.84 in chips)
Seat 4: 381354b0 ($1,037.82 in chips)
Seat 7: 9b7f0ffe ($316.24 in chips)
Seat 3: 7a4d51c9 ($437.23 in chips)
Seat 1: Hero ($128.6 in chips)
Seat 6: d3ed0f7a ($615 in chips)
9b7f0ffe: posts small blind $1
Hero: posts big blind $2
*** HOLE CARDS ***
Dealt to 814c5f9e 
Dealt to 381354b0 
Dealt to 9b7f0ffe 
Dealt to 7a4d51c9 
Dealt to Hero [9d 6h]
Dealt to d3ed0f7a 
814c5f9e: folds
7a4d51c9: folds
381354b0: raises $4 to $6
d3ed0f7a: calls $6
9b7f0ffe: calls $5
Hero: calls $4
*** FLOP *** [Qs Kh 7h]
9b7f0ffe: checks
Hero: checks
381354b0: checks
d3ed0f7a: checks
*** TURN *** [Qs Kh 7h] [4s]
9b7f0ffe: checks
Hero: checks
381354b0: bets $18
d3ed0f7a: calls $18
9b7f0ffe: calls $18
Hero: folds
*** RIVER *** [Qs Kh 7h 4s] [Ac]
9b7f0ffe: checks
381354b0: checks
d3ed0f7a: checks
381354b0: shows [9c Qc]
d3ed0f7a: shows [8s 9s]
9b7f0ffe: shows [Kd Jd]
*** SHOWDOWN ***
9b7f0ffe collected $78 from pot
*** SUMMARY ***
Total pot $78
Board [Qs Kh 7h 4s Ac]
Seat 2: 814c5f9e folded before Flop (didn't bet)
Seat 4: 381354b0 showed [9c Qc] and lost with Pair of Queens
Seat 7: 9b7f0ffe(small blind) showed [Kd Jd] and won ($78) with Pair of Kings
Seat 3: 7a4d51c9 folded before Flop (didn't bet)
Seat 1: Hero(big blind) folded on the Turn
Seat 6: d3ed0f7a showed [8s 9s] and lost with Ace-High



Poker Hand #ring_940339650: NLH No Limit ($1/$2) - 2025/06/17 02:41:16
Table 'MR NLH BOMBPOT 1/2' 7-max Seat #4 is the button
Seat 2: 814c5f9e ($285.84 in chips)
Seat 4: 381354b0 ($1,037.82 in chips)
Seat 7: 9b7f0ffe ($318.24 in chips)
Seat 3: 7a4d51c9 ($437.23 in chips)
Seat 1: Hero ($128.6 in chips)
Seat 6: d3ed0f7a ($616 in chips)
d3ed0f7a: posts small blind $1
9b7f0ffe: posts big blind $2
*** HOLE CARDS ***
Dealt to 814c5f9e 
Dealt to 381354b0 
Dealt to 9b7f0ffe 
Dealt to 7a4d51c9 
Dealt to Hero [9h 6c]
Dealt to d3ed0f7a 
Hero: folds
814c5f9e: raises $4 to $6
7a4d51c9: folds
381354b0: folds
d3ed0f7a: folds
9b7f0ffe: folds
Uncalled bet ($4) returned to 814c5f9e
*** SHOWDOWN ***
814c5f9e collected $5 from pot
*** SUMMARY ***
Total pot $5
Seat 2: 814c5f9ewon ($5)
Seat 4: 381354b0 folded before Flop (didn't bet)
Seat 7: 9b7f0ffe(big blind) folded before Flop
Seat 3: 7a4d51c9 folded before Flop (didn't bet)
Seat 1: Hero folded before Flop (didn't bet)
Seat 6: d3ed0f7a(small blind) folded before Flop



Poker Hand #ring_940338448: NLH No Limit ($1/$2) - 2025/06/17 02:40:34
Table 'MR NLH BOMBPOT 1/2' 7-max Seat #3 is the button
Seat 2: 814c5f9e ($285.84 in chips)
Seat 4: 381354b0 ($1,028.63 in chips)
Seat 7: 9b7f0ffe ($318.24 in chips)
Seat 3: 7a4d51c9 ($437.23 in chips)
Seat 1: Hero ($136.6 in chips)
Seat 6: d3ed0f7a ($618 in chips)
381354b0: posts small blind $1
d3ed0f7a: posts big blind $2
*** HOLE CARDS ***
Dealt to 814c5f9e 
Dealt to 381354b0 
Dealt to 9b7f0ffe 
Dealt to 7a4d51c9 
Dealt to Hero [6h Th]
Dealt to d3ed0f7a 
9b7f0ffe: folds
Hero: calls $2
814c5f9e: folds
7a4d51c9: folds
381354b0: calls $1
d3ed0f7a: checks
*** FLOP *** [7d 8d 5d]
381354b0: bets $6
d3ed0f7a: folds
Hero: calls $6
*** TURN *** [7d 8d 5d] [Js]
381354b0: bets $18
Hero: folds
Uncalled bet ($18) returned to 381354b0
*** SHOWDOWN ***
381354b0 collected $18 from pot
*** SUMMARY ***
Total pot $18
Board [7d 8d 5d Js]
Seat 2: 814c5f9e folded before Flop (didn't bet)
Seat 4: 381354b0(small blind)won ($18) with Pair of Eights and Pair of Sevens
Seat 7: 9b7f0ffe folded before Flop (didn't bet)
Seat 3: 7a4d51c9 folded before Flop (didn't bet)
Seat 1: Hero folded on the Turn
Seat 6: d3ed0f7a(big blind) folded on the Flop



Poker Hand #ring_940337867: NLH No Limit ($1/$2) - 2025/06/17 02:40:14
Table 'MR NLH BOMBPOT 1/2' 7-max Seat #2 is the button
Seat 2: 814c5f9e ($282.84 in chips)
Seat 4: 381354b0 ($1,030.63 in chips)
Seat 7: 9b7f0ffe ($318.24 in chips)
Seat 3: 7a4d51c9 ($438.23 in chips)
Seat 1: Hero ($136.6 in chips)
Seat 6: d3ed0f7a ($618 in chips)
7a4d51c9: posts small blind $1
381354b0: posts big blind $2
*** HOLE CARDS ***
Dealt to 814c5f9e 
Dealt to 381354b0 
Dealt to 9b7f0ffe 
Dealt to 7a4d51c9 
Dealt to Hero [3s Ah]
Dealt to d3ed0f7a 
d3ed0f7a: folds
9b7f0ffe: folds
Hero: folds
814c5f9e: raises $2 to $4
7a4d51c9: folds
381354b0: folds
Uncalled bet ($2) returned to 814c5f9e
*** SHOWDOWN ***
814c5f9e collected $5 from pot
*** SUMMARY ***
Total pot $5
Seat 2: 814c5f9ewon ($5)
Seat 4: 381354b0(big blind) folded before Flop
Seat 7: 9b7f0ffe folded before Flop (didn't bet)
Seat 3: 7a4d51c9(small blind) folded before Flop
Seat 1: Hero folded before Flop (didn't bet)
Seat 6: d3ed0f7a folded before Flop (didn't bet)



Poker Hand #ring_940335550: NLH No Limit ($1/$2) - 2025/06/17 02:38:53
Table 'MR NLH BOMBPOT 1/2' 7-max Seat #1 is the button
Seat 2: 814c5f9e ($283.84 in chips)
Seat 4: 381354b0 ($1,050.88 in chips)
Seat 7: 9b7f0ffe ($338.49 in chips)
Seat 3: 7a4d51c9 ($400 in chips)
Seat 1: Hero ($136.6 in chips)
Seat 6: d3ed0f7a ($618 in chips)
814c5f9e: posts small blind $1
7a4d51c9: posts big blind $2
*** HOLE CARDS ***
Dealt to 814c5f9e 
Dealt to 381354b0 
Dealt to 9b7f0ffe 
Dealt to 7a4d51c9 
Dealt to Hero [4s Td]
Dealt to d3ed0f7a 
381354b0: raises $4 to $6
d3ed0f7a: folds
9b7f0ffe: calls $6
Hero: folds
814c5f9e: folds
7a4d51c9: calls $4
*** FLOP *** [6h 2h 5c]
7a4d51c9: checks
381354b0: checks
9b7f0ffe: checks
*** TURN *** [6h 2h 5c] [Ad]
7a4d51c9: checks
381354b0: bets $14.25
9b7f0ffe: calls $14.25
7a4d51c9: raises $55.75 to $70
381354b0: folds
9b7f0ffe: folds
Uncalled bet ($55.75) returned to 7a4d51c9
*** SHOWDOWN ***
7a4d51c9 collected $61.75 from pot
*** SUMMARY ***
Total pot $61.75
Board [6h 2h 5c Ad]
Seat 2: 814c5f9e(small blind) folded before Flop
Seat 4: 381354b0 folded on the Turn
Seat 7: 9b7f0ffe folded on the Turn
Seat 3: 7a4d51c9(big blind)won ($61.75) with Three Fives
Seat 1: Hero folded before Flop (didn't bet)
Seat 6: d3ed0f7a folded before Flop (didn't bet)



Poker Hand #ring_940334394: NLH No Limit ($1/$2) - 2025/06/17 02:38:13
Table 'MR NLH BOMBPOT 1/2' 7-max Seat #7 is the button
Seat 2: 814c5f9e ($292.47 in chips)
Seat 4: 381354b0 ($1,050.88 in chips)
Seat 7: 9b7f0ffe ($338.49 in chips)
Seat 3: 7a4d51c9 ($400 in chips)
Seat 1: Hero ($137.6 in chips)
Seat 6: d3ed0f7a ($609.19 in chips)
Hero: posts small blind $1
814c5f9e: posts big blind $2
*** HOLE CARDS ***
Dealt to 814c5f9e 
Dealt to 381354b0 
Dealt to 9b7f0ffe 
Dealt to 7a4d51c9 
Dealt to Hero [Kd 7s]
Dealt to d3ed0f7a 
7a4d51c9: folds
381354b0: folds
d3ed0f7a: raises $3 to $5
9b7f0ffe: folds
Hero: folds
814c5f9e: calls $3
*** FLOP *** [Ad 6c 5s]
814c5f9e: checks
d3ed0f7a: bets $3.63
814c5f9e: calls $3.63
*** TURN *** [Ad 6c 5s] [4c]
814c5f9e: checks
d3ed0f7a: checks
*** RIVER *** [Ad 6c 5s 4c] [3d]
814c5f9e: checks
d3ed0f7a: bets $6.03
814c5f9e: folds
Uncalled bet ($6.03) returned to d3ed0f7a
*** SHOWDOWN ***
d3ed0f7a collected $18.26 from pot
*** SUMMARY ***
Total pot $18.26
Board [Ad 6c 5s 4c 3d]
Seat 2: 814c5f9e(big blind) folded on the River
Seat 4: 381354b0 folded before Flop (didn't bet)
Seat 7: 9b7f0ffe folded before Flop (didn't bet)
Seat 3: 7a4d51c9 folded before Flop (didn't bet)
Seat 1: Hero(small blind) folded before Flop
Seat 6: d3ed0f7awon ($18.26) with Pair of Aces



Poker Hand #ring_940332858: NLH No Limit ($1/$2) - 2025/06/17 02:37:21
Table 'MR NLH BOMBPOT 1/2' 7-max Seat #6 is the button
Seat 2: 814c5f9e ($302.47 in chips)
Seat 4: 381354b0 ($1,060.88 in chips)
Seat 7: 9b7f0ffe ($348.49 in chips)
Seat 3: 7a4d51c9 ($400 in chips)
Seat 1: Hero ($195 in chips)
Seat 6: d3ed0f7a ($519.25 in chips)
9b7f0ffe: posts the ante $10
Hero: posts the ante $10
814c5f9e: posts the ante $10
7a4d51c9: posts the ante $10
381354b0: posts the ante $10
d3ed0f7a: posts the ante $10
*** HOLE CARDS ***
Dealt to 814c5f9e 
Dealt to 381354b0 
Dealt to 9b7f0ffe 
Dealt to 7a4d51c9 
Dealt to Hero [8d 5d]
Dealt to d3ed0f7a 
*** FLOP *** [Kc 3d 8c]
9b7f0ffe: checks
Hero: bets $47.4
814c5f9e: folds
7a4d51c9: folds
381354b0: folds
d3ed0f7a: raises $154.8 to $202.2
9b7f0ffe: folds
Hero: folds
Uncalled bet ($154.8) returned to d3ed0f7a
*** SHOWDOWN ***
d3ed0f7a collected $154.8 from pot
*** SUMMARY ***
Total pot $154.8
Board [Kc 3d 8c]
Seat 2: 814c5f9e folded on the Flop
Seat 4: 381354b0 folded on the Flop
Seat 7: 9b7f0ffe(small blind) folded on the Flop
Seat 3: 7a4d51c9 folded on the Flop
Seat 1: Hero(big blind) folded on the Flop
Seat 6: d3ed0f7awon ($154.8) with Pair of Kings and Pair of Eights



Poker Hand #ring_940330694: NLH No Limit ($1/$2) - 2025/06/17 02:36:06
Table 'MR NLH BOMBPOT 1/2' 7-max Seat #4 is the button
Seat 2: 814c5f9e ($302.47 in chips)
Seat 4: 381354b0 ($1,031.3 in chips)
Seat 7: 9b7f0ffe ($380.49 in chips)
Seat 3: 7a4d51c9 ($400 in chips)
Seat 1: Hero ($195 in chips)
Seat 6: d3ed0f7a ($520.25 in chips)
d3ed0f7a: posts small blind $1
9b7f0ffe: posts big blind $2
*** HOLE CARDS ***
Dealt to 814c5f9e 
Dealt to 381354b0 
Dealt to 9b7f0ffe 
Dealt to 7a4d51c9 
Dealt to Hero [6s 3d]
Dealt to d3ed0f7a 
Hero: folds
814c5f9e: folds
7a4d51c9: folds
381354b0: raises $4 to $6
d3ed0f7a: folds
9b7f0ffe: calls $4
*** FLOP *** [Ts 5s 2d]
9b7f0ffe: checks
381354b0: bets $6.5
9b7f0ffe: calls $6.5
*** TURN *** [Ts 5s 2d] [9c]
9b7f0ffe: checks
381354b0: bets $19.5
9b7f0ffe: calls $19.5
*** RIVER *** [Ts 5s 2d 9c] [6c]
9b7f0ffe: checks
381354b0: bets $48.75
9b7f0ffe: folds
Uncalled bet ($48.75) returned to 381354b0
*** SHOWDOWN ***
381354b0 collected $65 from pot
*** SUMMARY ***
Total pot $65
Board [Ts 5s 2d 9c 6c]
Seat 2: 814c5f9e folded before Flop (didn't bet)
Seat 4: 381354b0won ($65) with Pair of Queens
Seat 7: 9b7f0ffe(big blind) folded on the River
Seat 3: 7a4d51c9 folded before Flop (didn't bet)
Seat 1: Hero folded before Flop (didn't bet)
Seat 6: d3ed0f7a(small blind) folded before Flop



Poker Hand #ring_940330123: NLH No Limit ($1/$2) - 2025/06/17 02:35:46
Table 'MR NLH BOMBPOT 1/2' 7-max Seat #3 is the button
Seat 2: 814c5f9e ($302.47 in chips)
Seat 4: 381354b0 ($1,032.3 in chips)
Seat 7: 9b7f0ffe ($380.49 in chips)
Seat 3: 7a4d51c9 ($400 in chips)
Seat 1: Hero ($192 in chips)
Seat 6: d3ed0f7a ($522.25 in chips)
381354b0: posts small blind $1
d3ed0f7a: posts big blind $2
*** HOLE CARDS ***
Dealt to 814c5f9e 
Dealt to 381354b0 
Dealt to 9b7f0ffe 
Dealt to 7a4d51c9 
Dealt to Hero [Ac Ad]
Dealt to d3ed0f7a 
9b7f0ffe: folds
Hero: raises $4 to $6
814c5f9e: folds
7a4d51c9: folds
381354b0: folds
d3ed0f7a: folds
Uncalled bet ($4) returned to Hero
*** SHOWDOWN ***
Hero collected $5 from pot
*** SUMMARY ***
Total pot $5
Seat 2: 814c5f9e folded before Flop (didn't bet)
Seat 4: 381354b0(small blind) folded before Flop
Seat 7: 9b7f0ffe folded before Flop (didn't bet)
Seat 3: 7a4d51c9 folded before Flop (didn't bet)
Seat 1: Herowon ($5)
Seat 6: d3ed0f7a(big blind) folded before Flop



Poker Hand #ring_940328998: NLH No Limit ($1/$2) - 2025/06/17 02:35:08
Table 'MR NLH BOMBPOT 1/2' 7-max Seat #2 is the button
Seat 2: 814c5f9e ($304.47 in chips)
Seat 4: 381354b0 ($1,034.3 in chips)
Seat 7: 9b7f0ffe ($380.49 in chips)
Seat 3: 7a4d51c9 ($401 in chips)
Seat 1: Hero ($192 in chips)
Seat 6: d3ed0f7a ($508.01 in chips)
7a4d51c9: posts small blind $1
381354b0: posts big blind $2
*** HOLE CARDS ***
Dealt to 814c5f9e 
Dealt to 381354b0 
Dealt to 9b7f0ffe 
Dealt to 7a4d51c9 
Dealt to Hero [9c 4c]
Dealt to d3ed0f7a 
d3ed0f7a: calls $2
9b7f0ffe: folds
Hero: folds
814c5f9e: calls $2
7a4d51c9: raises $10 to $12
381354b0: folds
d3ed0f7a: calls $10
814c5f9e: folds
*** FLOP *** [6h 8c 7h]
7a4d51c9: checks
d3ed0f7a: bets $14
7a4d51c9: folds
Uncalled bet ($14) returned to d3ed0f7a
*** SHOWDOWN ***
d3ed0f7a collected $28 from pot
*** SUMMARY ***
Total pot $28
Board [6h 8c 7h]
Seat 2: 814c5f9e folded before Flop
Seat 4: 381354b0(big blind) folded before Flop
Seat 7: 9b7f0ffe folded before Flop (didn't bet)
Seat 3: 7a4d51c9(small blind) folded on the Flop
Seat 1: Hero folded before Flop (didn't bet)
Seat 6: d3ed0f7awon ($28) with Pair of Eights



Poker Hand #ring_940328385: NLH No Limit ($1/$2) - 2025/06/17 02:34:47
Table 'MR NLH BOMBPOT 1/2' 7-max Seat #1 is the button
Seat 2: 814c5f9e ($305.47 in chips)
Seat 4: 381354b0 ($1,034.3 in chips)
Seat 7: 9b7f0ffe ($380.49 in chips)
Seat 3: 7a4d51c9 ($400 in chips)
Seat 1: Hero ($192 in chips)
Seat 6: d3ed0f7a ($508.01 in chips)
814c5f9e: posts small blind $1
7a4d51c9: posts big blind $2
*** HOLE CARDS ***
Dealt to 814c5f9e 
Dealt to 381354b0 
Dealt to 9b7f0ffe 
Dealt to 7a4d51c9 
Dealt to Hero [5s Kh]
Dealt to d3ed0f7a 
381354b0: folds
d3ed0f7a: folds
9b7f0ffe: folds
Hero: folds
814c5f9e: folds
*** SHOWDOWN ***
7a4d51c9 collected $3 from pot
*** SUMMARY ***
Total pot $3
Seat 2: 814c5f9e(small blind) folded before Flop
Seat 4: 381354b0 folded before Flop (didn't bet)
Seat 7: 9b7f0ffe folded before Flop (didn't bet)
Seat 3: 7a4d51c9(big blind)won ($3)
Seat 1: Hero folded before Flop (didn't bet)
Seat 6: d3ed0f7a folded before Flop (didn't bet)



Poker Hand #ring_940326861: NLH No Limit ($1/$2) - 2025/06/17 02:33:56
Table 'MR NLH BOMBPOT 1/2' 7-max Seat #7 is the button
Seat 2: 814c5f9e ($307.47 in chips)
Seat 4: 381354b0 ($983.89 in chips)
Seat 7: 9b7f0ffe ($380.49 in chips)
Seat 3: 7a4d51c9 ($400 in chips)
Seat 1: Hero ($193 in chips)
Seat 6: d3ed0f7a ($554.51 in chips)
Hero: posts small blind $1
814c5f9e: posts big blind $2
*** HOLE CARDS ***
Dealt to 814c5f9e 
Dealt to 381354b0 
Dealt to 9b7f0ffe 
Dealt to 7a4d51c9 
Dealt to Hero [8c 5s]
Dealt to d3ed0f7a 
7a4d51c9: raises $4 to $6
381354b0: raises $15 to $21
d3ed0f7a: calls $21
9b7f0ffe: folds
Hero: folds
814c5f9e: folds
7a4d51c9: folds
*** FLOP *** [8s 3c 7c]
381354b0: bets $25.5
d3ed0f7a: calls $25.5
*** TURN *** [8s 3c 7c] [Ac]
381354b0: bets $51
d3ed0f7a: folds
Uncalled bet ($51) returned to 381354b0
*** SHOWDOWN ***
381354b0 collected $102 from pot
*** SUMMARY ***
Total pot $102
Board [8s 3c 7c Ac]
Seat 2: 814c5f9e(big blind) folded before Flop
Seat 4: 381354b0won ($102) with Three Aces
Seat 7: 9b7f0ffe folded before Flop (didn't bet)
Seat 3: 7a4d51c9 folded before Flop
Seat 1: Hero(small blind) folded before Flop
Seat 6: d3ed0f7a folded on the Turn



Poker Hand #ring_940324934: NLH No Limit ($1/$2) - 2025/06/17 02:32:50
Table 'MR NLH BOMBPOT 1/2' 7-max Seat #6 is the button
Seat 2: 814c5f9e ($307.47 in chips)
Seat 4: 381354b0 ($1,081.99 in chips)
Seat 7: 9b7f0ffe ($381.49 in chips)
Seat 3: 7a4d51c9 ($400 in chips)
Seat 1: Hero ($195 in chips)
Seat 6: d3ed0f7a ($462.87 in chips)
9b7f0ffe: posts small blind $1
Hero: posts big blind $2
*** HOLE CARDS ***
Dealt to 814c5f9e 
Dealt to 381354b0 
Dealt to 9b7f0ffe 
Dealt to 7a4d51c9 
Dealt to Hero [4s 9d]
Dealt to d3ed0f7a 
814c5f9e: folds
7a4d51c9: folds
381354b0: raises $4 to $6
d3ed0f7a: calls $6
9b7f0ffe: folds
Hero: folds
*** FLOP *** [Jc 3c 6s]
381354b0: bets $7.5
d3ed0f7a: calls $7.5
*** TURN *** [Jc 3c 6s] [2d]
381354b0: bets $15
d3ed0f7a: raises $30 to $45
381354b0: calls $30
*** RIVER *** [Jc 3c 6s 2d] [8s]
381354b0: checks
d3ed0f7a: bets $39.6
381354b0: calls $39.6
381354b0: shows [Js 7s]
d3ed0f7a: shows [6h 6c]
*** SHOWDOWN ***
d3ed0f7a collected $199.2 from pot
*** SUMMARY ***
Total pot $199.2
Board [Jc 3c 6s 2d 8s]
Seat 2: 814c5f9e folded before Flop (didn't bet)
Seat 4: 381354b0 showed [Js 7s] and lost with Pair of Jacks
Seat 7: 9b7f0ffe(small blind) folded before Flop
Seat 3: 7a4d51c9 folded before Flop (didn't bet)
Seat 1: Hero(big blind) folded before Flop
Seat 6: d3ed0f7a showed [6h 6c] and won ($199.2) with Three Sixes



Poker Hand #ring_940323652: NLH No Limit ($1/$2) - 2025/06/17 02:32:06
Table 'MR NLH BOMBPOT 1/2' 7-max Seat #4 is the button
Seat 2: 814c5f9e ($307.47 in chips)
Seat 4: 381354b0 ($1,081.99 in chips)
Seat 7: 9b7f0ffe ($383.49 in chips)
Seat 3: 7a4d51c9 ($400 in chips)
Seat 1: Hero ($195 in chips)
Seat 6: d3ed0f7a ($452.8 in chips)
d3ed0f7a: posts small blind $1
9b7f0ffe: posts big blind $2
*** HOLE CARDS ***
Dealt to 814c5f9e 
Dealt to 381354b0 
Dealt to 9b7f0ffe 
Dealt to 7a4d51c9 
Dealt to Hero [9d Js]
Dealt to d3ed0f7a 
Hero: folds
814c5f9e: folds
7a4d51c9: raises $3 to $5
381354b0: folds
d3ed0f7a: calls $4
9b7f0ffe: folds
*** FLOP *** [Kh 8d 4s]
d3ed0f7a: checks
7a4d51c9: bets $3.96
d3ed0f7a: calls $3.96
*** TURN *** [Kh 8d 4s] [7s]
d3ed0f7a: checks
7a4d51c9: checks
*** RIVER *** [Kh 8d 4s 7s] [5h]
d3ed0f7a: checks
7a4d51c9: checks
7a4d51c9: shows [Jh Ts]
d3ed0f7a: shows [4c 3h]
*** SHOWDOWN ***
d3ed0f7a collected $19.92 from pot
*** SUMMARY ***
Total pot $19.92
Board [Kh 8d 4s 7s 5h]
Seat 2: 814c5f9e folded before Flop (didn't bet)
Seat 4: 381354b0 folded before Flop (didn't bet)
Seat 7: 9b7f0ffe(big blind) folded before Flop
Seat 3: 7a4d51c9 showed [Jh Ts] and lost with King-High
Seat 1: Hero folded before Flop (didn't bet)
Seat 6: d3ed0f7a(small blind) showed [4c 3h] and won ($19.92) with Pair of Fours



Poker Hand #ring_940322021: NLH No Limit ($1/$2) - 2025/06/17 02:31:11
Table 'MR NLH BOMBPOT 1/2' 7-max Seat #3 is the button
Seat 2: 814c5f9e ($307.47 in chips)
Seat 4: 381354b0 ($1,110.62 in chips)
Seat 7: 9b7f0ffe ($383.49 in chips)
Seat 3: 7a4d51c9 ($399 in chips)
Seat 1: Hero ($195 in chips)
Seat 6: d3ed0f7a ($422.47 in chips)
381354b0: posts small blind $1
d3ed0f7a: posts big blind $2
*** HOLE CARDS ***
Dealt to 814c5f9e 
Dealt to 381354b0 
Dealt to 9b7f0ffe 
Dealt to 7a4d51c9 
Dealt to Hero [2c 9s]
Dealt to d3ed0f7a 
9b7f0ffe: folds
Hero: folds
814c5f9e: folds
7a4d51c9: raises $3 to $5
381354b0: calls $4
d3ed0f7a: raises $11.25 to $16.25
7a4d51c9: folds
381354b0: calls $11.25
*** FLOP *** [2s 8s Kd]
381354b0: checks
d3ed0f7a: bets $12.38
381354b0: calls $12.38
*** TURN *** [2s 8s Kd] [2d]
381354b0: checks
d3ed0f7a: checks
*** RIVER *** [2s 8s Kd 2d] [7c]
381354b0: checks
d3ed0f7a: checks
381354b0: shows [8h Th]
d3ed0f7a: shows [Qh Qd]
*** SHOWDOWN ***
d3ed0f7a collected $62.26 from pot
*** SUMMARY ***
Total pot $62.26
Board [2s 8s Kd 2d 7c]
Seat 2: 814c5f9e folded before Flop (didn't bet)
Seat 4: 381354b0(small blind) showed [8h Th] and lost with Pair of Eights and Pair of Twos
Seat 7: 9b7f0ffe folded before Flop (didn't bet)
Seat 3: 7a4d51c9 folded before Flop
Seat 1: Hero folded before Flop (didn't bet)
Seat 6: d3ed0f7a(big blind) showed [Qh Qd] and won ($62.26) with Pair of Queens and Pair of Twos



Poker Hand #ring_940320983: NLH No Limit ($1/$2) - 2025/06/17 02:30:37
Table 'MR NLH BOMBPOT 1/2' 7-max Seat #2 is the button
Seat 2: 814c5f9e ($307.47 in chips)
Seat 4: 381354b0 ($1,112.62 in chips)
Seat 7: 9b7f0ffe ($385.49 in chips)
Seat 3: 7a4d51c9 ($400 in chips)
Seat 1: Hero ($190 in chips)
Seat 6: d3ed0f7a ($422.47 in chips)
7a4d51c9: posts small blind $1
381354b0: posts big blind $2
*** HOLE CARDS ***
Dealt to 814c5f9e 
Dealt to 381354b0 
Dealt to 9b7f0ffe 
Dealt to 7a4d51c9 
Dealt to Hero [Ah Kc]
Dealt to d3ed0f7a 
d3ed0f7a: folds
9b7f0ffe: calls $2
Hero: raises $6 to $8
814c5f9e: folds
7a4d51c9: folds
381354b0: folds
9b7f0ffe: folds
Uncalled bet ($6) returned to Hero
7a4d51c9: shows [Tc]
*** SHOWDOWN ***
Hero collected $7 from pot
*** SUMMARY ***
Total pot $7
Seat 2: 814c5f9e folded before Flop (didn't bet)
Seat 4: 381354b0(big blind) folded before Flop
Seat 7: 9b7f0ffe folded before Flop
Seat 3: 7a4d51c9(small blind) folded before Flop
Seat 1: Herowon ($7)
Seat 6: d3ed0f7a folded before Flop (didn't bet)



Poker Hand #ring_940318858: NLH No Limit ($1/$2) - 2025/06/17 02:29:24
Table 'MR NLH BOMBPOT 1/2' 7-max Seat #1 is the button
Seat 2: 814c5f9e ($260.67 in chips)
Seat 4: 381354b0 ($1,122.62 in chips)
Seat 7: 9b7f0ffe ($395.49 in chips)
Seat 3: 7a4d51c9 ($407.42 in chips)
Seat 1: Hero ($200 in chips)
Seat 6: d3ed0f7a ($432.47 in chips)
814c5f9e: posts the ante $10
7a4d51c9: posts the ante $10
381354b0: posts the ante $10
d3ed0f7a: posts the ante $10
9b7f0ffe: posts the ante $10
Hero: posts the ante $10
*** HOLE CARDS ***
Dealt to 814c5f9e 
Dealt to 381354b0 
Dealt to 9b7f0ffe 
Dealt to 7a4d51c9 
Dealt to Hero [4s 5h]
Dealt to d3ed0f7a 
*** FLOP *** [Ac Qh Td]
814c5f9e: checks
7a4d51c9: checks
381354b0: checks
d3ed0f7a: checks
9b7f0ffe: checks
Hero: checks
*** TURN *** [Ac Qh Td] [Kc]
814c5f9e: checks
7a4d51c9: checks
381354b0: checks
d3ed0f7a: checks
9b7f0ffe: checks
Hero: checks
*** RIVER *** [Ac Qh Td Kc] [9h]
814c5f9e: bets $250.67 and is all-in
7a4d51c9: folds
381354b0: folds
d3ed0f7a: folds
9b7f0ffe: folds
Hero: folds
Uncalled bet ($250.67) returned to 814c5f9e
*** SHOWDOWN ***
814c5f9e collected $60 from pot
*** SUMMARY ***
Total pot $60
Board [Ac Qh Td Kc 9h]
Seat 2: 814c5f9e(small blind)won ($60) with Aces-High Straight
Seat 4: 381354b0 folded on the River
Seat 7: 9b7f0ffe folded on the River
Seat 3: 7a4d51c9(big blind) folded on the River
Seat 1: Hero folded on the River
Seat 6: d3ed0f7a folded on the River



Poker Hand #ring_940317788: NLH No Limit ($1/$2) - 2025/06/17 02:28:46
Table 'MR NLH BOMBPOT 1/2' 7-max Seat #7 is the button
Seat 2: 814c5f9e ($269.3 in chips)
Seat 4: 381354b0 ($1,122.62 in chips)
Seat 7: 9b7f0ffe ($395.49 in chips)
Seat 3: 7a4d51c9 ($407.42 in chips)
Seat 1: Hero ($201 in chips)
Seat 6: d3ed0f7a ($423.66 in chips)
Hero: posts small blind $1
814c5f9e: posts big blind $2
*** HOLE CARDS ***
Dealt to 814c5f9e 
Dealt to 381354b0 
Dealt to 9b7f0ffe 
Dealt to 7a4d51c9 
Dealt to Hero [9s 5d]
Dealt to d3ed0f7a 
7a4d51c9: folds
381354b0: folds
d3ed0f7a: raises $3 to $5
9b7f0ffe: folds
Hero: folds
814c5f9e: calls $3
*** FLOP *** [3h 7s Ac]
814c5f9e: checks
d3ed0f7a: checks
*** TURN *** [3h 7s Ac] [Qc]
814c5f9e: bets $3.63
d3ed0f7a: calls $3.63
*** RIVER *** [3h 7s Ac Qc] [4d]
814c5f9e: checks
d3ed0f7a: checks
814c5f9e: shows [Kd 3d]
d3ed0f7a: shows [Qh 9h]
*** SHOWDOWN ***
d3ed0f7a collected $18.26 from pot
*** SUMMARY ***
Total pot $18.26
Board [3h 7s Ac Qc 4d]
Seat 2: 814c5f9e(big blind) showed [Kd 3d] and lost with Pair of Treys
Seat 4: 381354b0 folded before Flop (didn't bet)
Seat 7: 9b7f0ffe folded before Flop (didn't bet)
Seat 3: 7a4d51c9 folded before Flop (didn't bet)
Seat 1: Hero(small blind) folded before Flop
Seat 6: d3ed0f7a showed [Qh 9h] and won ($18.26) with Pair of Queens



Poker Hand #ring_940317233: NLH No Limit ($1/$2) - 2025/06/17 02:28:28
Table 'MR NLH BOMBPOT 1/2' 7-max Seat #6 is the button
Seat 2: 814c5f9e ($269.3 in chips)
Seat 4: 381354b0 ($1,122.62 in chips)
Seat 7: 9b7f0ffe ($396.49 in chips)
Seat 3: 7a4d51c9 ($407.42 in chips)
Seat 1: Hero ($200 in chips)
Seat 6: d3ed0f7a ($423.66 in chips)
9b7f0ffe: posts small blind $1
Hero: posts big blind $2
*** HOLE CARDS ***
Dealt to 814c5f9e 
Dealt to 381354b0 
Dealt to 9b7f0ffe 
Dealt to 7a4d51c9 
Dealt to Hero [7s 9d]
Dealt to d3ed0f7a 
814c5f9e: folds
7a4d51c9: folds
381354b0: folds
d3ed0f7a: folds
9b7f0ffe: folds
*** SHOWDOWN ***
Hero collected $3 from pot
*** SUMMARY ***
Total pot $3
Seat 2: 814c5f9e folded before Flop (didn't bet)
Seat 4: 381354b0 folded before Flop (didn't bet)
Seat 7: 9b7f0ffe(small blind) folded before Flop
Seat 3: 7a4d51c9 folded before Flop (didn't bet)
Seat 1: Hero(big blind)won ($3)
Seat 6: d3ed0f7a folded before Flop (didn't bet)



