Poker Hand #ring_962680328: NLH No Limit ($1/$2) - 2025/06/29 15:45:13
Table 'MR NLH 1/2' 7-max Seat #4 is the button
Seat 2: 5e4b76a8 ($193.14 in chips)
Seat 1: d3c7c271 ($357.5 in chips)
Seat 3: Hero ($48.73 in chips)
Seat 4: 48e358b5 ($142.57 in chips)
d3c7c271: posts small blind $1
5e4b76a8: posts big blind $2
*** HOLE CARDS ***
Dealt to 5e4b76a8 
Dealt to d3c7c271 
Dealt to Hero [8s 3d]
Dealt to 48e358b5 
Hero: folds
48e358b5: folds
d3c7c271: raises $6 to $8
5e4b76a8: folds
Uncalled bet ($6) returned to d3c7c271
*** SHOWDOWN ***
d3c7c271 collected $4 from pot
*** SUMMARY ***
Total pot $4
Seat 2: 5e4b76a8(big blind) folded before Flop
Seat 1: d3c7c271(small blind)won ($4)
Seat 3: Hero folded before Flop (didn't bet)
Seat 4: 48e358b5 folded before Flop (didn't bet)



Poker Hand #ring_962679741: NLH No Limit ($1/$2) - 2025/06/29 15:44:38
Table 'MR NLH 1/2' 7-max Seat #3 is the button
Seat 2: 5e4b76a8 ($187.63 in chips)
Seat 1: d3c7c271 ($362.5 in chips)
Seat 3: Hero ($48.73 in chips)
Seat 4: 48e358b5 ($143.57 in chips)
48e358b5: posts small blind $1
d3c7c271: posts big blind $2
*** HOLE CARDS ***
Dealt to 5e4b76a8 
Dealt to d3c7c271 
Dealt to Hero [Td 2h]
Dealt to 48e358b5 
5e4b76a8: raises $3 to $5
Hero: folds
48e358b5: folds
d3c7c271: calls $3
*** FLOP *** [7h Ah Jc]
d3c7c271: checks
5e4b76a8: checks
*** TURN *** [7h Ah Jc] [8s]
d3c7c271: checks
5e4b76a8: bets $6.16
d3c7c271: folds
Uncalled bet ($6.16) returned to 5e4b76a8
*** SHOWDOWN ***
5e4b76a8 collected $11 from pot
*** SUMMARY ***
Total pot $11
Board [7h Ah Jc 8s]
Seat 2: 5e4b76a8won ($11) with Pair of Aces
Seat 1: d3c7c271(big blind) folded on the Turn
Seat 3: Hero folded before Flop (didn't bet)
Seat 4: 48e358b5(small blind) folded before Flop



Poker Hand #ring_962679424: NLH No Limit ($1/$2) - 2025/06/29 15:44:18
Table 'MR NLH 1/2' 7-max Seat #2 is the button
Seat 2: 5e4b76a8 ($187.63 in chips)
Seat 1: d3c7c271 ($359.5 in chips)
Seat 3: Hero ($49.73 in chips)
Seat 4: 48e358b5 ($145.57 in chips)
Hero: posts small blind $1
48e358b5: posts big blind $2
*** HOLE CARDS ***
Dealt to 5e4b76a8 
Dealt to d3c7c271 
Dealt to Hero [Tc 8s]
Dealt to 48e358b5 
d3c7c271: raises $6 to $8
5e4b76a8: folds
Hero: folds
48e358b5: folds
Uncalled bet ($6) returned to d3c7c271
*** SHOWDOWN ***
d3c7c271 collected $5 from pot
*** SUMMARY ***
Total pot $5
Seat 2: 5e4b76a8 folded before Flop (didn't bet)
Seat 1: d3c7c271won ($5)
Seat 3: Hero(small blind) folded before Flop
Seat 4: 48e358b5(big blind) folded before Flop



Poker Hand #ring_962679119: NLH No Limit ($1/$2) - 2025/06/29 15:43:59
Table 'MR NLH 1/2' 7-max Seat #1 is the button
Seat 2: 5e4b76a8 ($188.63 in chips)
Seat 1: d3c7c271 ($356.5 in chips)
Seat 3: Hero ($51.73 in chips)
5e4b76a8: posts small blind $1
Hero: posts big blind $2
*** HOLE CARDS ***
Dealt to 5e4b76a8 
Dealt to d3c7c271 
Dealt to Hero [8d Kh]
d3c7c271: raises $6 to $8
5e4b76a8: folds
Hero: folds
Uncalled bet ($6) returned to d3c7c271
*** SHOWDOWN ***
d3c7c271 collected $5 from pot
*** SUMMARY ***
Total pot $5
Seat 2: 5e4b76a8(small blind) folded before Flop
Seat 1: d3c7c271won ($5)
Seat 3: Hero(big blind) folded before Flop



Poker Hand #ring_962678553: NLH No Limit ($1/$2) - 2025/06/29 15:43:24
Table 'MR NLH 1/2' 7-max Seat #3 is the button
Seat 2: 5e4b76a8 ($183.17 in chips)
Seat 1: d3c7c271 ($362.5 in chips)
Seat 3: Hero ($51.73 in chips)
d3c7c271: posts small blind $1
5e4b76a8: posts big blind $2
*** HOLE CARDS ***
Dealt to 5e4b76a8 
Dealt to d3c7c271 
Dealt to Hero [5c Jc]
Hero: folds
d3c7c271: raises $4 to $6
5e4b76a8: calls $4
*** FLOP *** [2s Ts Js]
d3c7c271: checks
5e4b76a8: bets $6.72
d3c7c271: folds
Uncalled bet ($6.72) returned to 5e4b76a8
*** SHOWDOWN ***
5e4b76a8 collected $12 from pot
*** SUMMARY ***
Total pot $12
Board [2s Ts Js]
Seat 2: 5e4b76a8(big blind)won ($12) with Pair of Tens
Seat 1: d3c7c271(small blind) folded on the Flop
Seat 3: Hero folded before Flop (didn't bet)



Poker Hand #ring_962677716: NLH No Limit ($1/$2) - 2025/06/29 15:42:33
Table 'MR NLH 1/2' 7-max Seat #2 is the button
Seat 2: 5e4b76a8 ($113.23 in chips)
Seat 1: d3c7c271 ($400 in chips)
Seat 3: Hero ($89.23 in chips)
Hero: posts small blind $1
d3c7c271: posts big blind $2
*** HOLE CARDS ***
Dealt to 5e4b76a8 
Dealt to d3c7c271 
Dealt to Hero [Ks Js]
5e4b76a8: raises $3 to $5
Hero: raises $10 to $15
d3c7c271: calls $13
5e4b76a8: calls $10
*** FLOP *** [7d 8s 9s]
Hero: bets $22.5
d3c7c271: calls $22.5
5e4b76a8: calls $22.5
*** TURN *** [7d 8s 9s] [3d]
Hero: checks
d3c7c271: checks
5e4b76a8: checks
*** RIVER *** [7d 8s 9s 3d] [5d]
Hero: checks
d3c7c271: checks
5e4b76a8: bets $38.25
Hero: folds
d3c7c271: folds
Uncalled bet ($38.25) returned to 5e4b76a8
*** SHOWDOWN ***
5e4b76a8 collected $112.5 from pot
*** SUMMARY ***
Total pot $112.5
Board [7d 8s 9s 3d 5d]
Seat 2: 5e4b76a8won ($112.5) with Ace-High
Seat 1: d3c7c271(big blind) folded on the River
Seat 3: Hero(small blind) folded on the River



Poker Hand #ring_962677278: NLH No Limit ($1/$2) - 2025/06/29 15:42:05
Table 'MR NLH 1/2' 7-max Seat #2 is the button
Seat 2: 5e4b76a8 ($103.29 in chips)
Seat 3: Hero ($99.63 in chips)
5e4b76a8: posts small blind $1
Hero: posts big blind $2
*** HOLE CARDS ***
Dealt to 5e4b76a8 
Dealt to Hero [2s 5s]
5e4b76a8: calls $1
Hero: checks
*** FLOP *** [Td Ah 5c]
Hero: checks
5e4b76a8: checks
*** TURN *** [Td Ah 5c] [4h]
Hero: bets $2
5e4b76a8: calls $2
*** RIVER *** [Td Ah 5c 4h] [4s]
Hero: bets $6.4
5e4b76a8: calls $6.4
5e4b76a8: shows [7d Th]
Hero: shows [2s 5s]
*** SHOWDOWN ***
5e4b76a8 collected $20.8 from pot
*** SUMMARY ***
Total pot $20.8
Board [Td Ah 5c 4h 4s]
Seat 2: 5e4b76a8(small blind) showed [7d Th] and won ($20.8) with Pair of Tens and Pair of Fours
Seat 3: Hero(big blind) showed [2s 5s] and lost with Pair of Fives and Pair of Fours



Poker Hand #ring_962676721: NLH No Limit ($1/$2) - 2025/06/29 15:41:33
Table 'MR NLH 1/2' 7-max Seat #3 is the button
Seat 2: 5e4b76a8 ($93.74 in chips)
Seat 3: Hero ($109.63 in chips)
Hero: posts small blind $1
5e4b76a8: posts big blind $2
*** HOLE CARDS ***
Dealt to 5e4b76a8 
Dealt to Hero [Kd 3s]
Hero: raises $3 to $5
5e4b76a8: calls $3
*** FLOP *** [2s Qh 7h]
5e4b76a8: checks
Hero: bets $5
5e4b76a8: calls $5
*** TURN *** [2s Qh 7h] [7d]
5e4b76a8: checks
Hero: checks
*** RIVER *** [2s Qh 7h 7d] [6h]
5e4b76a8: checks
Hero: checks
5e4b76a8: shows [2c 8c]
Hero: shows [Kd 3s]
*** SHOWDOWN ***
5e4b76a8 collected $20 from pot
*** SUMMARY ***
Total pot $20
Board [2s Qh 7h 7d 6h]
Seat 2: 5e4b76a8(big blind) showed [2c 8c] and won ($20) with Pair of Sevens and Pair of Twos
Seat 3: Hero(small blind) showed [Kd 3s] and lost with Pair of Sevens



Poker Hand #ring_962676245: NLH No Limit ($1/$2) - 2025/06/29 15:41:04
Table 'MR NLH 1/2' 7-max Seat #2 is the button
Seat 2: 5e4b76a8 ($103.82 in chips)
Seat 3: Hero ($100 in chips)
5e4b76a8: posts small blind $1
Hero: posts big blind $2
*** HOLE CARDS ***
Dealt to 5e4b76a8 
Dealt to Hero [6s As]
5e4b76a8: raises $4 to $6
Hero: calls $4
*** FLOP *** [2s Th Qs]
Hero: checks
5e4b76a8: bets $4.08
Hero: raises $11.92 to $16
5e4b76a8: folds
Uncalled bet ($11.92) returned to Hero
*** SHOWDOWN ***
Hero collected $20.16 from pot
*** SUMMARY ***
Total pot $20.16
Board [2s Th Qs]
Seat 2: 5e4b76a8(small blind) folded on the Flop
Seat 3: Hero(big blind)won ($20.16) with Ace-High



