Poker Hand #ring_963213111: NLH No Limit ($1/$2) - 2025/06/29 22:30:07
Table 'MR NLH BOMBPOT 1/2' 7-max Seat #6 is the button
Seat 1: 81c2aae2 ($568.47 in chips)
Seat 7: 5c38c37b ($165.49 in chips)
Seat 3: 860ea2d8 ($188.72 in chips)
Seat 4: 3289d8b4 ($123.1 in chips)
Seat 5: fcd13262 ($400 in chips)
Seat 2: Hero ($173.48 in chips)
Seat 6: 58e6aa78 ($159.98 in chips)
5c38c37b: posts small blind $1
81c2aae2: posts big blind $2
*** HOLE CARDS ***
Dealt to 81c2aae2 
Dealt to 5c38c37b 
Dealt to 860ea2d8 
Dealt to 3289d8b4 
Dealt to fcd13262 
Dealt to Hero [4h 6d]
Dealt to 58e6aa78 
Hero: folds
860ea2d8: folds
3289d8b4: folds
fcd13262: folds
58e6aa78: calls $2
5c38c37b: calls $1
81c2aae2: checks
*** FLOP *** [3h Ad Jh]
5c38c37b: checks
81c2aae2: checks
58e6aa78: checks
*** TURN *** [3h Ad Jh] [4d]
5c38c37b: bets $3
81c2aae2: folds
58e6aa78: calls $3
*** RIVER *** [3h Ad Jh 4d] [6c]
5c38c37b: checks
58e6aa78: checks
58e6aa78: shows [Jd 8d]
5c38c37b: shows [Jc 7d]
*** SHOWDOWN ***
58e6aa78 collected $12 from pot
*** SUMMARY ***
Total pot $12
Board [3h Ad Jh 4d 6c]
Seat 1: 81c2aae2(big blind) folded on the Turn
Seat 7: 5c38c37b(small blind) showed [Jc 7d] and lost with Pair of Jacks
Seat 3: 860ea2d8 folded before Flop (didn't bet)
Seat 4: 3289d8b4 folded before Flop (didn't bet)
Seat 5: fcd13262 folded before Flop (didn't bet)
Seat 2: Hero folded before Flop (didn't bet)
Seat 6: 58e6aa78 showed [Jd 8d] and won ($12) with Pair of Jacks



Poker Hand #ring_963210662: NLH No Limit ($1/$2) - 2025/06/29 22:28:39
Table 'MR NLH BOMBPOT 1/2' 7-max Seat #5 is the button
Seat 1: 81c2aae2 ($578.47 in chips)
Seat 7: 5c38c37b ($109.14 in chips)
Seat 3: 860ea2d8 ($198.72 in chips)
Seat 4: 3289d8b4 ($133.1 in chips)
Seat 5: fcd13262 ($399 in chips)
Seat 2: Hero ($183.48 in chips)
Seat 6: 58e6aa78 ($169.98 in chips)
58e6aa78: posts the ante $10
5c38c37b: posts the ante $10
81c2aae2: posts the ante $10
Hero: posts the ante $10
860ea2d8: posts the ante $10
3289d8b4: posts the ante $10
fcd13262: posts the ante $10
*** HOLE CARDS ***
Dealt to 81c2aae2 
Dealt to 5c38c37b 
Dealt to 860ea2d8 
Dealt to 3289d8b4 
Dealt to fcd13262 
Dealt to Hero [8d 6s]
Dealt to 58e6aa78 
*** FLOP *** [Qc Jc 2c]
58e6aa78: checks
5c38c37b: checks
81c2aae2: checks
Hero: checks
860ea2d8: checks
3289d8b4: checks
fcd13262: checks
*** TURN *** [Qc Jc 2c] [Tc]
58e6aa78: checks
5c38c37b: checks
81c2aae2: checks
Hero: checks
860ea2d8: checks
3289d8b4: checks
fcd13262: checks
*** RIVER *** [Qc Jc 2c Tc] [3d]
58e6aa78: checks
5c38c37b: checks
81c2aae2: checks
Hero: checks
860ea2d8: checks
3289d8b4: checks
fcd13262: checks
81c2aae2: shows [2s 7d]
Hero: shows [8d 6s]
860ea2d8: shows [4s 6d]
3289d8b4: shows [3h Th]
fcd13262: shows [Qd Jh]
58e6aa78: shows [Kh 4c]
5c38c37b: shows [6c Ah]
*** SHOWDOWN ***
5c38c37b collected $70 from pot
*** SUMMARY ***
Total pot $70
Board [Qc Jc 2c Tc 3d]
Seat 1: 81c2aae2 showed [2s 7d] and lost with Pair of Twos
Seat 7: 5c38c37b(big blind) showed [6c Ah] and won ($70) with Queen High Flush
Seat 3: 860ea2d8 showed [4s 6d] and lost with Queen-High
Seat 4: 3289d8b4 showed [3h Th] and lost with Pair of Tens and Pair of Treys
Seat 5: fcd13262 showed [Qd Jh] and lost with Pair of Queens and Pair of Jacks
Seat 2: Hero showed [8d 6s] and lost with Queen-High
Seat 6: 58e6aa78(small blind) showed [Kh 4c] and lost with Queen High Flush



Poker Hand #ring_963209395: NLH No Limit ($1/$2) - 2025/06/29 22:27:53
Table 'MR NLH BOMBPOT 1/2' 7-max Seat #4 is the button
Seat 1: 81c2aae2 ($578.47 in chips)
Seat 7: 5c38c37b ($127.14 in chips)
Seat 3: 860ea2d8 ($198.72 in chips)
Seat 4: 3289d8b4 ($114.35 in chips)
Seat 5: fcd13262 ($400 in chips)
Seat 2: Hero ($183.48 in chips)
Seat 6: 58e6aa78 ($171.98 in chips)
fcd13262: posts small blind $1
58e6aa78: posts big blind $2
*** HOLE CARDS ***
Dealt to 81c2aae2 
Dealt to 5c38c37b 
Dealt to 860ea2d8 
Dealt to 3289d8b4 
Dealt to fcd13262 
Dealt to Hero [8c 5c]
Dealt to 58e6aa78 
5c38c37b: raises $3 to $5
81c2aae2: folds
Hero: folds
860ea2d8: folds
3289d8b4: raises $13 to $18
fcd13262: folds
58e6aa78: folds
5c38c37b: calls $13
*** FLOP *** [7h 2h 5h]
5c38c37b: checks
3289d8b4: bets $29.25
5c38c37b: folds
Uncalled bet ($29.25) returned to 3289d8b4
*** SHOWDOWN ***
3289d8b4 collected $39 from pot
*** SUMMARY ***
Total pot $39
Board [7h 2h 5h]
Seat 1: 81c2aae2 folded before Flop (didn't bet)
Seat 7: 5c38c37b folded on the Flop
Seat 3: 860ea2d8 folded before Flop (didn't bet)
Seat 4: 3289d8b4won ($39) with Pair of Tens
Seat 5: fcd13262(small blind) folded before Flop
Seat 2: Hero folded before Flop (didn't bet)
Seat 6: 58e6aa78(big blind) folded before Flop



Poker Hand #ring_963208647: NLH No Limit ($1/$2) - 2025/06/29 22:27:28
Table 'MR NLH BOMBPOT 1/2' 7-max Seat #3 is the button
Seat 1: 81c2aae2 ($578.47 in chips)
Seat 7: 5c38c37b ($127.14 in chips)
Seat 3: 860ea2d8 ($198.72 in chips)
Seat 4: 3289d8b4 ($115.35 in chips)
Seat 5: fcd13262 ($399 in chips)
Seat 2: Hero ($183.48 in chips)
Seat 6: 58e6aa78 ($168.98 in chips)
3289d8b4: posts small blind $1
fcd13262: posts big blind $2
*** HOLE CARDS ***
Dealt to 81c2aae2 
Dealt to 5c38c37b 
Dealt to 860ea2d8 
Dealt to 3289d8b4 
Dealt to fcd13262 
Dealt to Hero [3c 6d]
Dealt to 58e6aa78 
58e6aa78: raises $6 to $8
5c38c37b: folds
81c2aae2: folds
Hero: folds
860ea2d8: folds
3289d8b4: folds
fcd13262: folds
Uncalled bet ($6) returned to 58e6aa78
*** SHOWDOWN ***
58e6aa78 collected $5 from pot
*** SUMMARY ***
Total pot $5
Seat 1: 81c2aae2 folded before Flop (didn't bet)
Seat 7: 5c38c37b folded before Flop (didn't bet)
Seat 3: 860ea2d8 folded before Flop (didn't bet)
Seat 4: 3289d8b4(small blind) folded before Flop
Seat 5: fcd13262(big blind) folded before Flop
Seat 2: Hero folded before Flop (didn't bet)
Seat 6: 58e6aa78won ($5)



Poker Hand #ring_963206614: NLH No Limit ($1/$2) - 2025/06/29 22:26:15
Table 'MR NLH BOMBPOT 1/2' 7-max Seat #2 is the button
Seat 1: 81c2aae2 ($578.47 in chips)
Seat 7: 5c38c37b ($140.39 in chips)
Seat 3: 860ea2d8 ($199.72 in chips)
Seat 4: 3289d8b4 ($102.83 in chips)
Seat 5: fcd13262 ($399 in chips)
Seat 2: Hero ($183.48 in chips)
Seat 6: 58e6aa78 ($168.98 in chips)
860ea2d8: posts small blind $1
3289d8b4: posts big blind $2
*** HOLE CARDS ***
Dealt to 81c2aae2 
Dealt to 5c38c37b 
Dealt to 860ea2d8 
Dealt to 3289d8b4 
Dealt to fcd13262 
Dealt to Hero [2c Tc]
Dealt to 58e6aa78 
fcd13262: folds
58e6aa78: folds
5c38c37b: raises $3 to $5
81c2aae2: folds
Hero: folds
860ea2d8: folds
3289d8b4: calls $3
*** FLOP *** [Kd 6h 8d]
3289d8b4: bets $8.25
5c38c37b: calls $8.25
*** TURN *** [Kd 6h 8d] [Ks]
3289d8b4: checks
5c38c37b: checks
*** RIVER *** [Kd 6h 8d Ks] [Jd]
3289d8b4: bets $20.62
5c38c37b: folds
Uncalled bet ($20.62) returned to 3289d8b4
*** SHOWDOWN ***
3289d8b4 collected $27.5 from pot
*** SUMMARY ***
Total pot $27.5
Board [Kd 6h 8d Ks Jd]
Seat 1: 81c2aae2 folded before Flop (didn't bet)
Seat 7: 5c38c37b folded on the River
Seat 3: 860ea2d8(small blind) folded before Flop
Seat 4: 3289d8b4(big blind)won ($27.5) with Kings Full over Sixes
Seat 5: fcd13262 folded before Flop (didn't bet)
Seat 2: Hero folded before Flop (didn't bet)
Seat 6: 58e6aa78 folded before Flop (didn't bet)



Poker Hand #ring_963205547: NLH No Limit ($1/$2) - 2025/06/29 22:25:36
Table 'MR NLH BOMBPOT 1/2' 7-max Seat #1 is the button
Seat 1: 81c2aae2 ($578.47 in chips)
Seat 7: 5c38c37b ($144.39 in chips)
Seat 3: 860ea2d8 ($208.01 in chips)
Seat 5: fcd13262 ($399 in chips)
Seat 2: Hero ($184.48 in chips)
Seat 6: 58e6aa78 ($157.16 in chips)
Hero: posts small blind $1
860ea2d8: posts big blind $2
*** HOLE CARDS ***
Dealt to 81c2aae2 
Dealt to 5c38c37b 
Dealt to 860ea2d8 
Dealt to fcd13262 
Dealt to Hero [2c 8s]
Dealt to 58e6aa78 
fcd13262: folds
58e6aa78: raises $2 to $4
5c38c37b: calls $4
81c2aae2: folds
Hero: folds
860ea2d8: calls $2
*** FLOP *** [9d 3c Tc]
860ea2d8: checks
58e6aa78: bets $4.29
5c38c37b: folds
860ea2d8: calls $4.29
*** TURN *** [9d 3c Tc] [Qc]
860ea2d8: checks
58e6aa78: bets $21.58
860ea2d8: folds
Uncalled bet ($21.58) returned to 58e6aa78
58e6aa78: shows [Ks Jd]
*** SHOWDOWN ***
58e6aa78 collected $21.58 from pot
*** SUMMARY ***
Total pot $21.58
Board [9d 3c Tc Qc]
Seat 1: 81c2aae2 folded before Flop (didn't bet)
Seat 7: 5c38c37b folded on the Flop
Seat 3: 860ea2d8(big blind) folded on the Turn
Seat 5: fcd13262 folded before Flop (didn't bet)
Seat 2: Hero(small blind) folded before Flop
Seat 6: 58e6aa78 showed [Ks Jd] and won ($21.58) with Kings-High Straight



Poker Hand #ring_963203855: NLH No Limit ($1/$2) - 2025/06/29 22:24:35
Table 'MR NLH BOMBPOT 1/2' 7-max Seat #7 is the button
Seat 1: 81c2aae2 ($579.47 in chips)
Seat 7: 5c38c37b ($132.24 in chips)
Seat 3: 860ea2d8 ($208.01 in chips)
Seat 5: fcd13262 ($399 in chips)
Seat 2: Hero ($190.48 in chips)
Seat 6: 58e6aa78 ($163.16 in chips)
81c2aae2: posts small blind $1
Hero: posts big blind $2
*** HOLE CARDS ***
Dealt to 81c2aae2 
Dealt to 5c38c37b 
Dealt to 860ea2d8 
Dealt to fcd13262 
Dealt to Hero [Ac 9c]
Dealt to 58e6aa78 
860ea2d8: folds
fcd13262: folds
58e6aa78: calls $2
5c38c37b: calls $2
81c2aae2: folds
Hero: raises $4 to $6
58e6aa78: calls $4
5c38c37b: calls $4
*** FLOP *** [Ts Kh 9d]
Hero: checks
58e6aa78: checks
5c38c37b: checks
*** TURN *** [Ts Kh 9d] [Qc]
Hero: checks
58e6aa78: checks
5c38c37b: bets $14.25
Hero: folds
58e6aa78: folds
Uncalled bet ($14.25) returned to 5c38c37b
58e6aa78: shows [Qh]
*** SHOWDOWN ***
5c38c37b collected $19 from pot
*** SUMMARY ***
Total pot $19
Board [Ts Kh 9d Qc]
Seat 1: 81c2aae2(small blind) folded before Flop
Seat 7: 5c38c37bwon ($19) with King-High
Seat 3: 860ea2d8 folded before Flop (didn't bet)
Seat 5: fcd13262 folded before Flop (didn't bet)
Seat 2: Hero(big blind) folded on the Turn
Seat 6: 58e6aa78 folded on the Turn



Poker Hand #ring_963203238: NLH No Limit ($1/$2) - 2025/06/29 22:24:12
Table 'MR NLH BOMBPOT 1/2' 7-max Seat #6 is the button
Seat 1: 81c2aae2 ($581.47 in chips)
Seat 7: 5c38c37b ($133.24 in chips)
Seat 3: 860ea2d8 ($208.01 in chips)
Seat 5: fcd13262 ($399 in chips)
Seat 2: Hero ($190.48 in chips)
Seat 6: 58e6aa78 ($160.16 in chips)
5c38c37b: posts small blind $1
81c2aae2: posts big blind $2
*** HOLE CARDS ***
Dealt to 81c2aae2 
Dealt to 5c38c37b 
Dealt to 860ea2d8 
Dealt to fcd13262 
Dealt to Hero [8s 2s]
Dealt to 58e6aa78 
Hero: folds
860ea2d8: folds
fcd13262: folds
58e6aa78: raises $5 to $7
5c38c37b: folds
81c2aae2: folds
Uncalled bet ($5) returned to 58e6aa78
*** SHOWDOWN ***
58e6aa78 collected $5 from pot
*** SUMMARY ***
Total pot $5
Seat 1: 81c2aae2(big blind) folded before Flop
Seat 7: 5c38c37b(small blind) folded before Flop
Seat 3: 860ea2d8 folded before Flop (didn't bet)
Seat 5: fcd13262 folded before Flop (didn't bet)
Seat 2: Hero folded before Flop (didn't bet)
Seat 6: 58e6aa78won ($5)



Poker Hand #ring_963201796: NLH No Limit ($1/$2) - 2025/06/29 22:23:20
Table 'MR NLH BOMBPOT 1/2' 7-max Seat #5 is the button
Seat 1: 81c2aae2 ($581.47 in chips)
Seat 7: 5c38c37b ($143.74 in chips)
Seat 3: 860ea2d8 ($198 in chips)
Seat 5: fcd13262 ($399 in chips)
Seat 2: Hero ($190.48 in chips)
Seat 6: 58e6aa78 ($161.16 in chips)
58e6aa78: posts small blind $1
5c38c37b: posts big blind $2
*** HOLE CARDS ***
Dealt to 81c2aae2 
Dealt to 5c38c37b 
Dealt to 860ea2d8 
Dealt to fcd13262 
Dealt to Hero [2c 4s]
Dealt to 58e6aa78 
81c2aae2: folds
Hero: folds
860ea2d8: raises $3 to $5
fcd13262: folds
58e6aa78: folds
5c38c37b: calls $3
*** FLOP *** [Kc 5s 7c]
5c38c37b: checks
860ea2d8: bets $5.5
5c38c37b: calls $5.5
*** TURN *** [Kc 5s 7c] [Jh]
5c38c37b: checks
860ea2d8: bets $16.5
5c38c37b: folds
Uncalled bet ($16.5) returned to 860ea2d8
*** SHOWDOWN ***
860ea2d8 collected $22 from pot
*** SUMMARY ***
Total pot $22
Board [Kc 5s 7c Jh]
Seat 1: 81c2aae2 folded before Flop (didn't bet)
Seat 7: 5c38c37b(big blind) folded on the Turn
Seat 3: 860ea2d8won ($22) with Pair of Treys
Seat 5: fcd13262 folded before Flop (didn't bet)
Seat 2: Hero folded before Flop (didn't bet)
Seat 6: 58e6aa78(small blind) folded before Flop



Poker Hand #ring_963199955: NLH No Limit ($1/$2) - 2025/06/29 22:22:13
Table 'MR NLH BOMBPOT 1/2' 7-max Seat #4 is the button
Seat 1: 81c2aae2 ($581.47 in chips)
Seat 7: 5c38c37b ($104.75 in chips)
Seat 3: 860ea2d8 ($200 in chips)
Seat 5: fcd13262 ($400 in chips)
Seat 2: Hero ($198.48 in chips)
Seat 4: 9f5993a ($251.8 in chips)
Seat 6: 58e6aa78 ($163.16 in chips)
fcd13262: posts small blind $1
58e6aa78: posts big blind $2
860ea2d8: posts big blind $2
*** HOLE CARDS ***
Dealt to 81c2aae2 
Dealt to 5c38c37b 
Dealt to 860ea2d8 
Dealt to fcd13262 
Dealt to Hero [Td Qd]
Dealt to 9f5993a 
Dealt to 58e6aa78 
5c38c37b: raises $6 to $8
81c2aae2: folds
Hero: calls $8
860ea2d8: folds
9f5993a: calls $8
fcd13262: folds
58e6aa78: folds
*** FLOP *** [Jh 8h 5h]
5c38c37b: checks
Hero: checks
9f5993a: checks
*** TURN *** [Jh 8h 5h] [6d]
5c38c37b: bets $21.75
Hero: folds
9f5993a: calls $21.75
*** RIVER *** [Jh 8h 5h 6d] [9c]
5c38c37b: checks
9f5993a: checks
9f5993a: shows [Th Tc]
5c38c37b: shows [7h 7s]
*** SHOWDOWN ***
5c38c37b collected $72.5 from pot
*** SUMMARY ***
Total pot $72.5
Board [Jh 8h 5h 6d 9c]
Seat 1: 81c2aae2 folded before Flop (didn't bet)
Seat 7: 5c38c37b showed [7h 7s] and won ($72.5) with Nines-High Straight
Seat 3: 860ea2d8 folded before Flop
Seat 5: fcd13262(small blind) folded before Flop
Seat 2: Hero folded on the Turn
Seat 4: 9f5993a showed [Th Tc] and lost with Pair of Tens
Seat 6: 58e6aa78(big blind) folded before Flop



Poker Hand #ring_963199196: NLH No Limit ($1/$2) - 2025/06/29 22:21:45
Table 'MR NLH BOMBPOT 1/2' 7-max Seat #0 is the button
Seat 1: 81c2aae2 ($581.47 in chips)
Seat 7: 5c38c37b ($104.75 in chips)
Seat 5: fcd13262 ($400 in chips)
Seat 2: Hero ($195.48 in chips)
Seat 4: 9f5993a ($252.8 in chips)
Seat 6: 58e6aa78 ($163.16 in chips)
9f5993a: posts small blind $1
fcd13262: posts big blind $2
*** HOLE CARDS ***
Dealt to 81c2aae2 
Dealt to 5c38c37b 
Dealt to fcd13262 
Dealt to Hero [6h 7h]
Dealt to 9f5993a 
Dealt to 58e6aa78 
58e6aa78: folds
5c38c37b: folds
81c2aae2: folds
Hero: raises $4 to $6
9f5993a: folds
fcd13262: folds
Uncalled bet ($4) returned to Hero
*** SHOWDOWN ***
Hero collected $5 from pot
*** SUMMARY ***
Total pot $5
Seat 1: 81c2aae2 folded before Flop (didn't bet)
Seat 7: 5c38c37b folded before Flop (didn't bet)
Seat 5: fcd13262(big blind) folded before Flop
Seat 2: Herowon ($5)
Seat 4: 9f5993a(small blind) folded before Flop
Seat 6: 58e6aa78 folded before Flop (didn't bet)



Poker Hand #ring_963196889: NLH No Limit ($1/$2) - 2025/06/29 22:20:22
Table 'MR NLH BOMBPOT 1/2' 7-max Seat #2 is the button
Seat 1: 81c2aae2 ($463.25 in chips)
Seat 7: 5c38c37b ($147.92 in chips)
Seat 5: fcd13262 ($400 in chips)
Seat 2: Hero ($205.48 in chips)
Seat 4: 9f5993a ($262.8 in chips)
Seat 3: 3126c928 ($43.17 in chips)
Seat 6: 58e6aa78 ($173.16 in chips)
3126c928: posts the ante $10
9f5993a: posts the ante $10
fcd13262: posts the ante $10
58e6aa78: posts the ante $10
5c38c37b: posts the ante $10
81c2aae2: posts the ante $10
Hero: posts the ante $10
*** HOLE CARDS ***
Dealt to 81c2aae2 
Dealt to 5c38c37b 
Dealt to fcd13262 
Dealt to Hero [3s Th]
Dealt to 9f5993a 
Dealt to 3126c928 
Dealt to 58e6aa78 
*** FLOP *** [7s 2c Ah]
3126c928: checks
9f5993a: checks
fcd13262: checks
58e6aa78: checks
5c38c37b: checks
81c2aae2: bets $23.1
Hero: folds
3126c928: raises $10.07 to $33.17 and is all-in
9f5993a: folds
fcd13262: folds
58e6aa78: folds
5c38c37b: calls $33.17
81c2aae2: calls $10.07
*** TURN *** [7s 2c Ah] [Jc]
5c38c37b: checks
81c2aae2: bets $84.76
5c38c37b: folds
Uncalled bet ($84.76) returned to 81c2aae2
81c2aae2: shows [2h 2d]
3126c928: shows [As 6h]
*** RIVER *** [7s 2c Ah Jc] [Qc]
*** SHOWDOWN ***
81c2aae2 collected $169.51 from pot
*** SUMMARY ***
Total pot $169.51
Board [7s 2c Ah Jc Qc]
Seat 1: 81c2aae2 showed [2h 2d] and won ($169.51) with Three Twos
Seat 7: 5c38c37b folded on the Turn
Seat 5: fcd13262 folded on the Flop
Seat 2: Hero folded on the Flop
Seat 4: 9f5993a(big blind) folded on the Flop
Seat 3: 3126c928(small blind) showed [As 6h] and lost with Pair of Aces
Seat 6: 58e6aa78 folded on the Flop



Poker Hand #ring_963195098: NLH No Limit ($1/$2) - 2025/06/29 22:19:17
Table 'MR NLH BOMBPOT 1/2' 7-max Seat #1 is the button
Seat 1: 81c2aae2 ($432.79 in chips)
Seat 7: 5c38c37b ($178.79 in chips)
Seat 5: fcd13262 ($400 in chips)
Seat 2: Hero ($206.48 in chips)
Seat 4: 9f5993a ($262.8 in chips)
Seat 3: 3126c928 ($45.17 in chips)
Seat 6: 58e6aa78 ($173.16 in chips)
Hero: posts small blind $1
3126c928: posts big blind $2
*** HOLE CARDS ***
Dealt to 81c2aae2 
Dealt to 5c38c37b 
Dealt to fcd13262 
Dealt to Hero [2h Jd]
Dealt to 9f5993a 
Dealt to 3126c928 
Dealt to 58e6aa78 
9f5993a: folds
fcd13262: folds
58e6aa78: folds
5c38c37b: raises $3 to $5
81c2aae2: raises $13 to $18
Hero: folds
3126c928: folds
5c38c37b: calls $13
*** FLOP *** [3h 4s 7s]
5c38c37b: checks
81c2aae2: bets $12.87
5c38c37b: calls $12.87
*** TURN *** [3h 4s 7s] [5s]
5c38c37b: checks
81c2aae2: bets $48.56
5c38c37b: folds
Uncalled bet ($48.56) returned to 81c2aae2
*** SHOWDOWN ***
81c2aae2 collected $64.74 from pot
*** SUMMARY ***
Total pot $64.74
Board [3h 4s 7s 5s]
Seat 1: 81c2aae2won ($64.74) with King-High
Seat 7: 5c38c37b folded on the Turn
Seat 5: fcd13262 folded before Flop (didn't bet)
Seat 2: Hero(small blind) folded before Flop
Seat 4: 9f5993a folded before Flop (didn't bet)
Seat 3: 3126c928(big blind) folded before Flop
Seat 6: 58e6aa78 folded before Flop (didn't bet)



Poker Hand #ring_963193897: NLH No Limit ($1/$2) - 2025/06/29 22:18:36
Table 'MR NLH BOMBPOT 1/2' 7-max Seat #7 is the button
Seat 1: 81c2aae2 ($412.79 in chips)
Seat 7: 5c38c37b ($186.79 in chips)
Seat 5: fcd13262 ($400 in chips)
Seat 2: Hero ($208.48 in chips)
Seat 4: 9f5993a ($262.8 in chips)
Seat 3: 3126c928 ($47.17 in chips)
Seat 6: 58e6aa78 ($173.16 in chips)
81c2aae2: posts small blind $1
Hero: posts big blind $2
*** HOLE CARDS ***
Dealt to 81c2aae2 
Dealt to 5c38c37b 
Dealt to fcd13262 
Dealt to Hero [Ks Jd]
Dealt to 9f5993a 
Dealt to 3126c928 
Dealt to 58e6aa78 
3126c928: calls $2
9f5993a: folds
fcd13262: raises $6 to $8
58e6aa78: folds
5c38c37b: calls $8
81c2aae2: raises $36 to $44
Hero: folds
3126c928: folds
fcd13262: folds
5c38c37b: folds
Uncalled bet ($36) returned to 81c2aae2
*** SHOWDOWN ***
81c2aae2 collected $28 from pot
*** SUMMARY ***
Total pot $28
Seat 1: 81c2aae2(small blind)won ($28)
Seat 7: 5c38c37b folded before Flop
Seat 5: fcd13262 folded before Flop
Seat 2: Hero(big blind) folded before Flop
Seat 4: 9f5993a folded before Flop (didn't bet)
Seat 3: 3126c928 folded before Flop
Seat 6: 58e6aa78 folded before Flop (didn't bet)



Poker Hand #ring_963192719: NLH No Limit ($1/$2) - 2025/06/29 22:17:54
Table 'MR NLH BOMBPOT 1/2' 7-max Seat #6 is the button
Seat 1: 81c2aae2 ($414.79 in chips)
Seat 7: 5c38c37b ($174.79 in chips)
Seat 5: fcd13262 ($399 in chips)
Seat 2: Hero ($208.48 in chips)
Seat 4: 9f5993a ($262.8 in chips)
Seat 3: 3126c928 ($47.17 in chips)
Seat 6: 58e6aa78 ($178.16 in chips)
5c38c37b: posts small blind $1
81c2aae2: posts big blind $2
*** HOLE CARDS ***
Dealt to 81c2aae2 
Dealt to 5c38c37b 
Dealt to fcd13262 
Dealt to Hero [6s Qh]
Dealt to 9f5993a 
Dealt to 3126c928 
Dealt to 58e6aa78 
Hero: folds
3126c928: folds
9f5993a: folds
fcd13262: raises $3 to $5
58e6aa78: calls $5
5c38c37b: raises $20 to $25
81c2aae2: folds
fcd13262: folds
58e6aa78: folds
Uncalled bet ($20) returned to 5c38c37b
*** SHOWDOWN ***
5c38c37b collected $17 from pot
*** SUMMARY ***
Total pot $17
Seat 1: 81c2aae2(big blind) folded before Flop
Seat 7: 5c38c37b(small blind)won ($17)
Seat 5: fcd13262 folded before Flop
Seat 2: Hero folded before Flop (didn't bet)
Seat 4: 9f5993a folded before Flop (didn't bet)
Seat 3: 3126c928 folded before Flop (didn't bet)
Seat 6: 58e6aa78 folded before Flop



Poker Hand #ring_963191232: NLH No Limit ($1/$2) - 2025/06/29 22:17:01
Table 'MR NLH BOMBPOT 1/2' 7-max Seat #5 is the button
Seat 1: 81c2aae2 ($420.79 in chips)
Seat 7: 5c38c37b ($176.79 in chips)
Seat 5: fcd13262 ($399 in chips)
Seat 2: Hero ($208.48 in chips)
Seat 4: 9f5993a ($262.8 in chips)
Seat 3: 3126c928 ($38.84 in chips)
Seat 6: 58e6aa78 ($179.16 in chips)
58e6aa78: posts small blind $1
5c38c37b: posts big blind $2
*** HOLE CARDS ***
Dealt to 81c2aae2 
Dealt to 5c38c37b 
Dealt to fcd13262 
Dealt to Hero [6d 5s]
Dealt to 9f5993a 
Dealt to 3126c928 
Dealt to 58e6aa78 
81c2aae2: raises $4 to $6
Hero: folds
3126c928: calls $6
9f5993a: folds
fcd13262: folds
58e6aa78: folds
5c38c37b: folds
*** FLOP *** [3c 8s 4h]
81c2aae2: checks
3126c928: checks
*** TURN *** [3c 8s 4h] [9s]
81c2aae2: checks
3126c928: checks
*** RIVER *** [3c 8s 4h 9s] [8h]
81c2aae2: checks
3126c928: checks
81c2aae2: shows [Kd Jd]
3126c928: shows [Ks Qd]
*** SHOWDOWN ***
3126c928 collected $15 from pot
*** SUMMARY ***
Total pot $15
Board [3c 8s 4h 9s 8h]
Seat 1: 81c2aae2 showed [Kd Jd] and lost with Pair of Eights
Seat 7: 5c38c37b(big blind) folded before Flop
Seat 5: fcd13262 folded before Flop (didn't bet)
Seat 2: Hero folded before Flop (didn't bet)
Seat 4: 9f5993a folded before Flop (didn't bet)
Seat 3: 3126c928 showed [Ks Qd] and won ($15) with Pair of Eights
Seat 6: 58e6aa78(small blind) folded before Flop



Poker Hand #ring_963189793: NLH No Limit ($1/$2) - 2025/06/29 22:16:10
Table 'MR NLH BOMBPOT 1/2' 7-max Seat #4 is the button
Seat 1: 81c2aae2 ($420.79 in chips)
Seat 7: 5c38c37b ($176.79 in chips)
Seat 5: fcd13262 ($400 in chips)
Seat 2: Hero ($208.48 in chips)
Seat 4: 9f5993a ($262.8 in chips)
Seat 3: 3126c928 ($40.43 in chips)
Seat 6: 58e6aa78 ($180.75 in chips)
fcd13262: posts small blind $1
58e6aa78: posts big blind $2
*** HOLE CARDS ***
Dealt to 81c2aae2 
Dealt to 5c38c37b 
Dealt to fcd13262 
Dealt to Hero [5c 7h]
Dealt to 9f5993a 
Dealt to 3126c928 
Dealt to 58e6aa78 
*** FIRST FLOP *** [2h 4d Td]
*** SECOND FLOP *** [5d Jh Qh]
*** FIRST TURN *** [2h 4d Td] [8d]
*** SECOND TURN *** [5d Jh Qh] [7s]
*** FIRST RIVER *** [2h 4d Td 8d] [Qs]
*** SECOND RIVER *** [5d Jh Qh 7s] [8h]
5c38c37b: folds
81c2aae2: folds
Hero: folds
3126c928: raises $4 to $6
9f5993a: folds
fcd13262: folds
58e6aa78: raises $6.5 to $12.5
3126c928: raises $27.93 to $40.43 and is all-in
58e6aa78: calls $27.93
3126c928: shows [Qc Jc]
58e6aa78: shows [As Ad]
*** FIRST SHOWDOWN ***
58e6aa78 collected $41.18 from pot
*** SECOND SHOWDOWN ***
3126c928 collected $40.68 from pot
*** SUMMARY ***
Total pot $81.86
Hand was run two timesFIRST Board [2h 4d Td 8d Qs]
SECOND Board [5d Jh Qh 7s 8h]
Seat 1: 81c2aae2 folded before Flop (didn't bet)
Seat 7: 5c38c37b folded before Flop (didn't bet)
Seat 5: fcd13262(small blind) folded before Flop
Seat 2: Hero folded before Flop (didn't bet)
Seat 4: 9f5993a folded before Flop (didn't bet)
Seat 3: 3126c928 showed [Qc Jc] and won ($40.68) with Pair of Queens / Pair of Queens and Pair of Jacks
Seat 6: 58e6aa78(big blind) showed [As Ad] and won ($41.18) with Pair of Aces / Pair of Aces



Poker Hand #ring_963188005: NLH No Limit ($1/$2) - 2025/06/29 22:15:06
Table 'MR NLH BOMBPOT 1/2' 7-max Seat #3 is the button
Seat 1: 81c2aae2 ($420.79 in chips)
Seat 7: 5c38c37b ($192.79 in chips)
Seat 5: fcd13262 ($400 in chips)
Seat 2: Hero ($214.48 in chips)
Seat 4: 9f5993a ($241.1 in chips)
Seat 3: 3126c928 ($40.43 in chips)
Seat 6: 58e6aa78 ($180.75 in chips)
9f5993a: posts small blind $1
fcd13262: posts big blind $2
*** HOLE CARDS ***
Dealt to 81c2aae2 
Dealt to 5c38c37b 
Dealt to fcd13262 
Dealt to Hero [Kh Js]
Dealt to 9f5993a 
Dealt to 3126c928 
Dealt to 58e6aa78 
58e6aa78: folds
5c38c37b: raises $4 to $6
81c2aae2: folds
Hero: calls $6
3126c928: folds
9f5993a: calls $5
fcd13262: folds
*** FLOP *** [6c Tc 4s]
9f5993a: checks
5c38c37b: bets $10
Hero: folds
9f5993a: calls $10
*** TURN *** [6c Tc 4s] [3d]
9f5993a: checks
5c38c37b: checks
*** RIVER *** [6c Tc 4s 3d] [5c]
9f5993a: bets $20
5c38c37b: folds
Uncalled bet ($20) returned to 9f5993a
58e6aa78: shows [2d 7s]
*** SHOWDOWN ***
9f5993a collected $40 from pot
*** SUMMARY ***
Total pot $40
Board [6c Tc 4s 3d 5c]
Seat 1: 81c2aae2 folded before Flop (didn't bet)
Seat 7: 5c38c37b folded on the River
Seat 5: fcd13262(big blind) folded before Flop
Seat 2: Hero folded on the Flop
Seat 4: 9f5993a(small blind)won ($40) with Sevens-High Straight
Seat 3: 3126c928 folded before Flop (didn't bet)
Seat 6: 58e6aa78 folded before Flop (didn't bet)



Poker Hand #ring_963187474: NLH No Limit ($1/$2) - 2025/06/29 22:14:47
Table 'MR NLH BOMBPOT 1/2' 7-max Seat #2 is the button
Seat 1: 81c2aae2 ($420.79 in chips)
Seat 7: 5c38c37b ($192.79 in chips)
Seat 5: fcd13262 ($400 in chips)
Seat 2: Hero ($214.48 in chips)
Seat 4: 9f5993a ($240.1 in chips)
Seat 3: 3126c928 ($41.43 in chips)
Seat 6: 58e6aa78 ($180.75 in chips)
3126c928: posts small blind $1
9f5993a: posts big blind $2
*** HOLE CARDS ***
Dealt to 81c2aae2 
Dealt to 5c38c37b 
Dealt to fcd13262 
Dealt to Hero [3c Qh]
Dealt to 9f5993a 
Dealt to 3126c928 
Dealt to 58e6aa78 
fcd13262: folds
58e6aa78: folds
5c38c37b: folds
81c2aae2: folds
Hero: folds
3126c928: folds
*** SHOWDOWN ***
9f5993a collected $3 from pot
*** SUMMARY ***
Total pot $3
Seat 1: 81c2aae2 folded before Flop (didn't bet)
Seat 7: 5c38c37b folded before Flop (didn't bet)
Seat 5: fcd13262 folded before Flop (didn't bet)
Seat 2: Hero folded before Flop (didn't bet)
Seat 4: 9f5993a(big blind)won ($3)
Seat 3: 3126c928(small blind) folded before Flop
Seat 6: 58e6aa78 folded before Flop (didn't bet)



Poker Hand #ring_963186635: NLH No Limit ($1/$2) - 2025/06/29 22:14:17
Table 'MR NLH BOMBPOT 1/2' 7-max Seat #1 is the button
Seat 1: 81c2aae2 ($417.79 in chips)
Seat 7: 5c38c37b ($192.79 in chips)
Seat 5: fcd13262 ($400 in chips)
Seat 2: Hero ($215.48 in chips)
Seat 4: 9f5993a ($240.1 in chips)
Seat 3: 3126c928 ($43.43 in chips)
Seat 6: 58e6aa78 ($180.75 in chips)
Hero: posts small blind $1
3126c928: posts big blind $2
*** HOLE CARDS ***
Dealt to 81c2aae2 
Dealt to 5c38c37b 
Dealt to fcd13262 
Dealt to Hero [3h 7h]
Dealt to 9f5993a 
Dealt to 3126c928 
Dealt to 58e6aa78 
9f5993a: folds
fcd13262: folds
58e6aa78: folds
5c38c37b: folds
81c2aae2: raises $4 to $6
Hero: folds
3126c928: folds
Uncalled bet ($4) returned to 81c2aae2
*** SHOWDOWN ***
81c2aae2 collected $5 from pot
*** SUMMARY ***
Total pot $5
Seat 1: 81c2aae2won ($5)
Seat 7: 5c38c37b folded before Flop (didn't bet)
Seat 5: fcd13262 folded before Flop (didn't bet)
Seat 2: Hero(small blind) folded before Flop
Seat 4: 9f5993a folded before Flop (didn't bet)
Seat 3: 3126c928(big blind) folded before Flop
Seat 6: 58e6aa78 folded before Flop (didn't bet)



Poker Hand #ring_963186001: NLH No Limit ($1/$2) - 2025/06/29 22:13:54
Table 'MR NLH BOMBPOT 1/2' 7-max Seat #7 is the button
Seat 1: 81c2aae2 ($413.79 in chips)
Seat 7: 5c38c37b ($192.79 in chips)
Seat 5: fcd13262 ($400 in chips)
Seat 2: Hero ($217.48 in chips)
Seat 4: 9f5993a ($240.1 in chips)
Seat 3: 3126c928 ($43.43 in chips)
Seat 6: 58e6aa78 ($182.75 in chips)
81c2aae2: posts small blind $1
Hero: posts big blind $2
*** HOLE CARDS ***
Dealt to 81c2aae2 
Dealt to 5c38c37b 
Dealt to fcd13262 
Dealt to Hero [2h Kh]
Dealt to 9f5993a 
Dealt to 3126c928 
Dealt to 58e6aa78 
3126c928: folds
9f5993a: folds
fcd13262: folds
58e6aa78: calls $2
5c38c37b: folds
81c2aae2: raises $8 to $10
Hero: folds
58e6aa78: folds
Uncalled bet ($8) returned to 81c2aae2
*** SHOWDOWN ***
81c2aae2 collected $6 from pot
*** SUMMARY ***
Total pot $6
Seat 1: 81c2aae2(small blind)won ($6)
Seat 7: 5c38c37b folded before Flop (didn't bet)
Seat 5: fcd13262 folded before Flop (didn't bet)
Seat 2: Hero(big blind) folded before Flop
Seat 4: 9f5993a folded before Flop (didn't bet)
Seat 3: 3126c928 folded before Flop (didn't bet)
Seat 6: 58e6aa78 folded before Flop



Poker Hand #ring_963184738: NLH No Limit ($1/$2) - 2025/06/29 22:13:08
Table 'MR NLH BOMBPOT 1/2' 7-max Seat #6 is the button
Seat 1: 81c2aae2 ($446.89 in chips)
Seat 7: 5c38c37b ($202.79 in chips)
Seat 5: fcd13262 ($399 in chips)
Seat 2: Hero ($227.48 in chips)
Seat 4: 9f5993a ($250.1 in chips)
Seat 3: 3126c928 ($53.43 in chips)
Seat 6: 58e6aa78 ($105.37 in chips)
5c38c37b: posts the ante $10
81c2aae2: posts the ante $10
Hero: posts the ante $10
3126c928: posts the ante $10
9f5993a: posts the ante $10
fcd13262: posts the ante $10
58e6aa78: posts the ante $10
*** HOLE CARDS ***
Dealt to 81c2aae2 
Dealt to 5c38c37b 
Dealt to fcd13262 
Dealt to Hero [6d Kh]
Dealt to 9f5993a 
Dealt to 3126c928 
Dealt to 58e6aa78 
*** FLOP *** [5c 9c Ts]
5c38c37b: checks
81c2aae2: bets $23.1
Hero: folds
3126c928: folds
9f5993a: folds
fcd13262: folds
58e6aa78: calls $23.1
5c38c37b: folds
*** TURN *** [5c 9c Ts] [4d]
81c2aae2: checks
58e6aa78: checks
*** RIVER *** [5c 9c Ts 4d] [7h]
81c2aae2: checks
58e6aa78: checks
81c2aae2: shows [3c 4c]
58e6aa78: shows [6c 7c]
*** SHOWDOWN ***
58e6aa78 collected $116.2 from pot
*** SUMMARY ***
Total pot $116.2
Board [5c 9c Ts 4d 7h]
Seat 1: 81c2aae2(big blind) showed [3c 4c] and lost with Pair of Fours
Seat 7: 5c38c37b(small blind) folded on the Flop
Seat 5: fcd13262 folded on the Flop
Seat 2: Hero folded on the Flop
Seat 4: 9f5993a folded on the Flop
Seat 3: 3126c928 folded on the Flop
Seat 6: 58e6aa78 showed [6c 7c] and won ($116.2) with Pair of Sevens



Poker Hand #ring_963183290: NLH No Limit ($1/$2) - 2025/06/29 22:12:14
Table 'MR NLH BOMBPOT 1/2' 7-max Seat #5 is the button
Seat 1: 81c2aae2 ($446.89 in chips)
Seat 7: 5c38c37b ($204.79 in chips)
Seat 5: fcd13262 ($399 in chips)
Seat 2: Hero ($227.48 in chips)
Seat 4: 9f5993a ($250.1 in chips)
Seat 3: 3126c928 ($59.43 in chips)
Seat 6: 58e6aa78 ($98 in chips)
58e6aa78: posts small blind $1
5c38c37b: posts big blind $2
*** HOLE CARDS ***
Dealt to 81c2aae2 
Dealt to 5c38c37b 
Dealt to fcd13262 
Dealt to Hero [7c Qd]
Dealt to 9f5993a 
Dealt to 3126c928 
Dealt to 58e6aa78 
81c2aae2: folds
Hero: folds
3126c928: raises $4 to $6
9f5993a: folds
fcd13262: folds
58e6aa78: calls $5
5c38c37b: folds
*** FLOP *** [8d 8c Kh]
58e6aa78: checks
3126c928: checks
*** TURN *** [8d 8c Kh] [Ad]
58e6aa78: checks
3126c928: checks
*** RIVER *** [8d 8c Kh Ad] [6s]
58e6aa78: checks
3126c928: checks
3126c928: shows [Jc 9c]
58e6aa78: shows [3c 3h]
*** SHOWDOWN ***
58e6aa78 collected $14 from pot
*** SUMMARY ***
Total pot $14
Board [8d 8c Kh Ad 6s]
Seat 1: 81c2aae2 folded before Flop (didn't bet)
Seat 7: 5c38c37b(big blind) folded before Flop
Seat 5: fcd13262 folded before Flop (didn't bet)
Seat 2: Hero folded before Flop (didn't bet)
Seat 4: 9f5993a folded before Flop (didn't bet)
Seat 3: 3126c928 showed [Jc 9c] and lost with Pair of Eights
Seat 6: 58e6aa78(small blind) showed [3c 3h] and won ($14) with Pair of Eights and Pair of Treys



Poker Hand #ring_963181634: NLH No Limit ($1/$2) - 2025/06/29 22:11:12
Table 'MR NLH BOMBPOT 1/2' 7-max Seat #4 is the button
Seat 1: 81c2aae2 ($446.89 in chips)
Seat 7: 5c38c37b ($204.79 in chips)
Seat 5: fcd13262 ($400 in chips)
Seat 2: Hero ($212.83 in chips)
Seat 4: 9f5993a ($263.6 in chips)
Seat 3: 3126c928 ($59.43 in chips)
Seat 6: 58e6aa78 ($100 in chips)
fcd13262: posts small blind $1
58e6aa78: posts big blind $2
*** HOLE CARDS ***
Dealt to 81c2aae2 
Dealt to 5c38c37b 
Dealt to fcd13262 
Dealt to Hero [Jc Jh]
Dealt to 9f5993a 
Dealt to 3126c928 
Dealt to 58e6aa78 
5c38c37b: folds
81c2aae2: folds
Hero: raises $4 to $6
3126c928: folds
9f5993a: calls $6
fcd13262: folds
58e6aa78: folds
*** FLOP *** [Ts Kc Th]
Hero: checks
9f5993a: checks
*** TURN *** [Ts Kc Th] [9h]
Hero: checks
9f5993a: checks
*** RIVER *** [Ts Kc Th 9h] [6h]
Hero: checks
9f5993a: bets $7.5
Hero: calls $7.5
Hero: shows [Jc Jh]
9f5993a: shows [5s Js]
*** SHOWDOWN ***
Hero collected $30 from pot
*** SUMMARY ***
Total pot $30
Board [Ts Kc Th 9h 6h]
Seat 1: 81c2aae2 folded before Flop (didn't bet)
Seat 7: 5c38c37b folded before Flop (didn't bet)
Seat 5: fcd13262(small blind) folded before Flop
Seat 2: Hero showed [Jc Jh] and won ($30) with Pair of Jacks and Pair of Tens
Seat 4: 9f5993a showed [5s Js] and lost with Pair of Tens
Seat 3: 3126c928 folded before Flop (didn't bet)
Seat 6: 58e6aa78(big blind) folded before Flop



Poker Hand #ring_963180279: NLH No Limit ($1/$2) - 2025/06/29 22:10:23
Table 'MR NLH BOMBPOT 1/2' 7-max Seat #3 is the button
Seat 1: 81c2aae2 ($452.89 in chips)
Seat 7: 5c38c37b ($196.46 in chips)
Seat 5: fcd13262 ($400 in chips)
Seat 2: Hero ($212.83 in chips)
Seat 4: 9f5993a ($264.6 in chips)
Seat 3: 3126c928 ($59.43 in chips)
9f5993a: posts small blind $1
fcd13262: posts big blind $2
*** HOLE CARDS ***
Dealt to 81c2aae2 
Dealt to 5c38c37b 
Dealt to fcd13262 
Dealt to Hero [Ks 2s]
Dealt to 9f5993a 
Dealt to 3126c928 
5c38c37b: calls $2
81c2aae2: raises $4 to $6
Hero: folds
3126c928: folds
9f5993a: folds
fcd13262: folds
5c38c37b: calls $4
*** FLOP *** [3h 2d Ts]
5c38c37b: checks
81c2aae2: checks
*** TURN *** [3h 2d Ts] [4d]
5c38c37b: bets $7.5
81c2aae2: folds
Uncalled bet ($7.5) returned to 5c38c37b
*** SHOWDOWN ***
5c38c37b collected $15 from pot
*** SUMMARY ***
Total pot $15
Board [3h 2d Ts 4d]
Seat 1: 81c2aae2 folded on the Turn
Seat 7: 5c38c37bwon ($15) with Ten-High
Seat 5: fcd13262(big blind) folded before Flop
Seat 2: Hero folded before Flop (didn't bet)
Seat 4: 9f5993a(small blind) folded before Flop
Seat 3: 3126c928 folded before Flop (didn't bet)



Poker Hand #ring_963179255: NLH No Limit ($1/$2) - 2025/06/29 22:09:46
Table 'MR NLH BOMBPOT 1/2' 7-max Seat #2 is the button
Seat 1: 81c2aae2 ($452.89 in chips)
Seat 7: 5c38c37b ($190 in chips)
Seat 2: Hero ($212.83 in chips)
Seat 4: 9f5993a ($266.6 in chips)
Seat 3: 3126c928 ($64.43 in chips)
3126c928: posts small blind $1
9f5993a: posts big blind $2
*** HOLE CARDS ***
Dealt to 81c2aae2 
Dealt to 5c38c37b 
Dealt to Hero [Jd 4d]
Dealt to 9f5993a 
Dealt to 3126c928 
5c38c37b: raises $3 to $5
81c2aae2: folds
Hero: folds
3126c928: calls $4
9f5993a: folds
*** FLOP *** [2d As 9c]
3126c928: checks
5c38c37b: bets $6
3126c928: folds
Uncalled bet ($6) returned to 5c38c37b
*** SHOWDOWN ***
5c38c37b collected $12 from pot
*** SUMMARY ***
Total pot $12
Board [2d As 9c]
Seat 1: 81c2aae2 folded before Flop (didn't bet)
Seat 7: 5c38c37bwon ($12) with Ace-High
Seat 2: Hero folded before Flop (didn't bet)
Seat 4: 9f5993a(big blind) folded before Flop
Seat 3: 3126c928(small blind) folded on the Flop



Poker Hand #ring_963178738: NLH No Limit ($1/$2) - 2025/06/29 22:09:27
Table 'MR NLH BOMBPOT 1/2' 7-max Seat #1 is the button
Seat 1: 81c2aae2 ($452.89 in chips)
Seat 7: 5c38c37b ($190 in chips)
Seat 2: Hero ($213.83 in chips)
Seat 4: 9f5993a ($266.6 in chips)
Seat 3: 3126c928 ($63.43 in chips)
Hero: posts small blind $1
3126c928: posts big blind $2
*** HOLE CARDS ***
Dealt to 81c2aae2 
Dealt to 5c38c37b 
Dealt to Hero [3d 6h]
Dealt to 9f5993a 
Dealt to 3126c928 
9f5993a: folds
5c38c37b: folds
81c2aae2: folds
Hero: folds
*** SHOWDOWN ***
3126c928 collected $3 from pot
*** SUMMARY ***
Total pot $3
Seat 1: 81c2aae2 folded before Flop (didn't bet)
Seat 7: 5c38c37b folded before Flop (didn't bet)
Seat 2: Hero(small blind) folded before Flop
Seat 4: 9f5993a folded before Flop (didn't bet)
Seat 3: 3126c928(big blind)won ($3)



Poker Hand #ring_963178102: NLH No Limit ($1/$2) - 2025/06/29 22:09:02
Table 'MR NLH BOMBPOT 1/2' 7-max Seat #7 is the button
Seat 1: 81c2aae2 ($453.89 in chips)
Seat 7: 5c38c37b ($190 in chips)
Seat 2: Hero ($212.83 in chips)
Seat 4: 9f5993a ($266.6 in chips)
Seat 3: 3126c928 ($63.43 in chips)
81c2aae2: posts small blind $1
Hero: posts big blind $2
*** HOLE CARDS ***
Dealt to 81c2aae2 
Dealt to 5c38c37b 
Dealt to Hero [Jc 4c]
Dealt to 9f5993a 
Dealt to 3126c928 
3126c928: folds
9f5993a: folds
5c38c37b: folds
81c2aae2: folds
*** SHOWDOWN ***
Hero collected $3 from pot
*** SUMMARY ***
Total pot $3
Seat 1: 81c2aae2(small blind) folded before Flop
Seat 7: 5c38c37b folded before Flop (didn't bet)
Seat 2: Hero(big blind)won ($3)
Seat 4: 9f5993a folded before Flop (didn't bet)
Seat 3: 3126c928 folded before Flop (didn't bet)



Poker Hand #ring_963176358: NLH No Limit ($1/$2) - 2025/06/29 22:07:55
Table 'MR NLH BOMBPOT 1/2' 7-max Seat #4 is the button
Seat 1: 81c2aae2 ($394 in chips)
Seat 7: 5c38c37b ($196 in chips)
Seat 2: Hero ($218.83 in chips)
Seat 4: 9f5993a ($320.36 in chips)
Seat 3: 3126c928 ($63.43 in chips)
5c38c37b: posts small blind $1
81c2aae2: posts big blind $2
*** HOLE CARDS ***
Dealt to 81c2aae2 
Dealt to 5c38c37b 
Dealt to Hero [Ah 8h]
Dealt to 9f5993a 
Dealt to 3126c928 
Hero: raises $4 to $6
3126c928: folds
9f5993a: calls $6
5c38c37b: calls $5
81c2aae2: raises $24 to $30
Hero: folds
9f5993a: calls $24
5c38c37b: folds
*** FLOP *** [6s Th 9c]
81c2aae2: checks
9f5993a: checks
*** TURN *** [6s Th 9c] [Td]
81c2aae2: bets $23.76
9f5993a: calls $23.76
*** RIVER *** [6s Th 9c Td] [Ks]
81c2aae2: checks
9f5993a: checks
81c2aae2: shows [Qd Kd]
9f5993a: shows [2h 2d]
*** SHOWDOWN ***
81c2aae2 collected $119.52 from pot
*** SUMMARY ***
Total pot $119.52
Board [6s Th 9c Td Ks]
Seat 1: 81c2aae2(big blind) showed [Qd Kd] and won ($119.52) with Pair of Kings and Pair of Tens
Seat 7: 5c38c37b(small blind) folded before Flop
Seat 2: Hero folded before Flop
Seat 4: 9f5993a showed [2h 2d] and lost with Pair of Tens and Pair of Twos
Seat 3: 3126c928 folded before Flop (didn't bet)



Poker Hand #ring_963175860: NLH No Limit ($1/$2) - 2025/06/29 22:07:34
Table 'MR NLH BOMBPOT 1/2' 7-max Seat #3 is the button
Seat 1: 81c2aae2 ($394 in chips)
Seat 7: 5c38c37b ($198 in chips)
Seat 2: Hero ($218.83 in chips)
Seat 4: 9f5993a ($318.36 in chips)
Seat 3: 3126c928 ($63.43 in chips)
9f5993a: posts small blind $1
5c38c37b: posts big blind $2
*** HOLE CARDS ***
Dealt to 81c2aae2 
Dealt to 5c38c37b 
Dealt to Hero [Tc 3c]
Dealt to 9f5993a 
Dealt to 3126c928 
81c2aae2: folds
Hero: folds
3126c928: folds
9f5993a: raises $4 to $6
5c38c37b: folds
Uncalled bet ($4) returned to 9f5993a
*** SHOWDOWN ***
9f5993a collected $4 from pot
*** SUMMARY ***
Total pot $4
Seat 1: 81c2aae2 folded before Flop (didn't bet)
Seat 7: 5c38c37b(big blind) folded before Flop
Seat 2: Hero folded before Flop (didn't bet)
Seat 4: 9f5993a(small blind)won ($4)
Seat 3: 3126c928 folded before Flop (didn't bet)



Poker Hand #ring_963174382: NLH No Limit ($1/$2) - 2025/06/29 22:06:38
Table 'MR NLH BOMBPOT 1/2' 7-max Seat #2 is the button
Seat 1: 81c2aae2 ($400 in chips)
Seat 7: 5c38c37b ($200 in chips)
Seat 2: Hero ($218.83 in chips)
Seat 4: 9f5993a ($320.36 in chips)
Seat 3: 3126c928 ($54.15 in chips)
3126c928: posts small blind $1
9f5993a: posts big blind $2
5c38c37b: posts big blind $2
81c2aae2: posts big blind $2
*** HOLE CARDS ***
Dealt to 81c2aae2 
Dealt to 5c38c37b 
Dealt to Hero [5d 3h]
Dealt to 9f5993a 
Dealt to 3126c928 
5c38c37b: checks
81c2aae2: checks
Hero: folds
3126c928: raises $4 to $6
9f5993a: folds
5c38c37b: folds
81c2aae2: calls $4
*** FLOP *** [9c 5h 2s]
3126c928: checks
81c2aae2: checks
*** TURN *** [9c 5h 2s] [2c]
3126c928: bets $8
81c2aae2: folds
Uncalled bet ($8) returned to 3126c928
*** SHOWDOWN ***
3126c928 collected $16 from pot
*** SUMMARY ***
Total pot $16
Board [9c 5h 2s 2c]
Seat 1: 81c2aae2 folded on the Turn
Seat 7: 5c38c37b folded before Flop
Seat 2: Hero folded before Flop (didn't bet)
Seat 4: 9f5993a(big blind) folded before Flop
Seat 3: 3126c928(small blind)won ($16) with Pair of Twos



Poker Hand #ring_963173642: NLH No Limit ($1/$2) - 2025/06/29 22:06:11
Table 'MR NLH BOMBPOT 1/2' 7-max Seat #4 is the button
Seat 2: Hero ($200.18 in chips)
Seat 4: 9f5993a ($126.36 in chips)
Seat 3: 3126c928 ($64.15 in chips)
Hero: posts the ante $10
3126c928: posts the ante $10
9f5993a: posts the ante $10
*** HOLE CARDS ***
Dealt to Hero [9d Jc]
Dealt to 9f5993a 
Dealt to 3126c928 
*** FLOP *** [8c 5c Jh]
Hero: bets $15
3126c928: folds
9f5993a: folds
Uncalled bet ($15) returned to Hero
*** SHOWDOWN ***
Hero collected $30 from pot
*** SUMMARY ***
Total pot $30
Board [8c 5c Jh]
Seat 2: Hero(small blind)won ($30) with Pair of Jacks
Seat 4: 9f5993a folded on the Flop
Seat 3: 3126c928(big blind) folded on the Flop



Poker Hand #ring_963173147: NLH No Limit ($1/$2) - 2025/06/29 22:05:53
Table 'MR NLH BOMBPOT 1/2' 7-max Seat #3 is the button
Seat 2: Hero ($202.18 in chips)
Seat 4: 9f5993a ($124.36 in chips)
Seat 3: 3126c928 ($64.15 in chips)
9f5993a: posts small blind $1
Hero: posts big blind $2
*** HOLE CARDS ***
Dealt to Hero [5s 2h]
Dealt to 9f5993a 
Dealt to 3126c928 
3126c928: folds
9f5993a: raises $4 to $6
Hero: folds
Uncalled bet ($4) returned to 9f5993a
*** SHOWDOWN ***
9f5993a collected $4 from pot
*** SUMMARY ***
Total pot $4
Seat 2: Hero(big blind) folded before Flop
Seat 4: 9f5993a(small blind)won ($4)
Seat 3: 3126c928 folded before Flop (didn't bet)



Poker Hand #ring_963172775: NLH No Limit ($1/$2) - 2025/06/29 22:05:40
Table 'MR NLH BOMBPOT 1/2' 7-max Seat #2 is the button
Seat 2: Hero ($202.18 in chips)
Seat 4: 9f5993a ($123.36 in chips)
Seat 3: 3126c928 ($65.15 in chips)
3126c928: posts small blind $1
9f5993a: posts big blind $2
*** HOLE CARDS ***
Dealt to Hero [7s Tc]
Dealt to 9f5993a 
Dealt to 3126c928 
Hero: folds
3126c928: folds
*** SHOWDOWN ***
9f5993a collected $3 from pot
*** SUMMARY ***
Total pot $3
Seat 2: Hero folded before Flop (didn't bet)
Seat 4: 9f5993a(big blind)won ($3)
Seat 3: 3126c928(small blind) folded before Flop



Poker Hand #ring_963172388: NLH No Limit ($1/$2) - 2025/06/29 22:05:25
Table 'MR NLH BOMBPOT 1/2' 7-max Seat #4 is the button
Seat 2: Hero ($203.18 in chips)
Seat 4: 9f5993a ($120.36 in chips)
Seat 3: 3126c928 ($67.15 in chips)
Hero: posts small blind $1
3126c928: posts big blind $2
*** HOLE CARDS ***
Dealt to Hero [5d 3h]
Dealt to 9f5993a 
Dealt to 3126c928 
9f5993a: raises $4 to $6
Hero: folds
3126c928: folds
Uncalled bet ($4) returned to 9f5993a
*** SHOWDOWN ***
9f5993a collected $5 from pot
*** SUMMARY ***
Total pot $5
Seat 2: Hero(small blind) folded before Flop
Seat 4: 9f5993awon ($5)
Seat 3: 3126c928(big blind) folded before Flop



Poker Hand #ring_963171885: NLH No Limit ($1/$2) - 2025/06/29 22:05:06
Table 'MR NLH BOMBPOT 1/2' 7-max Seat #3 is the button
Seat 2: Hero ($202.18 in chips)
Seat 4: 9f5993a ($121.36 in chips)
Seat 3: 3126c928 ($67.15 in chips)
9f5993a: posts small blind $1
Hero: posts big blind $2
*** HOLE CARDS ***
Dealt to Hero [8d Ks]
Dealt to 9f5993a 
Dealt to 3126c928 
3126c928: folds
9f5993a: folds
*** SHOWDOWN ***
Hero collected $3 from pot
*** SUMMARY ***
Total pot $3
Seat 2: Hero(big blind)won ($3)
Seat 4: 9f5993a(small blind) folded before Flop
Seat 3: 3126c928 folded before Flop (didn't bet)



Poker Hand #ring_963170620: NLH No Limit ($1/$2) - 2025/06/29 22:04:20
Table 'MR NLH BOMBPOT 1/2' 7-max Seat #2 is the button
Seat 2: Hero ($169.46 in chips)
Seat 4: 9f5993a ($156.26 in chips)
Seat 3: 3126c928 ($68.15 in chips)
3126c928: posts small blind $1
9f5993a: posts big blind $2
*** HOLE CARDS ***
Dealt to Hero [Tc Kc]
Dealt to 9f5993a 
Dealt to 3126c928 
Hero: raises $4 to $6
3126c928: folds
9f5993a: calls $4
*** FLOP *** [4h 7c As]
9f5993a: checks
Hero: bets $3.9
9f5993a: calls $3.9
*** TURN *** [4h 7c As] [8h]
9f5993a: checks
Hero: bets $25
9f5993a: calls $25
*** RIVER *** [4h 7c As 8h] [Ks]
9f5993a: checks
Hero: checks
Hero: shows [Tc Kc]
9f5993a: shows [Ts 9s]
*** SHOWDOWN ***
Hero collected $70.8 from pot
*** SUMMARY ***
Total pot $70.8
Board [4h 7c As 8h Ks]
Seat 2: Hero showed [Tc Kc] and won ($70.8) with Pair of Kings
Seat 4: 9f5993a(big blind) showed [Ts 9s] and lost with Ace-High
Seat 3: 3126c928(small blind) folded before Flop



Poker Hand #ring_963169646: NLH No Limit ($1/$2) - 2025/06/29 22:03:43
Table 'MR NLH BOMBPOT 1/2' 7-max Seat #4 is the button
Seat 2: Hero ($160.36 in chips)
Seat 4: 9f5993a ($156.26 in chips)
Seat 3: 3126c928 ($78.15 in chips)
Hero: posts small blind $1
3126c928: posts big blind $2
*** HOLE CARDS ***
Dealt to Hero [6d Kd]
Dealt to 9f5993a 
Dealt to 3126c928 
9f5993a: folds
Hero: raises $3 to $5
3126c928: calls $3
*** FLOP *** [3d 3h Ks]
Hero: checks
3126c928: checks
*** TURN *** [3d 3h Ks] [5h]
Hero: checks
3126c928: bets $5
Hero: calls $5
*** RIVER *** [3d 3h Ks 5h] [3c]
Hero: checks
3126c928: checks
Hero: shows [6d Kd]
3126c928: shows [7h Jc]
*** SHOWDOWN ***
Hero collected $20 from pot
*** SUMMARY ***
Total pot $20
Board [3d 3h Ks 5h 3c]
Seat 2: Hero(small blind) showed [6d Kd] and won ($20) with Treys Full over Kings
Seat 4: 9f5993a folded before Flop (didn't bet)
Seat 3: 3126c928(big blind) showed [7h Jc] and lost with Three Treys



Poker Hand #ring_963169107: NLH No Limit ($1/$2) - 2025/06/29 22:03:22
Table 'MR NLH BOMBPOT 1/2' 7-max Seat #3 is the button
Seat 2: Hero ($159.36 in chips)
Seat 4: 9f5993a ($157.26 in chips)
Seat 3: 3126c928 ($78.15 in chips)
9f5993a: posts small blind $1
Hero: posts big blind $2
*** HOLE CARDS ***
Dealt to Hero [Ah 8h]
Dealt to 9f5993a 
Dealt to 3126c928 
3126c928: folds
9f5993a: folds
*** SHOWDOWN ***
Hero collected $3 from pot
*** SUMMARY ***
Total pot $3
Seat 2: Hero(big blind)won ($3)
Seat 4: 9f5993a(small blind) folded before Flop
Seat 3: 3126c928 folded before Flop (didn't bet)



Poker Hand #ring_963168093: NLH No Limit ($1/$2) - 2025/06/29 22:02:44
Table 'MR NLH BOMBPOT 1/2' 7-max Seat #2 is the button
Seat 2: Hero ($159.36 in chips)
Seat 4: 9f5993a ($148.16 in chips)
Seat 3: 3126c928 ($88.15 in chips)
3126c928: posts small blind $1
9f5993a: posts big blind $2
*** HOLE CARDS ***
Dealt to Hero [6h 4s]
Dealt to 9f5993a 
Dealt to 3126c928 
Hero: folds
3126c928: raises $3 to $5
9f5993a: calls $3
*** FLOP *** [4c 2s Jh]
3126c928: checks
9f5993a: checks
*** TURN *** [4c 2s Jh] [5s]
3126c928: bets $5
9f5993a: calls $5
*** RIVER *** [4c 2s Jh 5s] [Ks]
3126c928: checks
9f5993a: checks
3126c928: shows [3c Qc]
9f5993a: shows [7h As]
*** SHOWDOWN ***
9f5993a collected $20 from pot
*** SUMMARY ***
Total pot $20
Board [4c 2s Jh 5s Ks]
Seat 2: Hero folded before Flop (didn't bet)
Seat 4: 9f5993a(big blind) showed [7h As] and won ($20) with Ace-High
Seat 3: 3126c928(small blind) showed [3c Qc] and lost with King-High



Poker Hand #ring_963167706: NLH No Limit ($1/$2) - 2025/06/29 22:02:30
Table 'MR NLH BOMBPOT 1/2' 7-max Seat #4 is the button
Seat 2: Hero ($160.36 in chips)
Seat 4: 9f5993a ($148.16 in chips)
Seat 3: 3126c928 ($87.15 in chips)
Hero: posts small blind $1
3126c928: posts big blind $2
*** HOLE CARDS ***
Dealt to Hero [8c 4s]
Dealt to 9f5993a 
Dealt to 3126c928 
9f5993a: folds
Hero: folds
*** SHOWDOWN ***
3126c928 collected $3 from pot
*** SUMMARY ***
Total pot $3
Seat 2: Hero(small blind) folded before Flop
Seat 4: 9f5993a folded before Flop (didn't bet)
Seat 3: 3126c928(big blind)won ($3)



Poker Hand #ring_963167020: NLH No Limit ($1/$2) - 2025/06/29 22:02:04
Table 'MR NLH BOMBPOT 1/2' 7-max Seat #3 is the button
Seat 2: Hero ($141.71 in chips)
Seat 4: 9f5993a ($158.16 in chips)
Seat 3: 3126c928 ($97.15 in chips)
9f5993a: posts the ante $10
Hero: posts the ante $10
3126c928: posts the ante $10
*** HOLE CARDS ***
Dealt to Hero [5c Qs]
Dealt to 9f5993a 
Dealt to 3126c928 
*** FLOP *** [8s 5h Ac]
9f5993a: checks
Hero: bets $14
3126c928: folds
9f5993a: folds
Uncalled bet ($14) returned to Hero
*** SHOWDOWN ***
Hero collected $30 from pot
*** SUMMARY ***
Total pot $30
Board [8s 5h Ac]
Seat 2: Hero(big blind)won ($30) with Pair of Fives
Seat 4: 9f5993a(small blind) folded on the Flop
Seat 3: 3126c928 folded on the Flop



Poker Hand #ring_963165652: NLH No Limit ($1/$2) - 2025/06/29 22:01:14
Table 'MR NLH BOMBPOT 1/2' 7-max Seat #2 is the button
Seat 2: Hero ($167.21 in chips)
Seat 4: 9f5993a ($134 in chips)
Seat 3: 3126c928 ($98.15 in chips)
3126c928: posts small blind $1
9f5993a: posts big blind $2
*** HOLE CARDS ***
Dealt to Hero [Js Ah]
Dealt to 9f5993a 
Dealt to 3126c928 
Hero: raises $4 to $6
3126c928: folds
9f5993a: calls $4
*** FLOP *** [2d Kd Ac]
9f5993a: checks
Hero: bets $6.5
9f5993a: calls $6.5
*** TURN *** [2d Kd Ac] [Ad]
9f5993a: checks
Hero: bets $13
9f5993a: calls $13
*** RIVER *** [2d Kd Ac Ad] [5d]
9f5993a: checks
Hero: checks
Hero: shows [Js Ah]
9f5993a: shows [4d As]
*** SHOWDOWN ***
9f5993a collected $52 from pot
*** SUMMARY ***
Total pot $52
Board [2d Kd Ac Ad 5d]
Seat 2: Hero showed [Js Ah] and lost with Three Aces
Seat 4: 9f5993a(big blind) showed [4d As] and won ($52) with Ace High Flush
Seat 3: 3126c928(small blind) folded before Flop



Poker Hand #ring_963165225: NLH No Limit ($1/$2) - 2025/06/29 22:00:57
Table 'MR NLH BOMBPOT 1/2' 7-max Seat #2 is the button
Seat 2: Hero ($172.21 in chips)
Seat 3: 3126c928 ($93.15 in chips)
Hero: posts small blind $1
3126c928: posts big blind $2
*** HOLE CARDS ***
Dealt to Hero [Kc Td]
Dealt to 3126c928 
Hero: raises $3 to $5
3126c928: raises $12.5 to $17.5
Hero: folds
Uncalled bet ($12.5) returned to 3126c928
*** SHOWDOWN ***
3126c928 collected $10 from pot
*** SUMMARY ***
Total pot $10
Seat 2: Hero(small blind) folded before Flop
Seat 3: 3126c928(big blind)won ($10)



Poker Hand #ring_963164967: NLH No Limit ($1/$2) - 2025/06/29 22:00:47
Table 'MR NLH BOMBPOT 1/2' 7-max Seat #3 is the button
Seat 2: Hero ($171.21 in chips)
Seat 3: 3126c928 ($94.15 in chips)
3126c928: posts small blind $1
Hero: posts big blind $2
*** HOLE CARDS ***
Dealt to Hero [5h 7d]
Dealt to 3126c928 
3126c928: folds
*** SHOWDOWN ***
Hero collected $3 from pot
*** SUMMARY ***
Total pot $3
Seat 2: Hero(big blind)won ($3)
Seat 3: 3126c928(small blind) folded before Flop



Poker Hand #ring_963164577: NLH No Limit ($1/$2) - 2025/06/29 22:00:33
Table 'MR NLH BOMBPOT 1/2' 7-max Seat #2 is the button
Seat 2: Hero ($169.21 in chips)
Seat 3: 3126c928 ($96.15 in chips)
Hero: posts small blind $1
3126c928: posts big blind $2
*** HOLE CARDS ***
Dealt to Hero [7s 5s]
Dealt to 3126c928 
Hero: raises $3 to $5
3126c928: folds
Uncalled bet ($3) returned to Hero
*** SHOWDOWN ***
Hero collected $4 from pot
*** SUMMARY ***
Total pot $4
Seat 2: Hero(small blind)won ($4)
Seat 3: 3126c928(big blind) folded before Flop



Poker Hand #ring_963164273: NLH No Limit ($1/$2) - 2025/06/29 22:00:23
Table 'MR NLH BOMBPOT 1/2' 7-max Seat #3 is the button
Seat 2: Hero ($168.21 in chips)
Seat 3: 3126c928 ($97.15 in chips)
3126c928: posts small blind $1
Hero: posts big blind $2
*** HOLE CARDS ***
Dealt to Hero [As Js]
Dealt to 3126c928 
3126c928: folds
*** SHOWDOWN ***
Hero collected $3 from pot
*** SUMMARY ***
Total pot $3
Seat 2: Hero(big blind)won ($3)
Seat 3: 3126c928(small blind) folded before Flop



Poker Hand #ring_963163866: NLH No Limit ($1/$2) - 2025/06/29 22:00:07
Table 'MR NLH BOMBPOT 1/2' 7-max Seat #2 is the button
Seat 2: Hero ($166.21 in chips)
Seat 3: 3126c928 ($99.15 in chips)
Hero: posts small blind $1
3126c928: posts big blind $2
*** HOLE CARDS ***
Dealt to Hero [Ah 2s]
Dealt to 3126c928 
Hero: raises $3 to $5
3126c928: folds
Uncalled bet ($3) returned to Hero
*** SHOWDOWN ***
Hero collected $4 from pot
*** SUMMARY ***
Total pot $4
Seat 2: Hero(small blind)won ($4)
Seat 3: 3126c928(big blind) folded before Flop



Poker Hand #ring_963163360: NLH No Limit ($1/$2) - 2025/06/29 21:59:48
Table 'MR NLH BOMBPOT 1/2' 7-max Seat #3 is the button
Seat 2: Hero ($160.21 in chips)
Seat 3: 3126c928 ($105.15 in chips)
3126c928: posts small blind $1
Hero: posts big blind $2
*** HOLE CARDS ***
Dealt to Hero [Ah Qc]
Dealt to 3126c928 
3126c928: raises $4 to $6
Hero: raises $13.8 to $19.8
3126c928: folds
Uncalled bet ($13.8) returned to Hero
*** SHOWDOWN ***
Hero collected $12 from pot
*** SUMMARY ***
Total pot $12
Seat 2: Hero(big blind)won ($12)
Seat 3: 3126c928(small blind) folded before Flop



Poker Hand #ring_963162923: NLH No Limit ($1/$2) - 2025/06/29 21:59:32
Table 'MR NLH BOMBPOT 1/2' 7-max Seat #2 is the button
Seat 2: Hero ($158.21 in chips)
Seat 3: 3126c928 ($107.15 in chips)
Hero: posts small blind $1
3126c928: posts big blind $2
*** HOLE CARDS ***
Dealt to Hero [8s Ks]
Dealt to 3126c928 
Hero: raises $3 to $5
3126c928: folds
Uncalled bet ($3) returned to Hero
*** SHOWDOWN ***
Hero collected $4 from pot
*** SUMMARY ***
Total pot $4
Seat 2: Hero(small blind)won ($4)
Seat 3: 3126c928(big blind) folded before Flop



Poker Hand #ring_963162647: NLH No Limit ($1/$2) - 2025/06/29 21:59:21
Table 'MR NLH BOMBPOT 1/2' 7-max Seat #3 is the button
Seat 2: Hero ($157.21 in chips)
Seat 3: 3126c928 ($108.15 in chips)
3126c928: posts small blind $1
Hero: posts big blind $2
*** HOLE CARDS ***
Dealt to Hero [4s 5d]
Dealt to 3126c928 
3126c928: folds
*** SHOWDOWN ***
Hero collected $3 from pot
*** SUMMARY ***
Total pot $3
Seat 2: Hero(big blind)won ($3)
Seat 3: 3126c928(small blind) folded before Flop



Poker Hand #ring_963162066: NLH No Limit ($1/$2) - 2025/06/29 21:58:59
Table 'MR NLH BOMBPOT 1/2' 7-max Seat #2 is the button
Seat 2: Hero ($147.66 in chips)
Seat 3: 3126c928 ($118.15 in chips)
3126c928: posts the ante $10
Hero: posts the ante $10
*** HOLE CARDS ***
Dealt to Hero [5c 5d]
Dealt to 3126c928 
*** FLOP *** [Tc 5s 6h]
3126c928: checks
Hero: bets $10
3126c928: folds
Uncalled bet ($10) returned to Hero
*** SHOWDOWN ***
Hero collected $20 from pot
*** SUMMARY ***
Total pot $20
Board [Tc 5s 6h]
Seat 2: Hero(small blind)won ($20) with Three Fives
Seat 3: 3126c928(big blind) folded on the Flop



Poker Hand #ring_963161728: NLH No Limit ($1/$2) - 2025/06/29 21:58:46
Table 'MR NLH BOMBPOT 1/2' 7-max Seat #3 is the button
Seat 2: Hero ($149.66 in chips)
Seat 3: 3126c928 ($116.15 in chips)
3126c928: posts small blind $1
Hero: posts big blind $2
*** HOLE CARDS ***
Dealt to Hero [Th 5s]
Dealt to 3126c928 
3126c928: raises $4 to $6
Hero: folds
Uncalled bet ($4) returned to 3126c928
*** SHOWDOWN ***
3126c928 collected $4 from pot
*** SUMMARY ***
Total pot $4
Seat 2: Hero(big blind) folded before Flop
Seat 3: 3126c928(small blind)won ($4)



Poker Hand #ring_963161211: NLH No Limit ($1/$2) - 2025/06/29 21:58:26
Table 'MR NLH BOMBPOT 1/2' 7-max Seat #2 is the button
Seat 2: Hero ($147.66 in chips)
Seat 3: 3126c928 ($118.15 in chips)
Hero: posts small blind $1
3126c928: posts big blind $2
*** HOLE CARDS ***
Dealt to Hero [Th 8d]
Dealt to 3126c928 
Hero: raises $3 to $5
3126c928: folds
Uncalled bet ($3) returned to Hero
*** SHOWDOWN ***
Hero collected $4 from pot
*** SUMMARY ***
Total pot $4
Seat 2: Hero(small blind)won ($4)
Seat 3: 3126c928(big blind) folded before Flop



Poker Hand #ring_963160893: NLH No Limit ($1/$2) - 2025/06/29 21:58:15
Table 'MR NLH BOMBPOT 1/2' 7-max Seat #3 is the button
Seat 2: Hero ($146.66 in chips)
Seat 3: 3126c928 ($119.15 in chips)
3126c928: posts small blind $1
Hero: posts big blind $2
*** HOLE CARDS ***
Dealt to Hero [7c 6d]
Dealt to 3126c928 
3126c928: folds
*** SHOWDOWN ***
Hero collected $3 from pot
*** SUMMARY ***
Total pot $3
Seat 2: Hero(big blind)won ($3)
Seat 3: 3126c928(small blind) folded before Flop



Poker Hand #ring_963160501: NLH No Limit ($1/$2) - 2025/06/29 21:58:00
Table 'MR NLH BOMBPOT 1/2' 7-max Seat #2 is the button
Seat 2: Hero ($144.66 in chips)
Seat 3: 3126c928 ($121.15 in chips)
Hero: posts small blind $1
3126c928: posts big blind $2
*** HOLE CARDS ***
Dealt to Hero [Ad 7h]
Dealt to 3126c928 
Hero: raises $3 to $5
3126c928: folds
Uncalled bet ($3) returned to Hero
*** SHOWDOWN ***
Hero collected $4 from pot
*** SUMMARY ***
Total pot $4
Seat 2: Hero(small blind)won ($4)
Seat 3: 3126c928(big blind) folded before Flop



Poker Hand #ring_963160125: NLH No Limit ($1/$2) - 2025/06/29 21:57:46
Table 'MR NLH BOMBPOT 1/2' 7-max Seat #3 is the button
Seat 2: Hero ($143.66 in chips)
Seat 3: 3126c928 ($122.15 in chips)
3126c928: posts small blind $1
Hero: posts big blind $2
*** HOLE CARDS ***
Dealt to Hero [2s 2c]
Dealt to 3126c928 
3126c928: folds
*** SHOWDOWN ***
Hero collected $3 from pot
*** SUMMARY ***
Total pot $3
Seat 2: Hero(big blind)won ($3)
Seat 3: 3126c928(small blind) folded before Flop



Poker Hand #ring_963159469: NLH No Limit ($1/$2) - 2025/06/29 21:57:21
Table 'MR NLH BOMBPOT 1/2' 7-max Seat #2 is the button
Seat 2: Hero ($151.66 in chips)
Seat 3: 3126c928 ($114.51 in chips)
Hero: posts small blind $1
3126c928: posts big blind $2
*** HOLE CARDS ***
Dealt to Hero [Tc 4c]
Dealt to 3126c928 
Hero: raises $2 to $4
3126c928: calls $2
*** FLOP *** [7s Kc 8d]
3126c928: checks
Hero: bets $4
3126c928: raises $8 to $12
Hero: folds
Uncalled bet ($8) returned to 3126c928
*** SHOWDOWN ***
3126c928 collected $16 from pot
*** SUMMARY ***
Total pot $16
Board [7s Kc 8d]
Seat 2: Hero(small blind) folded on the Flop
Seat 3: 3126c928(big blind)won ($16) with Pair of Kings



Poker Hand #ring_963159172: NLH No Limit ($1/$2) - 2025/06/29 21:57:10
Table 'MR NLH BOMBPOT 1/2' 7-max Seat #3 is the button
Seat 2: Hero ($150.66 in chips)
Seat 3: 3126c928 ($115.51 in chips)
3126c928: posts small blind $1
Hero: posts big blind $2
*** HOLE CARDS ***
Dealt to Hero [3c Jd]
Dealt to 3126c928 
3126c928: folds
*** SHOWDOWN ***
Hero collected $3 from pot
*** SUMMARY ***
Total pot $3
Seat 2: Hero(big blind)won ($3)
Seat 3: 3126c928(small blind) folded before Flop



Poker Hand #ring_963157670: NLH No Limit ($1/$2) - 2025/06/29 21:56:13
Table 'MR NLH BOMBPOT 1/2' 7-max Seat #2 is the button
Seat 2: Hero ($101 in chips)
Seat 3: 3126c928 ($167.51 in chips)
Hero: posts small blind $1
3126c928: posts big blind $2
*** HOLE CARDS ***
Dealt to Hero [Ad 6s]
Dealt to 3126c928 
Hero: raises $3 to $5
3126c928: calls $3
*** FLOP *** [2c 3d 6h]
3126c928: checks
Hero: bets $5
3126c928: raises $10 to $15
Hero: calls $10
*** TURN *** [2c 3d 6h] [Js]
3126c928: checks
Hero: checks
*** RIVER *** [2c 3d 6h Js] [8c]
3126c928: bets $32
Hero: calls $32
Hero: shows [Ad 6s]
3126c928: shows [9s 7s]
*** SHOWDOWN ***
Hero collected $104 from pot
*** SUMMARY ***
Total pot $104
Board [2c 3d 6h Js 8c]
Seat 2: Hero(small blind) showed [Ad 6s] and won ($104) with Pair of Sixes
Seat 3: 3126c928(big blind) showed [9s 7s] and lost with Jack-High



Poker Hand #ring_962595437: NLH No Limit ($1/$2) - 2025/06/29 21:56:01
Table 'MR NLH BOMBPOT 1/2' 7-max Seat #3 is the button
Seat 2: Hero ($100 in chips)
Seat 3: 3126c928 ($168.51 in chips)
3126c928: posts small blind $1
Hero: posts big blind $2
*** HOLE CARDS ***
Dealt to Hero [6h Tc]
Dealt to 3126c928 
3126c928: folds
*** SHOWDOWN ***
Hero collected $3 from pot
*** SUMMARY ***
Total pot $3
Seat 2: Hero(big blind)won ($3)
Seat 3: 3126c928(small blind) folded before Flop



