Poker Hand #ring_914505950: NLH No Limit ($1/$2) - 2025/06/03 14:07:08
Table 'MR NLH BOMBPOT 1/2' 7-max Seat #2 is the button
Seat 3: 3a14aa01 ($136.24 in chips)
Seat 2: Hero ($253.57 in chips)
Seat 4: f776a708 ($313.99 in chips)
3a14aa01: posts small blind $1
f776a708: posts big blind $2
*** HOLE CARDS ***
Dealt to 3a14aa01 
Dealt to Hero [6d 2h]
Dealt to f776a708 
Hero: folds
3a14aa01: folds
*** SHOWDOWN ***
f776a708 collected $3 from pot
*** SUMMARY ***
Total pot $3
Seat 3: 3a14aa01(small blind) folded before Flop
Seat 2: Hero folded before Flop (didn't bet)
Seat 4: f776a708(big blind)won ($3)



Poker Hand #ring_914505717: NLH No Limit ($1/$2) - 2025/06/03 14:06:56
Table 'MR NLH BOMBPOT 1/2' 7-max Seat #4 is the button
Seat 3: 3a14aa01 ($135.24 in chips)
Seat 2: Hero ($254.57 in chips)
Seat 4: f776a708 ($313.99 in chips)
Hero: posts small blind $1
3a14aa01: posts big blind $2
*** HOLE CARDS ***
Dealt to 3a14aa01 
Dealt to Hero [3c 5s]
Dealt to f776a708 
f776a708: folds
Hero: folds
*** SHOWDOWN ***
3a14aa01 collected $3 from pot
*** SUMMARY ***
Total pot $3
Seat 3: 3a14aa01(big blind)won ($3)
Seat 2: Hero(small blind) folded before Flop
Seat 4: f776a708 folded before Flop (didn't bet)



Poker Hand #ring_914505060: NLH No Limit ($1/$2) - 2025/06/03 14:06:18
Table 'MR NLH BOMBPOT 1/2' 7-max Seat #3 is the button
Seat 3: 3a14aa01 ($127.91 in chips)
Seat 2: Hero ($261.57 in chips)
Seat 4: f776a708 ($314.99 in chips)
f776a708: posts small blind $1
Hero: posts big blind $2
*** HOLE CARDS ***
Dealt to 3a14aa01 
Dealt to Hero [Kh Th]
Dealt to f776a708 
3a14aa01: raises $5 to $7
f776a708: folds
Hero: calls $5
*** FLOP *** [Ad 8c 5c]
Hero: checks
3a14aa01: checks
*** TURN *** [Ad 8c 5c] [7d]
Hero: checks
3a14aa01: bets $11.25
Hero: folds
Uncalled bet ($11.25) returned to 3a14aa01
*** SHOWDOWN ***
3a14aa01 collected $15 from pot
*** SUMMARY ***
Total pot $15
Board [Ad 8c 5c 7d]
Seat 3: 3a14aa01won ($15) with Nines-High Straight
Seat 2: Hero(big blind) folded on the Turn
Seat 4: f776a708(small blind) folded before Flop



Poker Hand #ring_914504575: NLH No Limit ($1/$2) - 2025/06/03 14:05:51
Table 'MR NLH BOMBPOT 1/2' 7-max Seat #2 is the button
Seat 3: 3a14aa01 ($128.91 in chips)
Seat 2: Hero ($255.15 in chips)
Seat 4: f776a708 ($320.99 in chips)
3a14aa01: posts small blind $1
f776a708: posts big blind $2
*** HOLE CARDS ***
Dealt to 3a14aa01 
Dealt to Hero [As Ks]
Dealt to f776a708 
Hero: raises $4 to $6
3a14aa01: folds
f776a708: calls $4
*** FLOP *** [7c Ad 5h]
f776a708: checks
Hero: checks
*** TURN *** [7c Ad 5h] [3h]
f776a708: checks
Hero: bets $10.4
f776a708: folds
Uncalled bet ($10.4) returned to Hero
*** SHOWDOWN ***
Hero collected $13 from pot
*** SUMMARY ***
Total pot $13
Board [7c Ad 5h 3h]
Seat 3: 3a14aa01(small blind) folded before Flop
Seat 2: Herowon ($13) with Pair of Aces
Seat 4: f776a708(big blind) folded on the Turn



Poker Hand #ring_914504369: NLH No Limit ($1/$2) - 2025/06/03 14:05:40
Table 'MR NLH BOMBPOT 1/2' 7-max Seat #4 is the button
Seat 3: 3a14aa01 ($127.91 in chips)
Seat 2: Hero ($256.15 in chips)
Seat 4: f776a708 ($320.99 in chips)
Hero: posts small blind $1
3a14aa01: posts big blind $2
*** HOLE CARDS ***
Dealt to 3a14aa01 
Dealt to Hero [Jd 3c]
Dealt to f776a708 
f776a708: folds
Hero: folds
*** SHOWDOWN ***
3a14aa01 collected $3 from pot
*** SUMMARY ***
Total pot $3
Seat 3: 3a14aa01(big blind)won ($3)
Seat 2: Hero(small blind) folded before Flop
Seat 4: f776a708 folded before Flop (didn't bet)



Poker Hand #ring_914503856: NLH No Limit ($1/$2) - 2025/06/03 14:05:10
Table 'MR NLH BOMBPOT 1/2' 7-max Seat #3 is the button
Seat 3: 3a14aa01 ($137.91 in chips)
Seat 2: Hero ($285.95 in chips)
Seat 4: f776a708 ($284.32 in chips)
f776a708: posts the ante $10
Hero: posts the ante $10
3a14aa01: posts the ante $10
*** HOLE CARDS ***
Dealt to 3a14aa01 
Dealt to Hero [Jc 4h]
Dealt to f776a708 
*** FLOP *** [Kc 9d 7s]
f776a708: checks
Hero: checks
3a14aa01: checks
*** TURN *** [Kc 9d 7s] [Js]
f776a708: bets $19.8
Hero: calls $19.8
3a14aa01: folds
*** RIVER *** [Kc 9d 7s Js] [3s]
f776a708: checks
Hero: checks
Hero: shows [Jc 4h]
f776a708: shows [7h Ks]
*** SHOWDOWN ***
f776a708 collected $69.6 from pot
*** SUMMARY ***
Total pot $69.6
Board [Kc 9d 7s Js 3s]
Seat 3: 3a14aa01 folded on the Turn
Seat 2: Hero(big blind) showed [Jc 4h] and lost with Pair of Jacks
Seat 4: f776a708(small blind) showed [7h Ks] and won ($69.6) with Pair of Kings and Pair of Sevens



Poker Hand #ring_914503601: NLH No Limit ($1/$2) - 2025/06/03 14:04:56
Table 'MR NLH BOMBPOT 1/2' 7-max Seat #2 is the button
Seat 3: 3a14aa01 ($138.91 in chips)
Seat 2: Hero ($282.95 in chips)
Seat 4: f776a708 ($286.32 in chips)
3a14aa01: posts small blind $1
f776a708: posts big blind $2
*** HOLE CARDS ***
Dealt to 3a14aa01 
Dealt to Hero [7c Jc]
Dealt to f776a708 
Hero: raises $4 to $6
3a14aa01: folds
f776a708: folds
Uncalled bet ($4) returned to Hero
*** SHOWDOWN ***
Hero collected $5 from pot
*** SUMMARY ***
Total pot $5
Seat 3: 3a14aa01(small blind) folded before Flop
Seat 2: Herowon ($5)
Seat 4: f776a708(big blind) folded before Flop



Poker Hand #ring_914502863: NLH No Limit ($1/$2) - 2025/06/03 14:04:13
Table 'MR NLH BOMBPOT 1/2' 7-max Seat #4 is the button
Seat 3: 3a14aa01 ($133.45 in chips)
Seat 2: Hero ($288.95 in chips)
Seat 4: f776a708 ($286.32 in chips)
Hero: posts small blind $1
3a14aa01: posts big blind $2
*** HOLE CARDS ***
Dealt to 3a14aa01 
Dealt to Hero [9s 8d]
Dealt to f776a708 
f776a708: folds
Hero: calls $1
3a14aa01: checks
*** FLOP *** [5h 6h 3h]
Hero: checks
3a14aa01: checks
*** TURN *** [5h 6h 3h] [8c]
Hero: checks
3a14aa01: checks
*** RIVER *** [5h 6h 3h 8c] [4d]
Hero: checks
3a14aa01: bets $4
Hero: calls $4
Hero: shows [9s 8d]
3a14aa01: shows [7s 5s]
*** SHOWDOWN ***
3a14aa01 collected $12 from pot
*** SUMMARY ***
Total pot $12
Board [5h 6h 3h 8c 4d]
Seat 3: 3a14aa01(big blind) showed [7s 5s] and won ($12) with Eights-High Straight
Seat 2: Hero(small blind) showed [9s 8d] and lost with Pair of Eights
Seat 4: f776a708 folded before Flop (didn't bet)



Poker Hand #ring_914502208: NLH No Limit ($1/$2) - 2025/06/03 14:03:35
Table 'MR NLH BOMBPOT 1/2' 7-max Seat #3 is the button
Seat 3: 3a14aa01 ($133.45 in chips)
Seat 2: Hero ($283.49 in chips)
Seat 4: f776a708 ($292.32 in chips)
f776a708: posts small blind $1
Hero: posts big blind $2
*** HOLE CARDS ***
Dealt to 3a14aa01 
Dealt to Hero [7c Qs]
Dealt to f776a708 
3a14aa01: folds
f776a708: raises $4 to $6
Hero: calls $4
*** FLOP *** [8s 4c 5c]
f776a708: checks
Hero: checks
*** TURN *** [8s 4c 5c] [3s]
f776a708: checks
Hero: checks
*** RIVER *** [8s 4c 5c 3s] [7d]
f776a708: checks
Hero: checks
Hero: shows [7c Qs]
f776a708: shows [Td Ac]
*** SHOWDOWN ***
Hero collected $12 from pot
*** SUMMARY ***
Total pot $12
Board [8s 4c 5c 3s 7d]
Seat 3: 3a14aa01 folded before Flop (didn't bet)
Seat 2: Hero(big blind) showed [7c Qs] and won ($12) with Pair of Sevens
Seat 4: f776a708(small blind) showed [Td Ac] and lost with Ace-High



Poker Hand #ring_914501283: NLH No Limit ($1/$2) - 2025/06/03 14:02:41
Table 'MR NLH BOMBPOT 1/2' 7-max Seat #2 is the button
Seat 3: 3a14aa01 ($170.95 in chips)
Seat 2: Hero ($283.49 in chips)
Seat 4: f776a708 ($258.19 in chips)
3a14aa01: posts small blind $1
f776a708: posts big blind $2
*** HOLE CARDS ***
Dealt to 3a14aa01 
Dealt to Hero [2d 5d]
Dealt to f776a708 
Hero: folds
3a14aa01: raises $4 to $6
f776a708: calls $4
*** FLOP *** [2s Jh Ts]
3a14aa01: bets $9
f776a708: calls $9
*** TURN *** [2s Jh Ts] [2c]
3a14aa01: bets $22.5
f776a708: raises $37.5 to $60
3a14aa01: folds
Uncalled bet ($37.5) returned to f776a708
*** SHOWDOWN ***
f776a708 collected $75 from pot
*** SUMMARY ***
Total pot $75
Board [2s Jh Ts 2c]
Seat 3: 3a14aa01(small blind) folded on the Turn
Seat 2: Hero folded before Flop (didn't bet)
Seat 4: f776a708(big blind)won ($75) with Pair of Jacks and Pair of Twos



Poker Hand #ring_914500964: NLH No Limit ($1/$2) - 2025/06/03 14:02:24
Table 'MR NLH BOMBPOT 1/2' 7-max Seat #4 is the button
Seat 3: 3a14aa01 ($172.95 in chips)
Seat 2: Hero ($284.49 in chips)
Seat 4: f776a708 ($255.19 in chips)
Hero: posts small blind $1
3a14aa01: posts big blind $2
*** HOLE CARDS ***
Dealt to 3a14aa01 
Dealt to Hero [As 2c]
Dealt to f776a708 
f776a708: raises $4 to $6
Hero: folds
3a14aa01: folds
Uncalled bet ($4) returned to f776a708
*** SHOWDOWN ***
f776a708 collected $5 from pot
*** SUMMARY ***
Total pot $5
Seat 3: 3a14aa01(big blind) folded before Flop
Seat 2: Hero(small blind) folded before Flop
Seat 4: f776a708won ($5)



Poker Hand #ring_914500628: NLH No Limit ($1/$2) - 2025/06/03 14:02:06
Table 'MR NLH BOMBPOT 1/2' 7-max Seat #3 is the button
Seat 3: 3a14aa01 ($172.95 in chips)
Seat 2: Hero ($283.49 in chips)
Seat 4: f776a708 ($256.19 in chips)
f776a708: posts small blind $1
Hero: posts big blind $2
*** HOLE CARDS ***
Dealt to 3a14aa01 
Dealt to Hero [4h Ac]
Dealt to f776a708 
3a14aa01: folds
f776a708: folds
*** SHOWDOWN ***
Hero collected $3 from pot
*** SUMMARY ***
Total pot $3
Seat 3: 3a14aa01 folded before Flop (didn't bet)
Seat 2: Hero(big blind)won ($3)
Seat 4: f776a708(small blind) folded before Flop



Poker Hand #ring_914499863: NLH No Limit ($1/$2) - 2025/06/03 14:01:22
Table 'MR NLH BOMBPOT 1/2' 7-max Seat #2 is the button
Seat 3: 3a14aa01 ($190.95 in chips)
Seat 2: Hero ($283.49 in chips)
Seat 4: f776a708 ($239.81 in chips)
3a14aa01: posts small blind $1
f776a708: posts big blind $2
*** HOLE CARDS ***
Dealt to 3a14aa01 
Dealt to Hero [Qh 4d]
Dealt to f776a708 
Hero: folds
3a14aa01: raises $4 to $6
f776a708: raises $12 to $18
3a14aa01: calls $12
*** FLOP *** [2s 5d 8d]
3a14aa01: checks
f776a708: bets $27
3a14aa01: folds
Uncalled bet ($27) returned to f776a708
*** SHOWDOWN ***
f776a708 collected $36 from pot
*** SUMMARY ***
Total pot $36
Board [2s 5d 8d]
Seat 3: 3a14aa01(small blind) folded on the Flop
Seat 2: Hero folded before Flop (didn't bet)
Seat 4: f776a708(big blind)won ($36) with Pair of Nines



Poker Hand #ring_914499258: NLH No Limit ($1/$2) - 2025/06/03 14:00:49
Table 'MR NLH BOMBPOT 1/2' 7-max Seat #4 is the button
Seat 3: 3a14aa01 ($196.95 in chips)
Seat 2: Hero ($284.49 in chips)
Seat 4: f776a708 ($233.39 in chips)
Hero: posts small blind $1
3a14aa01: posts big blind $2
*** HOLE CARDS ***
Dealt to 3a14aa01 
Dealt to Hero [6c 9d]
Dealt to f776a708 
f776a708: raises $4 to $6
Hero: folds
3a14aa01: calls $4
*** FLOP *** [2s 5h Qc]
3a14aa01: checks
f776a708: bets $9.75
3a14aa01: folds
Uncalled bet ($9.75) returned to f776a708
*** SHOWDOWN ***
f776a708 collected $13 from pot
*** SUMMARY ***
Total pot $13
Board [2s 5h Qc]
Seat 3: 3a14aa01(big blind) folded on the Flop
Seat 2: Hero(small blind) folded before Flop
Seat 4: f776a708won ($13) with Pair of Queens



Poker Hand #ring_914498924: NLH No Limit ($1/$2) - 2025/06/03 14:00:31
Table 'MR NLH BOMBPOT 1/2' 7-max Seat #3 is the button
Seat 3: 3a14aa01 ($196.95 in chips)
Seat 2: Hero ($286.49 in chips)
Seat 4: f776a708 ($231.39 in chips)
f776a708: posts small blind $1
Hero: posts big blind $2
*** HOLE CARDS ***
Dealt to 3a14aa01 
Dealt to Hero [9h 4s]
Dealt to f776a708 
3a14aa01: folds
f776a708: raises $4 to $6
Hero: folds
Uncalled bet ($4) returned to f776a708
*** SHOWDOWN ***
f776a708 collected $4 from pot
*** SUMMARY ***
Total pot $4
Seat 3: 3a14aa01 folded before Flop (didn't bet)
Seat 2: Hero(big blind) folded before Flop
Seat 4: f776a708(small blind)won ($4)



Poker Hand #ring_914498373: NLH No Limit ($1/$2) - 2025/06/03 13:59:58
Table 'MR NLH BOMBPOT 1/2' 7-max Seat #2 is the button
Seat 3: 3a14aa01 ($206.95 in chips)
Seat 2: Hero ($254.19 in chips)
Seat 4: f776a708 ($256.39 in chips)
3a14aa01: posts the ante $10
f776a708: posts the ante $10
Hero: posts the ante $10
*** HOLE CARDS ***
Dealt to 3a14aa01 
Dealt to Hero [Td Th]
Dealt to f776a708 
*** FLOP *** [9d Jh Tc]
3a14aa01: checks
f776a708: checks
Hero: bets $15
3a14aa01: folds
f776a708: calls $15
*** TURN *** [9d Jh Tc] [6h]
f776a708: checks
Hero: bets $48
f776a708: folds
Uncalled bet ($48) returned to Hero
*** SHOWDOWN ***
Hero collected $60 from pot
*** SUMMARY ***
Total pot $60
Board [9d Jh Tc 6h]
Seat 3: 3a14aa01(small blind) folded on the Flop
Seat 2: Herowon ($60) with Three Tens
Seat 4: f776a708(big blind) folded on the Turn



Poker Hand #ring_914498002: NLH No Limit ($1/$2) - 2025/06/03 13:59:37
Table 'MR NLH BOMBPOT 1/2' 7-max Seat #4 is the button
Seat 3: 3a14aa01 ($208.95 in chips)
Seat 2: Hero ($252.19 in chips)
Seat 4: f776a708 ($256.39 in chips)
Hero: posts small blind $1
3a14aa01: posts big blind $2
*** HOLE CARDS ***
Dealt to 3a14aa01 
Dealt to Hero [Kh 8c]
Dealt to f776a708 
f776a708: folds
Hero: raises $4 to $6
3a14aa01: folds
Uncalled bet ($4) returned to Hero
*** SHOWDOWN ***
Hero collected $4 from pot
*** SUMMARY ***
Total pot $4
Seat 3: 3a14aa01(big blind) folded before Flop
Seat 2: Hero(small blind)won ($4)
Seat 4: f776a708 folded before Flop (didn't bet)



Poker Hand #ring_914497750: NLH No Limit ($1/$2) - 2025/06/03 13:59:23
Table 'MR NLH BOMBPOT 1/2' 7-max Seat #3 is the button
Seat 3: 3a14aa01 ($208.95 in chips)
Seat 2: Hero ($251.19 in chips)
Seat 4: f776a708 ($257.39 in chips)
f776a708: posts small blind $1
Hero: posts big blind $2
*** HOLE CARDS ***
Dealt to 3a14aa01 
Dealt to Hero [8c 9s]
Dealt to f776a708 
3a14aa01: folds
f776a708: folds
*** SHOWDOWN ***
Hero collected $3 from pot
*** SUMMARY ***
Total pot $3
Seat 3: 3a14aa01 folded before Flop (didn't bet)
Seat 2: Hero(big blind)won ($3)
Seat 4: f776a708(small blind) folded before Flop



Poker Hand #ring_914497478: NLH No Limit ($1/$2) - 2025/06/03 13:59:08
Table 'MR NLH BOMBPOT 1/2' 7-max Seat #2 is the button
Seat 3: 3a14aa01 ($209.95 in chips)
Seat 2: Hero ($251.19 in chips)
Seat 4: f776a708 ($256.39 in chips)
3a14aa01: posts small blind $1
f776a708: posts big blind $2
*** HOLE CARDS ***
Dealt to 3a14aa01 
Dealt to Hero [5c Ts]
Dealt to f776a708 
Hero: folds
3a14aa01: folds
*** SHOWDOWN ***
f776a708 collected $3 from pot
*** SUMMARY ***
Total pot $3
Seat 3: 3a14aa01(small blind) folded before Flop
Seat 2: Hero folded before Flop (didn't bet)
Seat 4: f776a708(big blind)won ($3)



Poker Hand #ring_914497139: NLH No Limit ($1/$2) - 2025/06/03 13:58:48
Table 'MR NLH BOMBPOT 1/2' 7-max Seat #4 is the button
Seat 3: 3a14aa01 ($211.95 in chips)
Seat 2: Hero ($252.19 in chips)
Seat 4: f776a708 ($253.39 in chips)
Hero: posts small blind $1
3a14aa01: posts big blind $2
*** HOLE CARDS ***
Dealt to 3a14aa01 
Dealt to Hero [3c 6d]
Dealt to f776a708 
f776a708: raises $3 to $5
Hero: folds
3a14aa01: folds
Uncalled bet ($3) returned to f776a708
*** SHOWDOWN ***
f776a708 collected $5 from pot
*** SUMMARY ***
Total pot $5
Seat 3: 3a14aa01(big blind) folded before Flop
Seat 2: Hero(small blind) folded before Flop
Seat 4: f776a708won ($5)



Poker Hand #ring_914496519: NLH No Limit ($1/$2) - 2025/06/03 13:58:11
Table 'MR NLH BOMBPOT 1/2' 7-max Seat #3 is the button
Seat 3: 3a14aa01 ($226.45 in chips)
Seat 2: Hero ($238.04 in chips)
Seat 4: f776a708 ($254.39 in chips)
f776a708: posts small blind $1
Hero: posts big blind $2
*** HOLE CARDS ***
Dealt to 3a14aa01 
Dealt to Hero [Kd 9c]
Dealt to f776a708 
3a14aa01: raises $5 to $7
f776a708: folds
Hero: calls $5
*** FLOP *** [4c Kc As]
Hero: checks
3a14aa01: bets $7.5
Hero: calls $7.5
*** TURN *** [4c Kc As] [2c]
Hero: checks
3a14aa01: checks
*** RIVER *** [4c Kc As 2c] [Ad]
Hero: checks
3a14aa01: checks
Hero: shows [Kd 9c]
3a14aa01: shows [7d 7s]
*** SHOWDOWN ***
Hero collected $30 from pot
*** SUMMARY ***
Total pot $30
Board [4c Kc As 2c Ad]
Seat 3: 3a14aa01 showed [7d 7s] and lost with Pair of Aces and Pair of Sevens
Seat 2: Hero(big blind) showed [Kd 9c] and won ($30) with Pair of Aces and Pair of Kings
Seat 4: f776a708(small blind) folded before Flop



Poker Hand #ring_914496268: NLH No Limit ($1/$2) - 2025/06/03 13:57:57
Table 'MR NLH BOMBPOT 1/2' 7-max Seat #2 is the button
Seat 3: 3a14aa01 ($227.45 in chips)
Seat 2: Hero ($238.04 in chips)
Seat 4: f776a708 ($253.39 in chips)
3a14aa01: posts small blind $1
f776a708: posts big blind $2
*** HOLE CARDS ***
Dealt to 3a14aa01 
Dealt to Hero [Td 5c]
Dealt to f776a708 
Hero: folds
3a14aa01: folds
*** SHOWDOWN ***
f776a708 collected $3 from pot
*** SUMMARY ***
Total pot $3
Seat 3: 3a14aa01(small blind) folded before Flop
Seat 2: Hero folded before Flop (didn't bet)
Seat 4: f776a708(big blind)won ($3)



Poker Hand #ring_914495773: NLH No Limit ($1/$2) - 2025/06/03 13:57:29
Table 'MR NLH BOMBPOT 1/2' 7-max Seat #4 is the button
Seat 3: 3a14aa01 ($211.93 in chips)
Seat 2: Hero ($239.04 in chips)
Seat 4: f776a708 ($269.39 in chips)
Hero: posts small blind $1
3a14aa01: posts big blind $2
*** HOLE CARDS ***
Dealt to 3a14aa01 
Dealt to Hero [2c Td]
Dealt to f776a708 
f776a708: raises $3 to $5
Hero: folds
3a14aa01: raises $11 to $16
f776a708: calls $11
*** FLOP *** [4c As Qh]
3a14aa01: bets $24.75
f776a708: folds
Uncalled bet ($24.75) returned to 3a14aa01
*** SHOWDOWN ***
3a14aa01 collected $33 from pot
*** SUMMARY ***
Total pot $33
Board [4c As Qh]
Seat 3: 3a14aa01(big blind)won ($33) with Ace-High
Seat 2: Hero(small blind) folded before Flop
Seat 4: f776a708 folded on the Flop



Poker Hand #ring_914495480: NLH No Limit ($1/$2) - 2025/06/03 13:57:11
Table 'MR NLH BOMBPOT 1/2' 7-max Seat #3 is the button
Seat 3: 3a14aa01 ($211.93 in chips)
Seat 2: Hero ($238.04 in chips)
Seat 4: f776a708 ($270.39 in chips)
f776a708: posts small blind $1
Hero: posts big blind $2
*** HOLE CARDS ***
Dealt to 3a14aa01 
Dealt to Hero [Qs 2s]
Dealt to f776a708 
3a14aa01: folds
f776a708: folds
*** SHOWDOWN ***
Hero collected $3 from pot
*** SUMMARY ***
Total pot $3
Seat 3: 3a14aa01 folded before Flop (didn't bet)
Seat 2: Hero(big blind)won ($3)
Seat 4: f776a708(small blind) folded before Flop



Poker Hand #ring_914494873: NLH No Limit ($1/$2) - 2025/06/03 13:56:36
Table 'MR NLH BOMBPOT 1/2' 7-max Seat #2 is the button
Seat 3: 3a14aa01 ($219.93 in chips)
Seat 2: Hero ($238.04 in chips)
Seat 4: f776a708 ($263.11 in chips)
3a14aa01: posts small blind $1
f776a708: posts big blind $2
*** HOLE CARDS ***
Dealt to 3a14aa01 
Dealt to Hero [4d Kc]
Dealt to f776a708 
Hero: folds
3a14aa01: calls $1
f776a708: raises $6 to $8
3a14aa01: calls $6
*** FLOP *** [3s 2c 6d]
3a14aa01: checks
f776a708: checks
*** TURN *** [3s 2c 6d] [Js]
3a14aa01: checks
f776a708: bets $12
3a14aa01: folds
Uncalled bet ($12) returned to f776a708
*** SHOWDOWN ***
f776a708 collected $16 from pot
*** SUMMARY ***
Total pot $16
Board [3s 2c 6d Js]
Seat 3: 3a14aa01(small blind) folded on the Turn
Seat 2: Hero folded before Flop (didn't bet)
Seat 4: f776a708(big blind)won ($16) with Pair of Jacks



Poker Hand #ring_914494549: NLH No Limit ($1/$2) - 2025/06/03 13:56:18
Table 'MR NLH BOMBPOT 1/2' 7-max Seat #4 is the button
Seat 3: 3a14aa01 ($229.93 in chips)
Seat 2: Hero ($219.39 in chips)
Seat 4: f776a708 ($273.11 in chips)
Hero: posts the ante $10
3a14aa01: posts the ante $10
f776a708: posts the ante $10
*** HOLE CARDS ***
Dealt to 3a14aa01 
Dealt to Hero [Jd 5d]
Dealt to f776a708 
*** FLOP *** [5h 4h Tc]
Hero: bets $15
3a14aa01: folds
f776a708: folds
Uncalled bet ($15) returned to Hero
*** SHOWDOWN ***
Hero collected $30 from pot
*** SUMMARY ***
Total pot $30
Board [5h 4h Tc]
Seat 3: 3a14aa01(big blind) folded on the Flop
Seat 2: Hero(small blind)won ($30) with Pair of Fives
Seat 4: f776a708 folded on the Flop



Poker Hand #ring_914493939: NLH No Limit ($1/$2) - 2025/06/03 13:55:42
Table 'MR NLH BOMBPOT 1/2' 7-max Seat #3 is the button
Seat 3: 3a14aa01 ($236.93 in chips)
Seat 2: Hero ($221.39 in chips)
Seat 4: f776a708 ($264.83 in chips)
f776a708: posts small blind $1
Hero: posts big blind $2
*** HOLE CARDS ***
Dealt to 3a14aa01 
Dealt to Hero [5s Jh]
Dealt to f776a708 
3a14aa01: raises $5 to $7
f776a708: calls $6
Hero: folds
*** FLOP *** [4h 4d 8h]
f776a708: checks
3a14aa01: checks
*** TURN *** [4h 4d 8h] [2h]
f776a708: bets $10.56
3a14aa01: folds
Uncalled bet ($10.56) returned to f776a708
*** SHOWDOWN ***
f776a708 collected $16 from pot
*** SUMMARY ***
Total pot $16
Board [4h 4d 8h 2h]
Seat 3: 3a14aa01 folded on the Turn
Seat 2: Hero(big blind) folded before Flop
Seat 4: f776a708(small blind)won ($16) with Pair of Sixes and Pair of Fours



Poker Hand #ring_914493178: NLH No Limit ($1/$2) - 2025/06/03 13:54:58
Table 'MR NLH BOMBPOT 1/2' 7-max Seat #2 is the button
Seat 3: 3a14aa01 ($237.93 in chips)
Seat 2: Hero ($247.39 in chips)
Seat 4: f776a708 ($240.21 in chips)
3a14aa01: posts small blind $1
f776a708: posts big blind $2
*** HOLE CARDS ***
Dealt to 3a14aa01 
Dealt to Hero [Kh 8h]
Dealt to f776a708 
Hero: raises $4 to $6
3a14aa01: folds
f776a708: calls $4
*** FLOP *** [5h 9s 6s]
f776a708: checks
Hero: bets $6.5
f776a708: raises $13.5 to $20
Hero: calls $13.5
*** TURN *** [5h 9s 6s] [9c]
f776a708: bets $34.98
Hero: folds
Uncalled bet ($34.98) returned to f776a708
*** SHOWDOWN ***
f776a708 collected $53 from pot
*** SUMMARY ***
Total pot $53
Board [5h 9s 6s 9c]
Seat 3: 3a14aa01(small blind) folded before Flop
Seat 2: Hero folded on the Turn
Seat 4: f776a708(big blind)won ($53) with Pair of Nines



Poker Hand #ring_914492402: NLH No Limit ($1/$2) - 2025/06/03 13:54:16
Table 'MR NLH BOMBPOT 1/2' 7-max Seat #4 is the button
Seat 3: 3a14aa01 ($297.69 in chips)
Seat 2: Hero ($193 in chips)
Seat 4: f776a708 ($240.21 in chips)
Hero: posts small blind $1
3a14aa01: posts big blind $2
*** HOLE CARDS ***
Dealt to 3a14aa01 
Dealt to Hero [As Qc]
Dealt to f776a708 
f776a708: folds
Hero: raises $4 to $6
3a14aa01: raises $12 to $18
Hero: calls $12
*** FLOP *** [5s 5d 2c]
Hero: checks
3a14aa01: bets $11.88
Hero: calls $11.88
*** TURN *** [5s 5d 2c] [3h]
Hero: checks
3a14aa01: bets $29.88
Hero: calls $29.88
*** RIVER *** [5s 5d 2c 3h] [Kh]
Hero: checks
3a14aa01: checks
Hero: shows [As Qc]
3a14aa01: shows [7c Ac]
*** SHOWDOWN ***
Hero collected $119.52 from pot
*** SUMMARY ***
Total pot $119.52
Board [5s 5d 2c 3h Kh]
Seat 3: 3a14aa01(big blind) showed [7c Ac] and lost with Pair of Fives
Seat 2: Hero(small blind) showed [As Qc] and won ($119.52) with Pair of Fives
Seat 4: f776a708 folded before Flop (didn't bet)



Poker Hand #ring_914492138: NLH No Limit ($1/$2) - 2025/06/03 13:54:00
Table 'MR NLH BOMBPOT 1/2' 7-max Seat #3 is the button
Seat 3: 3a14aa01 ($297.69 in chips)
Seat 2: Hero ($192 in chips)
Seat 4: f776a708 ($241.21 in chips)
f776a708: posts small blind $1
Hero: posts big blind $2
*** HOLE CARDS ***
Dealt to 3a14aa01 
Dealt to Hero [Ac Td]
Dealt to f776a708 
3a14aa01: folds
f776a708: folds
*** SHOWDOWN ***
Hero collected $3 from pot
*** SUMMARY ***
Total pot $3
Seat 3: 3a14aa01 folded before Flop (didn't bet)
Seat 2: Hero(big blind)won ($3)
Seat 4: f776a708(small blind) folded before Flop



Poker Hand #ring_914491809: NLH No Limit ($1/$2) - 2025/06/03 13:53:41
Table 'MR NLH BOMBPOT 1/2' 7-max Seat #2 is the button
Seat 3: 3a14aa01 ($298.69 in chips)
Seat 5: ce15d343 ($201.73 in chips)
Seat 2: Hero ($192 in chips)
Seat 4: f776a708 ($240.21 in chips)
3a14aa01: posts small blind $1
f776a708: posts big blind $2
*** HOLE CARDS ***
Dealt to 3a14aa01 
Dealt to ce15d343 
Dealt to Hero [5d Kh]
Dealt to f776a708 
ce15d343: folds
Hero: folds
3a14aa01: folds
*** SHOWDOWN ***
f776a708 collected $3 from pot
*** SUMMARY ***
Total pot $3
Seat 3: 3a14aa01(small blind) folded before Flop
Seat 5: ce15d343 folded before Flop (didn't bet)
Seat 2: Hero folded before Flop (didn't bet)
Seat 4: f776a708(big blind)won ($3)



Poker Hand #ring_914490938: NLH No Limit ($1/$2) - 2025/06/03 13:52:52
Table 'MR NLH BOMBPOT 1/2' 7-max Seat #5 is the button
Seat 3: 3a14aa01 ($325.17 in chips)
Seat 5: ce15d343 ($201.73 in chips)
Seat 2: Hero ($193 in chips)
Seat 4: f776a708 ($215.65 in chips)
Hero: posts small blind $1
3a14aa01: posts big blind $2
*** HOLE CARDS ***
Dealt to 3a14aa01 
Dealt to ce15d343 
Dealt to Hero [5c Ts]
Dealt to f776a708 
f776a708: raises $4 to $6
ce15d343: folds
Hero: folds
3a14aa01: calls $4
*** FLOP *** [Kh 6s 2c]
3a14aa01: checks
f776a708: bets $4.29
3a14aa01: calls $4.29
*** TURN *** [Kh 6s 2c] [2s]
3a14aa01: checks
f776a708: checks
*** RIVER *** [Kh 6s 2c 2s] [8s]
3a14aa01: bets $16.19
f776a708: raises $26.98 to $43.17
3a14aa01: folds
Uncalled bet ($26.98) returned to f776a708
*** SHOWDOWN ***
f776a708 collected $53.96 from pot
*** SUMMARY ***
Total pot $53.96
Board [Kh 6s 2c 2s 8s]
Seat 3: 3a14aa01(big blind) folded on the River
Seat 5: ce15d343 folded before Flop (didn't bet)
Seat 2: Hero(small blind) folded before Flop
Seat 4: f776a708won ($53.96) with Pair of Twos



Poker Hand #ring_914490708: NLH No Limit ($1/$2) - 2025/06/03 13:52:38
Table 'MR NLH BOMBPOT 1/2' 7-max Seat #4 is the button
Seat 3: 3a14aa01 ($325.17 in chips)
Seat 5: ce15d343 ($202.73 in chips)
Seat 2: Hero ($192 in chips)
Seat 4: f776a708 ($215.65 in chips)
ce15d343: posts small blind $1
Hero: posts big blind $2
*** HOLE CARDS ***
Dealt to 3a14aa01 
Dealt to ce15d343 
Dealt to Hero [6s 9c]
Dealt to f776a708 
3a14aa01: folds
f776a708: folds
ce15d343: folds
*** SHOWDOWN ***
Hero collected $3 from pot
*** SUMMARY ***
Total pot $3
Seat 3: 3a14aa01 folded before Flop (didn't bet)
Seat 5: ce15d343(small blind) folded before Flop
Seat 2: Hero(big blind)won ($3)
Seat 4: f776a708 folded before Flop (didn't bet)



