Poker Hand #ring_952160481: NLH No Limit ($2/$4) - 2025/06/23 17:54:40
Table 'MR NLH 2/4' 7-max Seat #1 is the button
Seat 1: d2353ec9 ($189.56 in chips)
Seat 7: 2ec1d5f1 ($342.35 in chips)
Seat 4: 1824c9 ($256.39 in chips)
Seat 5: Hero ($421.83 in chips)
Seat 6: 51d2fd1a ($1,277.14 in chips)
Seat 3: 9406eb94 ($898.15 in chips)
9406eb94: posts small blind $2
1824c9: posts big blind $4
*** HOLE CARDS ***
Dealt to d2353ec9 
Dealt to 2ec1d5f1 
Dealt to 1824c9 
Dealt to Hero [7h Ks]
Dealt to 51d2fd1a 
Dealt to 9406eb94 
Hero: folds
51d2fd1a: raises $6 to $10
2ec1d5f1: folds
d2353ec9: calls $10
9406eb94: folds
1824c9: calls $6
*** FLOP *** [Jd Jh 4c]
1824c9: checks
51d2fd1a: checks
d2353ec9: checks
*** TURN *** [Jd Jh 4c] [7d]
1824c9: checks
51d2fd1a: checks
d2353ec9: bets $24
1824c9: folds
51d2fd1a: folds
Uncalled bet ($24) returned to d2353ec9
*** SHOWDOWN ***
d2353ec9 collected $32 from pot
*** SUMMARY ***
Total pot $32
Board [Jd Jh 4c 7d]
Seat 1: d2353ec9won ($32) with Pair of Jacks
Seat 7: 2ec1d5f1 folded before Flop (didn't bet)
Seat 4: 1824c9(big blind) folded on the Turn
Seat 5: Hero folded before Flop (didn't bet)
Seat 6: 51d2fd1a folded on the Turn
Seat 3: 9406eb94(small blind) folded before Flop



Poker Hand #ring_952158855: NLH No Limit ($2/$4) - 2025/06/23 17:53:24
Table 'MR NLH 2/4' 7-max Seat #7 is the button
Seat 1: d2353ec9 ($191.56 in chips)
Seat 7: 2ec1d5f1 ($342.35 in chips)
Seat 4: 1824c9 ($256.39 in chips)
Seat 5: Hero ($383.97 in chips)
Seat 6: 51d2fd1a ($1,277.14 in chips)
Seat 3: 9406eb94 ($938.75 in chips)
d2353ec9: posts small blind $2
9406eb94: posts big blind $4
*** HOLE CARDS ***
Dealt to d2353ec9 
Dealt to 2ec1d5f1 
Dealt to 1824c9 
Dealt to Hero [As Ad]
Dealt to 51d2fd1a 
Dealt to 9406eb94 
1824c9: folds
Hero: raises $8 to $12
51d2fd1a: folds
2ec1d5f1: folds
d2353ec9: folds
9406eb94: calls $8
*** FLOP *** [4d 8d 3h]
9406eb94: checks
Hero: bets $7.8
9406eb94: calls $7.8
*** TURN *** [4d 8d 3h] [6s]
9406eb94: checks
Hero: bets $20.8
9406eb94: calls $20.8
*** RIVER *** [4d 8d 3h 6s] [5d]
9406eb94: checks
Hero: checks
9406eb94: shows [5h Th]
Hero: shows [As Ad]
*** SHOWDOWN ***
Hero collected $83.2 from pot
*** SUMMARY ***
Total pot $83.2
Board [4d 8d 3h 6s 5d]
Seat 1: d2353ec9(small blind) folded before Flop
Seat 7: 2ec1d5f1 folded before Flop (didn't bet)
Seat 4: 1824c9 folded before Flop (didn't bet)
Seat 5: Hero showed [As Ad] and won ($83.2) with Pair of Aces
Seat 6: 51d2fd1a folded before Flop (didn't bet)
Seat 3: 9406eb94(big blind) showed [5h Th] and lost with Pair of Fives



Poker Hand #ring_952158232: NLH No Limit ($2/$4) - 2025/06/23 17:52:56
Table 'MR NLH 2/4' 7-max Seat #6 is the button
Seat 1: d2353ec9 ($195.56 in chips)
Seat 7: 2ec1d5f1 ($344.35 in chips)
Seat 4: 1824c9 ($256.39 in chips)
Seat 5: Hero ($377.97 in chips)
Seat 6: 51d2fd1a ($1,277.14 in chips)
Seat 3: 9406eb94 ($938.75 in chips)
2ec1d5f1: posts small blind $2
d2353ec9: posts big blind $4
*** HOLE CARDS ***
Dealt to d2353ec9 
Dealt to 2ec1d5f1 
Dealt to 1824c9 
Dealt to Hero [Tc As]
Dealt to 51d2fd1a 
Dealt to 9406eb94 
9406eb94: folds
1824c9: folds
Hero: raises $8 to $12
51d2fd1a: folds
2ec1d5f1: folds
d2353ec9: folds
Uncalled bet ($8) returned to Hero
*** SHOWDOWN ***
Hero collected $10 from pot
*** SUMMARY ***
Total pot $10
Seat 1: d2353ec9(big blind) folded before Flop
Seat 7: 2ec1d5f1(small blind) folded before Flop
Seat 4: 1824c9 folded before Flop (didn't bet)
Seat 5: Herowon ($10)
Seat 6: 51d2fd1a folded before Flop (didn't bet)
Seat 3: 9406eb94 folded before Flop (didn't bet)



Poker Hand #ring_952157552: NLH No Limit ($2/$4) - 2025/06/23 17:52:25
Table 'MR NLH 2/4' 7-max Seat #5 is the button
Seat 1: d2353ec9 ($195.56 in chips)
Seat 7: 2ec1d5f1 ($348.35 in chips)
Seat 4: 1824c9 ($241.65 in chips)
Seat 5: Hero ($377.97 in chips)
Seat 6: 51d2fd1a ($1,289.14 in chips)
Seat 3: 9406eb94 ($938.75 in chips)
51d2fd1a: posts small blind $2
2ec1d5f1: posts big blind $4
*** HOLE CARDS ***
Dealt to d2353ec9 
Dealt to 2ec1d5f1 
Dealt to 1824c9 
Dealt to Hero [5s Ts]
Dealt to 51d2fd1a 
Dealt to 9406eb94 
d2353ec9: folds
9406eb94: folds
1824c9: raises $8 to $12
Hero: folds
51d2fd1a: calls $10
2ec1d5f1: folds
*** FLOP *** [Ac Tc 6s]
51d2fd1a: checks
1824c9: bets $14
51d2fd1a: folds
Uncalled bet ($14) returned to 1824c9
*** SHOWDOWN ***
1824c9 collected $28 from pot
*** SUMMARY ***
Total pot $28
Board [Ac Tc 6s]
Seat 1: d2353ec9 folded before Flop (didn't bet)
Seat 7: 2ec1d5f1(big blind) folded before Flop
Seat 4: 1824c9won ($28) with Ace-High
Seat 5: Hero folded before Flop (didn't bet)
Seat 6: 51d2fd1a(small blind) folded on the Flop
Seat 3: 9406eb94 folded before Flop (didn't bet)



Poker Hand #ring_952156568: NLH No Limit ($2/$4) - 2025/06/23 17:51:39
Table 'MR NLH 2/4' 7-max Seat #4 is the button
Seat 1: d2353ec9 ($195.56 in chips)
Seat 7: 2ec1d5f1 ($348.35 in chips)
Seat 4: 1824c9 ($141.65 in chips)
Seat 5: Hero ($368.87 in chips)
Seat 6: 51d2fd1a ($1,299.14 in chips)
Seat 3: 9406eb94 ($938.75 in chips)
Hero: posts small blind $2
51d2fd1a: posts big blind $4
*** HOLE CARDS ***
Dealt to d2353ec9 
Dealt to 2ec1d5f1 
Dealt to 1824c9 
Dealt to Hero [9c 8s]
Dealt to 51d2fd1a 
Dealt to 9406eb94 
2ec1d5f1: folds
d2353ec9: folds
9406eb94: folds
1824c9: folds
Hero: raises $6 to $10
51d2fd1a: calls $6
*** FLOP *** [Kc Ts Qs]
Hero: checks
51d2fd1a: checks
*** TURN *** [Kc Ts Qs] [9s]
Hero: bets $10
51d2fd1a: folds
Uncalled bet ($10) returned to Hero
*** SHOWDOWN ***
Hero collected $20 from pot
*** SUMMARY ***
Total pot $20
Board [Kc Ts Qs 9s]
Seat 1: d2353ec9 folded before Flop (didn't bet)
Seat 7: 2ec1d5f1 folded before Flop (didn't bet)
Seat 4: 1824c9 folded before Flop (didn't bet)
Seat 5: Hero(small blind)won ($20) with Pair of Nines
Seat 6: 51d2fd1a(big blind) folded on the Turn
Seat 3: 9406eb94 folded before Flop (didn't bet)



Poker Hand #ring_952156027: NLH No Limit ($2/$4) - 2025/06/23 17:51:15
Table 'MR NLH 2/4' 7-max Seat #3 is the button
Seat 1: d2353ec9 ($189.56 in chips)
Seat 7: 2ec1d5f1 ($348.35 in chips)
Seat 4: 1824c9 ($143.65 in chips)
Seat 5: Hero ($372.87 in chips)
Seat 6: 51d2fd1a ($1,299.14 in chips)
Seat 3: 9406eb94 ($938.75 in chips)
1824c9: posts small blind $2
Hero: posts big blind $4
*** HOLE CARDS ***
Dealt to d2353ec9 
Dealt to 2ec1d5f1 
Dealt to 1824c9 
Dealt to Hero [2h 9d]
Dealt to 51d2fd1a 
Dealt to 9406eb94 
51d2fd1a: folds
2ec1d5f1: folds
d2353ec9: raises $8 to $12
9406eb94: folds
1824c9: folds
Hero: folds
Uncalled bet ($8) returned to d2353ec9
*** SHOWDOWN ***
d2353ec9 collected $10 from pot
*** SUMMARY ***
Total pot $10
Seat 1: d2353ec9won ($10)
Seat 7: 2ec1d5f1 folded before Flop (didn't bet)
Seat 4: 1824c9(small blind) folded before Flop
Seat 5: Hero(big blind) folded before Flop
Seat 6: 51d2fd1a folded before Flop (didn't bet)
Seat 3: 9406eb94 folded before Flop (didn't bet)



Poker Hand #ring_952154798: NLH No Limit ($2/$4) - 2025/06/23 17:50:18
Table 'MR NLH 2/4' 7-max Seat #1 is the button
Seat 1: d2353ec9 ($189.56 in chips)
Seat 7: 2ec1d5f1 ($348.35 in chips)
Seat 4: 1824c9 ($164.65 in chips)
Seat 5: Hero ($372.87 in chips)
Seat 6: 51d2fd1a ($1,279.12 in chips)
Seat 3: 9406eb94 ($940.75 in chips)
9406eb94: posts small blind $2
1824c9: posts big blind $4
*** HOLE CARDS ***
Dealt to d2353ec9 
Dealt to 2ec1d5f1 
Dealt to 1824c9 
Dealt to Hero [9h Qc]
Dealt to 51d2fd1a 
Dealt to 9406eb94 
Hero: folds
51d2fd1a: raises $6 to $10
2ec1d5f1: folds
d2353ec9: folds
9406eb94: folds
1824c9: calls $6
*** FLOP *** [8d Td 2h]
1824c9: checks
51d2fd1a: bets $11
1824c9: calls $11
*** TURN *** [8d Td 2h] [6d]
1824c9: checks
51d2fd1a: bets $36
1824c9: folds
Uncalled bet ($36) returned to 51d2fd1a
*** SHOWDOWN ***
51d2fd1a collected $44 from pot
*** SUMMARY ***
Total pot $44
Board [8d Td 2h 6d]
Seat 1: d2353ec9 folded before Flop (didn't bet)
Seat 7: 2ec1d5f1 folded before Flop (didn't bet)
Seat 4: 1824c9(big blind) folded on the Turn
Seat 5: Hero folded before Flop (didn't bet)
Seat 6: 51d2fd1awon ($44) with Ten High Flush
Seat 3: 9406eb94(small blind) folded before Flop



Poker Hand #ring_952153748: NLH No Limit ($2/$4) - 2025/06/23 17:49:29
Table 'MR NLH 2/4' 7-max Seat #7 is the button
Seat 1: d2353ec9 ($191.56 in chips)
Seat 7: 2ec1d5f1 ($282.07 in chips)
Seat 4: 1824c9 ($164.65 in chips)
Seat 5: Hero ($405.87 in chips)
Seat 6: 51d2fd1a ($1,312.12 in chips)
Seat 3: 9406eb94 ($944.75 in chips)
d2353ec9: posts small blind $2
9406eb94: posts big blind $4
*** HOLE CARDS ***
Dealt to d2353ec9 
Dealt to 2ec1d5f1 
Dealt to 1824c9 
Dealt to Hero [9c Qc]
Dealt to 51d2fd1a 
Dealt to 9406eb94 
1824c9: folds
Hero: raises $8 to $12
51d2fd1a: calls $12
2ec1d5f1: raises $21 to $33
d2353ec9: folds
9406eb94: folds
Hero: calls $21
51d2fd1a: calls $21
*** FLOP *** [6h Kd 4c]
Hero: checks
51d2fd1a: checks
2ec1d5f1: bets $52.5
Hero: folds
51d2fd1a: folds
Uncalled bet ($52.5) returned to 2ec1d5f1
*** SHOWDOWN ***
2ec1d5f1 collected $105 from pot
*** SUMMARY ***
Total pot $105
Board [6h Kd 4c]
Seat 1: d2353ec9(small blind) folded before Flop
Seat 7: 2ec1d5f1won ($105) with Ace-High
Seat 4: 1824c9 folded before Flop (didn't bet)
Seat 5: Hero folded on the Flop
Seat 6: 51d2fd1a folded on the Flop
Seat 3: 9406eb94(big blind) folded before Flop



Poker Hand #ring_952153328: NLH No Limit ($2/$4) - 2025/06/23 17:49:10
Table 'MR NLH 2/4' 7-max Seat #6 is the button
Seat 1: d2353ec9 ($189.56 in chips)
Seat 7: 2ec1d5f1 ($284.07 in chips)
Seat 4: 1824c9 ($164.65 in chips)
Seat 5: Hero ($405.87 in chips)
Seat 6: 51d2fd1a ($1,312.12 in chips)
Seat 3: 9406eb94 ($944.75 in chips)
2ec1d5f1: posts small blind $2
d2353ec9: posts big blind $4
*** HOLE CARDS ***
Dealt to d2353ec9 
Dealt to 2ec1d5f1 
Dealt to 1824c9 
Dealt to Hero [Qd 3c]
Dealt to 51d2fd1a 
Dealt to 9406eb94 
9406eb94: folds
1824c9: folds
Hero: folds
51d2fd1a: folds
2ec1d5f1: folds
*** SHOWDOWN ***
d2353ec9 collected $6 from pot
*** SUMMARY ***
Total pot $6
Seat 1: d2353ec9(big blind)won ($6)
Seat 7: 2ec1d5f1(small blind) folded before Flop
Seat 4: 1824c9 folded before Flop (didn't bet)
Seat 5: Hero folded before Flop (didn't bet)
Seat 6: 51d2fd1a folded before Flop (didn't bet)
Seat 3: 9406eb94 folded before Flop (didn't bet)



Poker Hand #ring_952151366: NLH No Limit ($2/$4) - 2025/06/23 17:47:40
Table 'MR NLH 2/4' 7-max Seat #5 is the button
Seat 2: 6e04251e ($542.87 in chips)
Seat 1: d2353ec9 ($189.56 in chips)
Seat 7: 2ec1d5f1 ($288.07 in chips)
Seat 4: 1824c9 ($180.65 in chips)
Seat 5: Hero ($405.87 in chips)
Seat 6: 51d2fd1a ($800 in chips)
Seat 3: 9406eb94 ($944.75 in chips)
51d2fd1a: posts small blind $2
2ec1d5f1: posts big blind $4
*** HOLE CARDS ***
Dealt to 6e04251e 
Dealt to d2353ec9 
Dealt to 2ec1d5f1 
Dealt to 1824c9 
Dealt to Hero [9s 5h]
Dealt to 51d2fd1a 
Dealt to 9406eb94 
d2353ec9: folds
6e04251e: raises $12 to $16
9406eb94: folds
1824c9: calls $16
Hero: folds
51d2fd1a: calls $14
2ec1d5f1: folds
*** FLOP *** [4c 5d Qs]
51d2fd1a: checks
6e04251e: checks
1824c9: checks
*** TURN *** [4c 5d Qs] [8h]
51d2fd1a: bets $26
6e04251e: calls $26
1824c9: folds
*** RIVER *** [4c 5d Qs 8h] [Th]
51d2fd1a: bets $152
6e04251e: raises $348.87 to $500.87 and is all-in
51d2fd1a: calls $348.87
6e04251e: shows [8c 8d]
51d2fd1a: shows [Ts Td]
*** SHOWDOWN ***
51d2fd1a collected $1,105.74 from pot
*** SUMMARY ***
Total pot $1,105.74
Board [4c 5d Qs 8h Th]
Seat 2: 6e04251e showed [8c 8d] and lost with Three Eights
Seat 1: d2353ec9 folded before Flop (didn't bet)
Seat 7: 2ec1d5f1(big blind) folded before Flop
Seat 4: 1824c9 folded on the Turn
Seat 5: Hero folded before Flop (didn't bet)
Seat 6: 51d2fd1a(small blind) showed [Ts Td] and won ($1,105.74) with Three Tens
Seat 3: 9406eb94 folded before Flop (didn't bet)



Poker Hand #ring_952150894: NLH No Limit ($2/$4) - 2025/06/23 17:47:20
Table 'MR NLH 2/4' 7-max Seat #4 is the button
Seat 2: 6e04251e ($542.87 in chips)
Seat 1: d2353ec9 ($189.56 in chips)
Seat 7: 2ec1d5f1 ($288.07 in chips)
Seat 4: 1824c9 ($180.65 in chips)
Seat 5: Hero ($407.87 in chips)
Seat 6: 51d2fd1a ($798 in chips)
Seat 3: 9406eb94 ($944.75 in chips)
Hero: posts small blind $2
51d2fd1a: posts big blind $4
*** HOLE CARDS ***
Dealt to 6e04251e 
Dealt to d2353ec9 
Dealt to 2ec1d5f1 
Dealt to 1824c9 
Dealt to Hero [3s Qc]
Dealt to 51d2fd1a 
Dealt to 9406eb94 
2ec1d5f1: folds
d2353ec9: folds
6e04251e: folds
9406eb94: folds
1824c9: folds
Hero: folds
*** SHOWDOWN ***
51d2fd1a collected $6 from pot
*** SUMMARY ***
Total pot $6
Seat 2: 6e04251e folded before Flop (didn't bet)
Seat 1: d2353ec9 folded before Flop (didn't bet)
Seat 7: 2ec1d5f1 folded before Flop (didn't bet)
Seat 4: 1824c9 folded before Flop (didn't bet)
Seat 5: Hero(small blind) folded before Flop
Seat 6: 51d2fd1a(big blind)won ($6)
Seat 3: 9406eb94 folded before Flop (didn't bet)



Poker Hand #ring_952149982: NLH No Limit ($2/$4) - 2025/06/23 17:46:39
Table 'MR NLH 2/4' 7-max Seat #3 is the button
Seat 2: 6e04251e ($542.87 in chips)
Seat 1: d2353ec9 ($189.56 in chips)
Seat 7: 2ec1d5f1 ($288.07 in chips)
Seat 4: 1824c9 ($182.65 in chips)
Seat 5: Hero ($411.87 in chips)
Seat 6: 51d2fd1a ($798 in chips)
Seat 3: 9406eb94 ($938.75 in chips)
1824c9: posts small blind $2
Hero: posts big blind $4
*** HOLE CARDS ***
Dealt to 6e04251e 
Dealt to d2353ec9 
Dealt to 2ec1d5f1 
Dealt to 1824c9 
Dealt to Hero [8s 3h]
Dealt to 51d2fd1a 
Dealt to 9406eb94 
51d2fd1a: folds
2ec1d5f1: folds
d2353ec9: folds
6e04251e: folds
9406eb94: raises $6 to $10
1824c9: folds
Hero: folds
Uncalled bet ($6) returned to 9406eb94
*** SHOWDOWN ***
9406eb94 collected $10 from pot
*** SUMMARY ***
Total pot $10
Seat 2: 6e04251e folded before Flop (didn't bet)
Seat 1: d2353ec9 folded before Flop (didn't bet)
Seat 7: 2ec1d5f1 folded before Flop (didn't bet)
Seat 4: 1824c9(small blind) folded before Flop
Seat 5: Hero(big blind) folded before Flop
Seat 6: 51d2fd1a folded before Flop (didn't bet)
Seat 3: 9406eb94won ($10)



Poker Hand #ring_952149344: NLH No Limit ($2/$4) - 2025/06/23 17:46:11
Table 'MR NLH 2/4' 7-max Seat #2 is the button
Seat 2: 6e04251e ($558.87 in chips)
Seat 1: d2353ec9 ($189.56 in chips)
Seat 7: 2ec1d5f1 ($288.07 in chips)
Seat 4: 1824c9 ($186.65 in chips)
Seat 5: Hero ($411.87 in chips)
Seat 6: 51d2fd1a ($798 in chips)
Seat 3: 9406eb94 ($918.75 in chips)
9406eb94: posts small blind $2
1824c9: posts big blind $4
*** HOLE CARDS ***
Dealt to 6e04251e 
Dealt to d2353ec9 
Dealt to 2ec1d5f1 
Dealt to 1824c9 
Dealt to Hero [5s Jd]
Dealt to 51d2fd1a 
Dealt to 9406eb94 
Hero: folds
51d2fd1a: folds
2ec1d5f1: folds
d2353ec9: folds
6e04251e: raises $12 to $16
9406eb94: raises $48 to $64
1824c9: folds
6e04251e: folds
Uncalled bet ($48) returned to 9406eb94
*** SHOWDOWN ***
9406eb94 collected $36 from pot
*** SUMMARY ***
Total pot $36
Seat 2: 6e04251e folded before Flop
Seat 1: d2353ec9 folded before Flop (didn't bet)
Seat 7: 2ec1d5f1 folded before Flop (didn't bet)
Seat 4: 1824c9(big blind) folded before Flop
Seat 5: Hero folded before Flop (didn't bet)
Seat 6: 51d2fd1a folded before Flop (didn't bet)
Seat 3: 9406eb94(small blind)won ($36)



Poker Hand #ring_952148131: NLH No Limit ($2/$4) - 2025/06/23 17:45:15
Table 'MR NLH 2/4' 7-max Seat #1 is the button
Seat 2: 6e04251e ($560.87 in chips)
Seat 1: d2353ec9 ($148.98 in chips)
Seat 7: 2ec1d5f1 ($288.07 in chips)
Seat 4: 1824c9 ($186.65 in chips)
Seat 5: Hero ($442.87 in chips)
Seat 6: 51d2fd1a ($798 in chips)
Seat 3: 9406eb94 ($930.75 in chips)
6e04251e: posts small blind $2
9406eb94: posts big blind $4
*** HOLE CARDS ***
Dealt to 6e04251e 
Dealt to d2353ec9 
Dealt to 2ec1d5f1 
Dealt to 1824c9 
Dealt to Hero [Kd Js]
Dealt to 51d2fd1a 
Dealt to 9406eb94 
1824c9: folds
Hero: raises $8 to $12
51d2fd1a: folds
2ec1d5f1: folds
d2353ec9: calls $12
6e04251e: folds
9406eb94: calls $8
*** FLOP *** [Ac 3s 7s]
9406eb94: checks
Hero: bets $19
d2353ec9: raises $117.98 to $136.98 and is all-in
9406eb94: folds
Hero: folds
Uncalled bet ($117.98) returned to d2353ec9
*** SHOWDOWN ***
d2353ec9 collected $76 from pot
*** SUMMARY ***
Total pot $76
Board [Ac 3s 7s]
Seat 2: 6e04251e(small blind) folded before Flop
Seat 1: d2353ec9won ($76) with Pair of Aces
Seat 7: 2ec1d5f1 folded before Flop (didn't bet)
Seat 4: 1824c9 folded before Flop (didn't bet)
Seat 5: Hero folded on the Flop
Seat 6: 51d2fd1a folded before Flop (didn't bet)
Seat 3: 9406eb94(big blind) folded on the Flop



Poker Hand #ring_952147280: NLH No Limit ($2/$4) - 2025/06/23 17:44:37
Table 'MR NLH 2/4' 7-max Seat #7 is the button
Seat 2: 6e04251e ($555.32 in chips)
Seat 1: d2353ec9 ($150.98 in chips)
Seat 7: 2ec1d5f1 ($292.07 in chips)
Seat 4: 1824c9 ($186.65 in chips)
Seat 5: Hero ($442.87 in chips)
Seat 6: 51d2fd1a ($798 in chips)
d2353ec9: posts small blind $2
6e04251e: posts big blind $4
*** HOLE CARDS ***
Dealt to 6e04251e 
Dealt to d2353ec9 
Dealt to 2ec1d5f1 
Dealt to 1824c9 
Dealt to Hero [Qs 9d]
Dealt to 51d2fd1a 
1824c9: folds
Hero: folds
51d2fd1a: folds
2ec1d5f1: calls $4
d2353ec9: folds
6e04251e: checks
*** FLOP *** [Jh 6s 4s]
6e04251e: checks
2ec1d5f1: checks
*** TURN *** [Jh 6s 4s] [8c]
6e04251e: checks
2ec1d5f1: checks
*** RIVER *** [Jh 6s 4s 8c] [8d]
6e04251e: bets $7
2ec1d5f1: folds
Uncalled bet ($7) returned to 6e04251e
*** SHOWDOWN ***
6e04251e collected $10 from pot
*** SUMMARY ***
Total pot $10
Board [Jh 6s 4s 8c 8d]
Seat 2: 6e04251e(big blind)won ($10) with Three Eights
Seat 1: d2353ec9(small blind) folded before Flop
Seat 7: 2ec1d5f1 folded on the River
Seat 4: 1824c9 folded before Flop (didn't bet)
Seat 5: Hero folded before Flop (didn't bet)
Seat 6: 51d2fd1a folded before Flop (didn't bet)



Poker Hand #ring_952146748: NLH No Limit ($2/$4) - 2025/06/23 17:44:13
Table 'MR NLH 2/4' 7-max Seat #6 is the button
Seat 2: 6e04251e ($555.32 in chips)
Seat 1: d2353ec9 ($148.98 in chips)
Seat 7: 2ec1d5f1 ($294.07 in chips)
Seat 4: 1824c9 ($186.65 in chips)
Seat 5: Hero ($442.87 in chips)
Seat 6: 51d2fd1a ($798 in chips)
2ec1d5f1: posts small blind $2
d2353ec9: posts big blind $4
*** HOLE CARDS ***
Dealt to 6e04251e 
Dealt to d2353ec9 
Dealt to 2ec1d5f1 
Dealt to 1824c9 
Dealt to Hero [5c As]
Dealt to 51d2fd1a 
6e04251e: folds
1824c9: folds
Hero: folds
51d2fd1a: folds
2ec1d5f1: folds
*** SHOWDOWN ***
d2353ec9 collected $6 from pot
*** SUMMARY ***
Total pot $6
Seat 2: 6e04251e folded before Flop (didn't bet)
Seat 1: d2353ec9(big blind)won ($6)
Seat 7: 2ec1d5f1(small blind) folded before Flop
Seat 4: 1824c9 folded before Flop (didn't bet)
Seat 5: Hero folded before Flop (didn't bet)
Seat 6: 51d2fd1a folded before Flop (didn't bet)



Poker Hand #ring_952145978: NLH No Limit ($2/$4) - 2025/06/23 17:43:36
Table 'MR NLH 2/4' 7-max Seat #5 is the button
Seat 2: 6e04251e ($555.32 in chips)
Seat 1: d2353ec9 ($125.14 in chips)
Seat 7: 2ec1d5f1 ($298.07 in chips)
Seat 4: 1824c9 ($186.65 in chips)
Seat 5: Hero ($463.87 in chips)
Seat 6: 51d2fd1a ($800 in chips)
51d2fd1a: posts small blind $2
2ec1d5f1: posts big blind $4
*** HOLE CARDS ***
Dealt to 6e04251e 
Dealt to d2353ec9 
Dealt to 2ec1d5f1 
Dealt to 1824c9 
Dealt to Hero [8h Th]
Dealt to 51d2fd1a 
d2353ec9: calls $4
6e04251e: folds
1824c9: folds
Hero: raises $8 to $12
51d2fd1a: folds
2ec1d5f1: folds
d2353ec9: calls $8
*** FLOP *** [2d 6d 6s]
d2353ec9: checks
Hero: bets $9
d2353ec9: raises $48 to $57
Hero: folds
Uncalled bet ($48) returned to d2353ec9
*** SHOWDOWN ***
d2353ec9 collected $48 from pot
*** SUMMARY ***
Total pot $48
Board [2d 6d 6s]
Seat 2: 6e04251e folded before Flop (didn't bet)
Seat 1: d2353ec9won ($48) with Pair of Sixes and Pair of Fours
Seat 7: 2ec1d5f1(big blind) folded before Flop
Seat 4: 1824c9 folded before Flop (didn't bet)
Seat 5: Hero folded on the Flop
Seat 6: 51d2fd1a(small blind) folded before Flop



Poker Hand #ring_952145230: NLH No Limit ($2/$4) - 2025/06/23 17:43:02
Table 'MR NLH 2/4' 7-max Seat #4 is the button
Seat 2: 6e04251e ($555.32 in chips)
Seat 1: d2353ec9 ($125.14 in chips)
Seat 7: 2ec1d5f1 ($310.07 in chips)
Seat 4: 1824c9 ($170 in chips)
Seat 5: Hero ($465.87 in chips)
Seat 6: 51d2fd1a ($798 in chips)
Hero: posts small blind $2
51d2fd1a: posts big blind $4
*** HOLE CARDS ***
Dealt to 6e04251e 
Dealt to d2353ec9 
Dealt to 2ec1d5f1 
Dealt to 1824c9 
Dealt to Hero [5s Ah]
Dealt to 51d2fd1a 
2ec1d5f1: calls $4
d2353ec9: folds
6e04251e: folds
1824c9: raises $8 to $12
Hero: folds
51d2fd1a: folds
2ec1d5f1: calls $8
*** FLOP *** [8h 8d 4s]
2ec1d5f1: checks
1824c9: bets $15
2ec1d5f1: folds
Uncalled bet ($15) returned to 1824c9
*** SHOWDOWN ***
1824c9 collected $30 from pot
*** SUMMARY ***
Total pot $30
Board [8h 8d 4s]
Seat 2: 6e04251e folded before Flop (didn't bet)
Seat 1: d2353ec9 folded before Flop (didn't bet)
Seat 7: 2ec1d5f1 folded on the Flop
Seat 4: 1824c9won ($30) with Pair of Jacks and Pair of Eights
Seat 5: Hero(small blind) folded before Flop
Seat 6: 51d2fd1a(big blind) folded before Flop



Poker Hand #ring_952144380: NLH No Limit ($2/$4) - 2025/06/23 17:42:22
Table 'MR NLH 2/4' 7-max Seat #2 is the button
Seat 2: 6e04251e ($555.32 in chips)
Seat 1: d2353ec9 ($125.14 in chips)
Seat 7: 2ec1d5f1 ($304.52 in chips)
Seat 4: 1824c9 ($172 in chips)
Seat 5: Hero ($469.87 in chips)
Seat 6: 51d2fd1a ($798 in chips)
1824c9: posts small blind $2
Hero: posts big blind $4
*** HOLE CARDS ***
Dealt to 6e04251e 
Dealt to d2353ec9 
Dealt to 2ec1d5f1 
Dealt to 1824c9 
Dealt to Hero [Jc 7d]
Dealt to 51d2fd1a 
51d2fd1a: folds
2ec1d5f1: calls $4
d2353ec9: folds
6e04251e: folds
1824c9: folds
Hero: checks
*** FLOP *** [Qh 3s 3c]
Hero: checks
2ec1d5f1: checks
*** TURN *** [Qh 3s 3c] [4c]
Hero: checks
2ec1d5f1: checks
*** RIVER *** [Qh 3s 3c 4c] [As]
Hero: checks
2ec1d5f1: checks
Hero: shows [Jc 7d]
2ec1d5f1: shows [Ks Jd]
*** SHOWDOWN ***
2ec1d5f1 collected $10 from pot
*** SUMMARY ***
Total pot $10
Board [Qh 3s 3c 4c As]
Seat 2: 6e04251e folded before Flop (didn't bet)
Seat 1: d2353ec9 folded before Flop (didn't bet)
Seat 7: 2ec1d5f1 showed [Ks Jd] and won ($10) with Pair of Treys
Seat 4: 1824c9(small blind) folded before Flop
Seat 5: Hero(big blind) showed [Jc 7d] and lost with Pair of Treys
Seat 6: 51d2fd1a folded before Flop (didn't bet)



Poker Hand #ring_952143702: NLH No Limit ($2/$4) - 2025/06/23 17:41:50
Table 'MR NLH 2/4' 7-max Seat #1 is the button
Seat 2: 6e04251e ($547.32 in chips)
Seat 1: d2353ec9 ($125.14 in chips)
Seat 7: 2ec1d5f1 ($308.52 in chips)
Seat 4: 1824c9 ($176 in chips)
Seat 5: Hero ($469.87 in chips)
Seat 6: 51d2fd1a ($798 in chips)
6e04251e: posts small blind $2
1824c9: posts big blind $4
*** HOLE CARDS ***
Dealt to 6e04251e 
Dealt to d2353ec9 
Dealt to 2ec1d5f1 
Dealt to 1824c9 
Dealt to Hero [4d Kd]
Dealt to 51d2fd1a 
Hero: folds
51d2fd1a: folds
2ec1d5f1: calls $4
d2353ec9: folds
6e04251e: raises $12 to $16
1824c9: folds
2ec1d5f1: folds
Uncalled bet ($12) returned to 6e04251e
*** SHOWDOWN ***
6e04251e collected $12 from pot
*** SUMMARY ***
Total pot $12
Seat 2: 6e04251e(small blind)won ($12)
Seat 1: d2353ec9 folded before Flop (didn't bet)
Seat 7: 2ec1d5f1 folded before Flop
Seat 4: 1824c9(big blind) folded before Flop
Seat 5: Hero folded before Flop (didn't bet)
Seat 6: 51d2fd1a folded before Flop (didn't bet)



Poker Hand #ring_952142271: NLH No Limit ($2/$4) - 2025/06/23 17:40:44
Table 'MR NLH 2/4' 7-max Seat #7 is the button
Seat 2: 6e04251e ($551.32 in chips)
Seat 1: d2353ec9 ($271.14 in chips)
Seat 7: 2ec1d5f1 ($169.02 in chips)
Seat 4: 1824c9 ($180 in chips)
Seat 5: Hero ($469.87 in chips)
Seat 6: 51d2fd1a ($798 in chips)
d2353ec9: posts small blind $2
6e04251e: posts big blind $4
*** HOLE CARDS ***
Dealt to 6e04251e 
Dealt to d2353ec9 
Dealt to 2ec1d5f1 
Dealt to 1824c9 
Dealt to Hero [Jd 6d]
Dealt to 51d2fd1a 
1824c9: calls $4
Hero: folds
51d2fd1a: folds
2ec1d5f1: calls $4
d2353ec9: calls $2
6e04251e: checks
*** FLOP *** [8c 5s 9s]
d2353ec9: checks
6e04251e: checks
1824c9: checks
2ec1d5f1: checks
*** TURN *** [8c 5s 9s] [5d]
d2353ec9: checks
6e04251e: checks
1824c9: checks
2ec1d5f1: checks
*** RIVER *** [8c 5s 9s 5d] [Jh]
d2353ec9: bets $12
6e04251e: folds
1824c9: folds
2ec1d5f1: raises $30 to $42
d2353ec9: raises $100 to $142
2ec1d5f1: calls $100
d2353ec9: shows [5c 6c]
2ec1d5f1: shows [Qc Td]
*** SHOWDOWN ***
2ec1d5f1 collected $300 from pot
*** SUMMARY ***
Total pot $300
Board [8c 5s 9s 5d Jh]
Seat 2: 6e04251e(big blind) folded on the River
Seat 1: d2353ec9(small blind) showed [5c 6c] and lost with Three Fives
Seat 7: 2ec1d5f1 showed [Qc Td] and won ($300) with Queens-High Straight
Seat 4: 1824c9 folded on the River
Seat 5: Hero folded before Flop (didn't bet)
Seat 6: 51d2fd1a folded before Flop (didn't bet)



Poker Hand #ring_952141162: NLH No Limit ($2/$4) - 2025/06/23 17:39:52
Table 'MR NLH 2/4' 7-max Seat #6 is the button
Seat 2: 6e04251e ($551.32 in chips)
Seat 1: d2353ec9 ($307.14 in chips)
Seat 7: 2ec1d5f1 ($137.26 in chips)
Seat 4: 1824c9 ($180 in chips)
Seat 5: Hero ($469.87 in chips)
Seat 6: 51d2fd1a ($798 in chips)
2ec1d5f1: posts small blind $2
d2353ec9: posts big blind $4
*** HOLE CARDS ***
Dealt to 6e04251e 
Dealt to d2353ec9 
Dealt to 2ec1d5f1 
Dealt to 1824c9 
Dealt to Hero [2d 7h]
Dealt to 51d2fd1a 
6e04251e: folds
1824c9: folds
Hero: folds
51d2fd1a: folds
2ec1d5f1: raises $8 to $12
d2353ec9: calls $8
*** FLOP *** [7d 5c 9s]
2ec1d5f1: checks
d2353ec9: checks
*** TURN *** [7d 5c 9s] [Ac]
2ec1d5f1: bets $24
d2353ec9: calls $24
*** RIVER *** [7d 5c 9s Ac] [5h]
2ec1d5f1: bets $23.76
d2353ec9: folds
Uncalled bet ($23.76) returned to 2ec1d5f1
*** SHOWDOWN ***
2ec1d5f1 collected $72 from pot
*** SUMMARY ***
Total pot $72
Board [7d 5c 9s Ac 5h]
Seat 2: 6e04251e folded before Flop (didn't bet)
Seat 1: d2353ec9(big blind) folded on the River
Seat 7: 2ec1d5f1(small blind)won ($72) with Pair of Aces and Pair of Fives
Seat 4: 1824c9 folded before Flop (didn't bet)
Seat 5: Hero folded before Flop (didn't bet)
Seat 6: 51d2fd1a folded before Flop (didn't bet)



Poker Hand #ring_952140235: NLH No Limit ($2/$4) - 2025/06/23 17:39:08
Table 'MR NLH 2/4' 7-max Seat #5 is the button
Seat 2: 6e04251e ($551.32 in chips)
Seat 1: d2353ec9 ($301.59 in chips)
Seat 7: 2ec1d5f1 ($141.26 in chips)
Seat 4: 1824c9 ($180 in chips)
Seat 5: Hero ($469.87 in chips)
Seat 6: 51d2fd1a ($800 in chips)
Seat 3: 99ce2105 ($930.75 in chips)
51d2fd1a: posts small blind $2
2ec1d5f1: posts big blind $4
*** HOLE CARDS ***
Dealt to 6e04251e 
Dealt to d2353ec9 
Dealt to 2ec1d5f1 
Dealt to 1824c9 
Dealt to Hero [Th 2h]
Dealt to 51d2fd1a 
Dealt to 99ce2105 
d2353ec9: calls $4
6e04251e: folds
99ce2105: folds
1824c9: folds
Hero: folds
51d2fd1a: folds
2ec1d5f1: checks
*** FLOP *** [Qc 6d Ks]
2ec1d5f1: checks
d2353ec9: bets $7.5
2ec1d5f1: folds
Uncalled bet ($7.5) returned to d2353ec9
*** SHOWDOWN ***
d2353ec9 collected $10 from pot
*** SUMMARY ***
Total pot $10
Board [Qc 6d Ks]
Seat 2: 6e04251e folded before Flop (didn't bet)
Seat 1: d2353ec9won ($10) with Pair of Kings
Seat 7: 2ec1d5f1(big blind) folded on the Flop
Seat 4: 1824c9 folded before Flop (didn't bet)
Seat 5: Hero folded before Flop (didn't bet)
Seat 6: 51d2fd1a(small blind) folded before Flop
Seat 3: 99ce2105 folded before Flop (didn't bet)



Poker Hand #ring_952139133: NLH No Limit ($2/$4) - 2025/06/23 17:38:19
Table 'MR NLH 2/4' 7-max Seat #4 is the button
Seat 2: 6e04251e ($527.03 in chips)
Seat 1: d2353ec9 ($313.59 in chips)
Seat 7: 2ec1d5f1 ($141.26 in chips)
Seat 4: 1824c9 ($180 in chips)
Seat 5: Hero ($471.87 in chips)
Seat 6: 51d2fd1a ($804.66 in chips)
Seat 3: 99ce2105 ($930.75 in chips)
Hero: posts small blind $2
51d2fd1a: posts big blind $4
*** HOLE CARDS ***
Dealt to 6e04251e 
Dealt to d2353ec9 
Dealt to 2ec1d5f1 
Dealt to 1824c9 
Dealt to Hero [2h Jh]
Dealt to 51d2fd1a 
Dealt to 99ce2105 
2ec1d5f1: folds
d2353ec9: raises $8 to $12
6e04251e: calls $12
99ce2105: folds
1824c9: folds
Hero: folds
51d2fd1a: calls $8
*** FLOP *** [6d 9h 8d]
51d2fd1a: checks
d2353ec9: checks
6e04251e: checks
*** TURN *** [6d 9h 8d] [5h]
51d2fd1a: checks
d2353ec9: checks
6e04251e: bets $26.6
51d2fd1a: folds
d2353ec9: folds
Uncalled bet ($26.6) returned to 6e04251e
51d2fd1a: shows [9c 2c]
*** SHOWDOWN ***
6e04251e collected $38 from pot
*** SUMMARY ***
Total pot $38
Board [6d 9h 8d 5h]
Seat 2: 6e04251ewon ($38) with Nines-High Straight
Seat 1: d2353ec9 folded on the Turn
Seat 7: 2ec1d5f1 folded before Flop (didn't bet)
Seat 4: 1824c9 folded before Flop (didn't bet)
Seat 5: Hero(small blind) folded before Flop
Seat 6: 51d2fd1a(big blind) folded on the Turn
Seat 3: 99ce2105 folded before Flop (didn't bet)



Poker Hand #ring_952138384: NLH No Limit ($2/$4) - 2025/06/23 17:37:43
Table 'MR NLH 2/4' 7-max Seat #3 is the button
Seat 2: 6e04251e ($527.03 in chips)
Seat 1: d2353ec9 ($313.59 in chips)
Seat 7: 2ec1d5f1 ($141.26 in chips)
Seat 4: 1824c9 ($176 in chips)
Seat 5: Hero ($475.87 in chips)
Seat 6: 51d2fd1a ($804.66 in chips)
Seat 3: 99ce2105 ($930.75 in chips)
1824c9: posts small blind $2
Hero: posts big blind $4
*** HOLE CARDS ***
Dealt to 6e04251e 
Dealt to d2353ec9 
Dealt to 2ec1d5f1 
Dealt to 1824c9 
Dealt to Hero [7d 3c]
Dealt to 51d2fd1a 
Dealt to 99ce2105 
51d2fd1a: folds
2ec1d5f1: folds
d2353ec9: folds
6e04251e: folds
99ce2105: folds
1824c9: raises $8 to $12
Hero: folds
Uncalled bet ($8) returned to 1824c9
*** SHOWDOWN ***
1824c9 collected $8 from pot
*** SUMMARY ***
Total pot $8
Seat 2: 6e04251e folded before Flop (didn't bet)
Seat 1: d2353ec9 folded before Flop (didn't bet)
Seat 7: 2ec1d5f1 folded before Flop (didn't bet)
Seat 4: 1824c9(small blind)won ($8)
Seat 5: Hero(big blind) folded before Flop
Seat 6: 51d2fd1a folded before Flop (didn't bet)
Seat 3: 99ce2105 folded before Flop (didn't bet)



Poker Hand #ring_952137055: NLH No Limit ($2/$4) - 2025/06/23 17:36:40
Table 'MR NLH 2/4' 7-max Seat #2 is the button
Seat 2: 6e04251e ($443.13 in chips)
Seat 1: d2353ec9 ($313.59 in chips)
Seat 7: 2ec1d5f1 ($228.26 in chips)
Seat 4: 1824c9 ($180 in chips)
Seat 5: Hero ($475.87 in chips)
Seat 6: 51d2fd1a ($804.66 in chips)
Seat 3: 99ce2105 ($932.75 in chips)
99ce2105: posts small blind $2
1824c9: posts big blind $4
*** HOLE CARDS ***
Dealt to 6e04251e 
Dealt to d2353ec9 
Dealt to 2ec1d5f1 
Dealt to 1824c9 
Dealt to Hero [3c 7h]
Dealt to 51d2fd1a 
Dealt to 99ce2105 
Hero: folds
51d2fd1a: folds
2ec1d5f1: raises $8 to $12
d2353ec9: folds
6e04251e: calls $12
99ce2105: folds
1824c9: folds
*** FLOP *** [Ac 6h 7c]
2ec1d5f1: bets $22.5
6e04251e: calls $22.5
*** TURN *** [Ac 6h 7c] [3h]
2ec1d5f1: checks
6e04251e: bets $52.5
2ec1d5f1: calls $52.5
*** RIVER *** [Ac 6h 7c 3h] [3s]
2ec1d5f1: checks
6e04251e: bets $180
2ec1d5f1: folds
Uncalled bet ($180) returned to 6e04251e
*** SHOWDOWN ***
6e04251e collected $180 from pot
*** SUMMARY ***
Total pot $180
Board [Ac 6h 7c 3h 3s]
Seat 2: 6e04251ewon ($180) with Sevens-High Straight
Seat 1: d2353ec9 folded before Flop (didn't bet)
Seat 7: 2ec1d5f1 folded on the River
Seat 4: 1824c9(big blind) folded before Flop
Seat 5: Hero folded before Flop (didn't bet)
Seat 6: 51d2fd1a folded before Flop (didn't bet)
Seat 3: 99ce2105(small blind) folded before Flop



Poker Hand #ring_952135591: NLH No Limit ($2/$4) - 2025/06/23 17:35:32
Table 'MR NLH 2/4' 7-max Seat #1 is the button
Seat 2: 6e04251e ($447.13 in chips)
Seat 1: d2353ec9 ($265.09 in chips)
Seat 7: 2ec1d5f1 ($228.26 in chips)
Seat 4: 1824c9 ($184 in chips)
Seat 5: Hero ($475.87 in chips)
Seat 6: 51d2fd1a ($804.66 in chips)
Seat 3: 99ce2105 ($978.75 in chips)
6e04251e: posts small blind $2
99ce2105: posts big blind $4
*** HOLE CARDS ***
Dealt to 6e04251e 
Dealt to d2353ec9 
Dealt to 2ec1d5f1 
Dealt to 1824c9 
Dealt to Hero [8h Ts]
Dealt to 51d2fd1a 
Dealt to 99ce2105 
1824c9: calls $4
Hero: folds
51d2fd1a: folds
2ec1d5f1: folds
d2353ec9: calls $4
6e04251e: calls $2
99ce2105: checks
*** FLOP *** [6s 7s 2d]
6e04251e: checks
99ce2105: checks
1824c9: checks
d2353ec9: bets $12
6e04251e: folds
99ce2105: calls $12
1824c9: folds
*** TURN *** [6s 7s 2d] [6h]
99ce2105: checks
d2353ec9: checks
*** RIVER *** [6s 7s 2d 6h] [5d]
99ce2105: checks
d2353ec9: bets $30
99ce2105: calls $30
d2353ec9: shows [2s 2c]
99ce2105: shows [7h 8s]
*** SHOWDOWN ***
d2353ec9 collected $100 from pot
*** SUMMARY ***
Total pot $100
Board [6s 7s 2d 6h 5d]
Seat 2: 6e04251e(small blind) folded on the Flop
Seat 1: d2353ec9 showed [2s 2c] and won ($100) with Twos Full over Sixes
Seat 7: 2ec1d5f1 folded before Flop (didn't bet)
Seat 4: 1824c9 folded on the Flop
Seat 5: Hero folded before Flop (didn't bet)
Seat 6: 51d2fd1a folded before Flop (didn't bet)
Seat 3: 99ce2105(big blind) showed [7h 8s] and lost with Pair of Sevens and Pair of Sixes



Poker Hand #ring_952134688: NLH No Limit ($2/$4) - 2025/06/23 17:34:48
Table 'MR NLH 2/4' 7-max Seat #7 is the button
Seat 2: 6e04251e ($414.83 in chips)
Seat 1: d2353ec9 ($267.09 in chips)
Seat 7: 2ec1d5f1 ($232.26 in chips)
Seat 4: 1824c9 ($184 in chips)
Seat 5: Hero ($475.87 in chips)
Seat 6: 51d2fd1a ($828.66 in chips)
Seat 3: 99ce2105 ($984.75 in chips)
d2353ec9: posts small blind $2
6e04251e: posts big blind $4
99ce2105: posts big blind $4
99ce2105: posts small blind $2
*** HOLE CARDS ***
Dealt to 6e04251e 
Dealt to d2353ec9 
Dealt to 2ec1d5f1 
Dealt to 1824c9 
Dealt to Hero [4h 3c]
Dealt to 51d2fd1a 
Dealt to 99ce2105 
99ce2105: checks
1824c9: folds
Hero: folds
51d2fd1a: calls $4
2ec1d5f1: calls $4
d2353ec9: folds
6e04251e: raises $20 to $24
99ce2105: folds
51d2fd1a: calls $20
2ec1d5f1: folds
*** FLOP *** [Jc 5d Kd]
6e04251e: bets $29
51d2fd1a: folds
Uncalled bet ($29) returned to 6e04251e
*** SHOWDOWN ***
6e04251e collected $60 from pot
*** SUMMARY ***
Total pot $58
Board [Jc 5d Kd]
Seat 2: 6e04251e(big blind)won ($60) with Pair of Sixes
Seat 1: d2353ec9(small blind) folded before Flop
Seat 7: 2ec1d5f1 folded before Flop
Seat 4: 1824c9 folded before Flop (didn't bet)
Seat 5: Hero folded before Flop (didn't bet)
Seat 6: 51d2fd1a folded on the Flop
Seat 3: 99ce2105 folded before Flop



Poker Hand #ring_952133036: NLH No Limit ($2/$4) - 2025/06/23 17:33:28
Table 'MR NLH 2/4' 7-max Seat #6 is the button
Seat 2: 6e04251e ($414.83 in chips)
Seat 1: d2353ec9 ($177.55 in chips)
Seat 7: 2ec1d5f1 ($234.26 in chips)
Seat 4: 1824c9 ($196 in chips)
Seat 5: Hero ($560.67 in chips)
Seat 6: 51d2fd1a ($828.66 in chips)
2ec1d5f1: posts small blind $2
d2353ec9: posts big blind $4
*** HOLE CARDS ***
Dealt to 6e04251e 
Dealt to d2353ec9 
Dealt to 2ec1d5f1 
Dealt to 1824c9 
Dealt to Hero [As Kh]
Dealt to 51d2fd1a 
6e04251e: folds
1824c9: raises $8 to $12
Hero: raises $26.9 to $38.9
51d2fd1a: folds
2ec1d5f1: folds
d2353ec9: calls $34.9
1824c9: folds
*** FLOP *** [7h Tc 9d]
d2353ec9: checks
Hero: bets $45.9
d2353ec9: calls $45.9
*** TURN *** [7h Tc 9d] [Qc]
d2353ec9: checks
Hero: checks
*** RIVER *** [7h Tc 9d Qc] [8h]
d2353ec9: checks
Hero: checks
d2353ec9: shows [4d 4c]
Hero: shows [As Kh]
*** SHOWDOWN ***
d2353ec9 collected $183.6 from pot
*** SUMMARY ***
Total pot $183.6
Board [7h Tc 9d Qc 8h]
Seat 2: 6e04251e folded before Flop (didn't bet)
Seat 1: d2353ec9(big blind) showed [4d 4c] and won ($183.6) with Pair of Fours
Seat 7: 2ec1d5f1(small blind) folded before Flop
Seat 4: 1824c9 folded before Flop
Seat 5: Hero showed [As Kh] and lost with Ace-High
Seat 6: 51d2fd1a folded before Flop (didn't bet)



Poker Hand #ring_952131482: NLH No Limit ($2/$4) - 2025/06/23 17:32:16
Table 'MR NLH 2/4' 7-max Seat #5 is the button
Seat 2: 6e04251e ($418.83 in chips)
Seat 1: d2353ec9 ($177.55 in chips)
Seat 7: 2ec1d5f1 ($238.26 in chips)
Seat 4: 1824c9 ($200 in chips)
Seat 5: Hero ($545.57 in chips)
Seat 6: 51d2fd1a ($832.66 in chips)
51d2fd1a: posts small blind $2
2ec1d5f1: posts big blind $4
6e04251e: posts big blind $4
1824c9: posts big blind $4
*** HOLE CARDS ***
Dealt to 6e04251e 
Dealt to d2353ec9 
Dealt to 2ec1d5f1 
Dealt to 1824c9 
Dealt to Hero [9s 8h]
Dealt to 51d2fd1a 
d2353ec9: folds
6e04251e: checks
1824c9: checks
Hero: calls $4
51d2fd1a: calls $2
2ec1d5f1: checks
*** FLOP *** [Qc Js Ah]
51d2fd1a: checks
2ec1d5f1: checks
6e04251e: checks
1824c9: checks
Hero: checks
*** TURN *** [Qc Js Ah] [5h]
51d2fd1a: checks
2ec1d5f1: checks
6e04251e: checks
1824c9: checks
Hero: checks
*** RIVER *** [Qc Js Ah 5h] [Ts]
51d2fd1a: checks
2ec1d5f1: checks
6e04251e: checks
1824c9: checks
Hero: checks
6e04251e: shows [8s Tc]
1824c9: shows [6c 3d]
Hero: shows [9s 8h]
51d2fd1a: shows [Ad 8d]
2ec1d5f1: shows [7c 3c]
*** SHOWDOWN ***
Hero collected $20 from pot
*** SUMMARY ***
Total pot $20
Board [Qc Js Ah 5h Ts]
Seat 2: 6e04251e showed [8s Tc] and lost with Pair of Tens
Seat 1: d2353ec9 folded before Flop (didn't bet)
Seat 7: 2ec1d5f1(big blind) showed [7c 3c] and lost with Ace-High
Seat 4: 1824c9 showed [6c 3d] and lost with Ace-High
Seat 5: Hero showed [9s 8h] and won ($20) with Queens-High Straight
Seat 6: 51d2fd1a(small blind) showed [Ad 8d] and lost with Pair of Aces



Poker Hand #ring_952130206: NLH No Limit ($2/$4) - 2025/06/23 17:31:16
Table 'MR NLH 2/4' 7-max Seat #1 is the button
Seat 1: d2353ec9 ($177.55 in chips)
Seat 7: 2ec1d5f1 ($238.26 in chips)
Seat 5: Hero ($571.57 in chips)
Seat 6: 51d2fd1a ($810 in chips)
Hero: posts small blind $2
51d2fd1a: posts big blind $4
*** HOLE CARDS ***
Dealt to d2353ec9 
Dealt to 2ec1d5f1 
Dealt to Hero [5c Kd]
Dealt to 51d2fd1a 
2ec1d5f1: folds
d2353ec9: folds
Hero: raises $6 to $10
51d2fd1a: calls $6
*** FLOP *** [7h 3s 9d]
Hero: checks
51d2fd1a: checks
*** TURN *** [7h 3s 9d] [5s]
Hero: checks
51d2fd1a: bets $16
Hero: calls $16
*** RIVER *** [7h 3s 9d 5s] [6s]
Hero: checks
51d2fd1a: bets $41.6
Hero: folds
Uncalled bet ($41.6) returned to 51d2fd1a
*** SHOWDOWN ***
51d2fd1a collected $52 from pot
*** SUMMARY ***
Total pot $52
Board [7h 3s 9d 5s 6s]
Seat 1: d2353ec9 folded before Flop (didn't bet)
Seat 7: 2ec1d5f1 folded before Flop (didn't bet)
Seat 5: Hero(small blind) folded on the River
Seat 6: 51d2fd1a(big blind)won ($52) with King High Flush



Poker Hand #ring_952129352: NLH No Limit ($2/$4) - 2025/06/23 17:30:37
Table 'MR NLH 2/4' 7-max Seat #7 is the button
Seat 1: d2353ec9 ($179.55 in chips)
Seat 7: 2ec1d5f1 ($242.26 in chips)
Seat 5: Hero ($566.02 in chips)
Seat 6: 51d2fd1a ($810 in chips)
d2353ec9: posts small blind $2
Hero: posts big blind $4
*** HOLE CARDS ***
Dealt to d2353ec9 
Dealt to 2ec1d5f1 
Dealt to Hero [4s 7d]
Dealt to 51d2fd1a 
51d2fd1a: folds
2ec1d5f1: calls $4
d2353ec9: folds
Hero: checks
*** FLOP *** [Kd 5s 6d]
Hero: bets $5
2ec1d5f1: folds
Uncalled bet ($5) returned to Hero
*** SHOWDOWN ***
Hero collected $10 from pot
*** SUMMARY ***
Total pot $10
Board [Kd 5s 6d]
Seat 1: d2353ec9(small blind) folded before Flop
Seat 7: 2ec1d5f1 folded on the Flop
Seat 5: Hero(big blind)won ($10) with King-High
Seat 6: 51d2fd1a folded before Flop (didn't bet)



Poker Hand #ring_952128976: NLH No Limit ($2/$4) - 2025/06/23 17:30:21
Table 'MR NLH 2/4' 7-max Seat #6 is the button
Seat 1: d2353ec9 ($183.55 in chips)
Seat 7: 2ec1d5f1 ($244.26 in chips)
Seat 5: Hero ($566.02 in chips)
Seat 6: 51d2fd1a ($804 in chips)
2ec1d5f1: posts small blind $2
d2353ec9: posts big blind $4
*** HOLE CARDS ***
Dealt to d2353ec9 
Dealt to 2ec1d5f1 
Dealt to Hero [9c 6s]
Dealt to 51d2fd1a 
Hero: folds
51d2fd1a: raises $6 to $10
2ec1d5f1: folds
d2353ec9: folds
Uncalled bet ($6) returned to 51d2fd1a
*** SHOWDOWN ***
51d2fd1a collected $10 from pot
*** SUMMARY ***
Total pot $10
Seat 1: d2353ec9(big blind) folded before Flop
Seat 7: 2ec1d5f1(small blind) folded before Flop
Seat 5: Hero folded before Flop (didn't bet)
Seat 6: 51d2fd1awon ($10)



Poker Hand #ring_952128513: NLH No Limit ($2/$4) - 2025/06/23 17:29:57
Table 'MR NLH 2/4' 7-max Seat #5 is the button
Seat 1: d2353ec9 ($183.55 in chips)
Seat 7: 2ec1d5f1 ($248.26 in chips)
Seat 5: Hero ($566.02 in chips)
Seat 6: 51d2fd1a ($800 in chips)
51d2fd1a: posts small blind $2
2ec1d5f1: posts big blind $4
*** HOLE CARDS ***
Dealt to d2353ec9 
Dealt to 2ec1d5f1 
Dealt to Hero [5s 3h]
Dealt to 51d2fd1a 
d2353ec9: folds
Hero: folds
51d2fd1a: raises $8 to $12
2ec1d5f1: folds
Uncalled bet ($8) returned to 51d2fd1a
*** SHOWDOWN ***
51d2fd1a collected $8 from pot
*** SUMMARY ***
Total pot $8
Seat 1: d2353ec9 folded before Flop (didn't bet)
Seat 7: 2ec1d5f1(big blind) folded before Flop
Seat 5: Hero folded before Flop (didn't bet)
Seat 6: 51d2fd1a(small blind)won ($8)



Poker Hand #ring_952127679: NLH No Limit ($2/$4) - 2025/06/23 17:29:21
Table 'MR NLH 2/4' 7-max Seat #1 is the button
Seat 1: d2353ec9 ($183.55 in chips)
Seat 7: 2ec1d5f1 ($248.26 in chips)
Seat 5: Hero ($556.92 in chips)
Seat 6: 51d2fd1a ($800 in chips)
Hero: posts small blind $2
51d2fd1a: posts big blind $4
*** HOLE CARDS ***
Dealt to d2353ec9 
Dealt to 2ec1d5f1 
Dealt to Hero [Ad 9h]
Dealt to 51d2fd1a 
2ec1d5f1: folds
d2353ec9: folds
Hero: raises $6 to $10
51d2fd1a: calls $6
*** FLOP *** [As 8s Ks]
Hero: checks
51d2fd1a: checks
*** TURN *** [As 8s Ks] [7h]
Hero: bets $10
51d2fd1a: folds
Uncalled bet ($10) returned to Hero
*** SHOWDOWN ***
Hero collected $20 from pot
*** SUMMARY ***
Total pot $20
Board [As 8s Ks 7h]
Seat 1: d2353ec9 folded before Flop (didn't bet)
Seat 7: 2ec1d5f1 folded before Flop (didn't bet)
Seat 5: Hero(small blind)won ($20) with Pair of Aces
Seat 6: 51d2fd1a(big blind) folded on the Turn



Poker Hand #ring_952125684: NLH No Limit ($2/$4) - 2025/06/23 17:27:46
Table 'MR NLH 2/4' 7-max Seat #7 is the button
Seat 1: d2353ec9 ($185.55 in chips)
Seat 7: 2ec1d5f1 ($248.26 in chips)
Seat 5: Hero ($502.32 in chips)
Seat 6: 51d2fd1a ($800 in chips)
d2353ec9: posts small blind $2
Hero: posts big blind $4
*** HOLE CARDS ***
Dealt to d2353ec9 
Dealt to 2ec1d5f1 
Dealt to Hero [Kh 9s]
Dealt to 51d2fd1a 
51d2fd1a: raises $6 to $10
2ec1d5f1: folds
d2353ec9: folds
Hero: calls $6
*** FLOP *** [Jc 3h Th]
Hero: checks
51d2fd1a: bets $11
Hero: calls $11
*** TURN *** [Jc 3h Th] [9h]
Hero: checks
51d2fd1a: checks
*** RIVER *** [Jc 3h Th 9h] [2h]
Hero: checks
51d2fd1a: bets $8
Hero: raises $30 to $38
51d2fd1a: calls $30
Hero: shows [Kh 9s]
51d2fd1a: shows [Kd Jh]
*** SHOWDOWN ***
Hero collected $120 from pot
*** SUMMARY ***
Total pot $120
Board [Jc 3h Th 9h 2h]
Seat 1: d2353ec9(small blind) folded before Flop
Seat 7: 2ec1d5f1 folded before Flop (didn't bet)
Seat 5: Hero(big blind) showed [Kh 9s] and won ($120) with King High Flush
Seat 6: 51d2fd1a showed [Kd Jh] and lost with Jack High Flush



Poker Hand #ring_952125303: NLH No Limit ($2/$4) - 2025/06/23 17:27:28
Table 'MR NLH 2/4' 7-max Seat #6 is the button
Seat 1: d2353ec9 ($183.55 in chips)
Seat 7: 2ec1d5f1 ($250.26 in chips)
Seat 5: Hero ($502.32 in chips)
Seat 6: 51d2fd1a ($800 in chips)
2ec1d5f1: posts small blind $2
d2353ec9: posts big blind $4
*** HOLE CARDS ***
Dealt to d2353ec9 
Dealt to 2ec1d5f1 
Dealt to Hero [2d 8h]
Dealt to 51d2fd1a 
Hero: folds
51d2fd1a: folds
2ec1d5f1: folds
*** SHOWDOWN ***
d2353ec9 collected $6 from pot
*** SUMMARY ***
Total pot $6
Seat 1: d2353ec9(big blind)won ($6)
Seat 7: 2ec1d5f1(small blind) folded before Flop
Seat 5: Hero folded before Flop (didn't bet)
Seat 6: 51d2fd1a folded before Flop (didn't bet)



Poker Hand #ring_952124382: NLH No Limit ($2/$4) - 2025/06/23 17:26:47
Table 'MR NLH 2/4' 7-max Seat #5 is the button
Seat 1: d2353ec9 ($195.55 in chips)
Seat 7: 2ec1d5f1 ($227.88 in chips)
Seat 5: Hero ($502.32 in chips)
Seat 6: 51d2fd1a ($800 in chips)
Seat 3: 99ce2105 ($984.75 in chips)
51d2fd1a: posts small blind $2
2ec1d5f1: posts big blind $4
*** HOLE CARDS ***
Dealt to d2353ec9 
Dealt to 2ec1d5f1 
Dealt to Hero [Jd 5h]
Dealt to 51d2fd1a 
Dealt to 99ce2105 
d2353ec9: calls $4
99ce2105: folds
Hero: folds
51d2fd1a: calls $2
2ec1d5f1: raises $8 to $12
d2353ec9: calls $8
51d2fd1a: calls $8
*** FLOP *** [3d Tc 2h]
51d2fd1a: checks
2ec1d5f1: bets $27
d2353ec9: folds
51d2fd1a: folds
Uncalled bet ($27) returned to 2ec1d5f1
*** SHOWDOWN ***
2ec1d5f1 collected $36 from pot
*** SUMMARY ***
Total pot $36
Board [3d Tc 2h]
Seat 1: d2353ec9 folded on the Flop
Seat 7: 2ec1d5f1(big blind)won ($36) with King-High
Seat 5: Hero folded before Flop (didn't bet)
Seat 6: 51d2fd1a(small blind) folded on the Flop
Seat 3: 99ce2105 folded before Flop (didn't bet)



Poker Hand #ring_952123386: NLH No Limit ($2/$4) - 2025/06/23 17:26:00
Table 'MR NLH 2/4' 7-max Seat #3 is the button
Seat 1: d2353ec9 ($195.55 in chips)
Seat 7: 2ec1d5f1 ($227.88 in chips)
Seat 5: Hero ($485.12 in chips)
Seat 6: 51d2fd1a ($800 in chips)
Seat 3: 99ce2105 ($984.75 in chips)
Hero: posts small blind $2
51d2fd1a: posts big blind $4
*** HOLE CARDS ***
Dealt to d2353ec9 
Dealt to 2ec1d5f1 
Dealt to Hero [Ac Td]
Dealt to 51d2fd1a 
Dealt to 99ce2105 
2ec1d5f1: folds
d2353ec9: folds
99ce2105: folds
Hero: raises $6 to $10
51d2fd1a: calls $6
*** FLOP *** [Jc Ad Th]
Hero: bets $10
51d2fd1a: calls $10
*** TURN *** [Jc Ad Th] [8c]
Hero: bets $32
51d2fd1a: folds
Uncalled bet ($32) returned to Hero
*** SHOWDOWN ***
Hero collected $40 from pot
*** SUMMARY ***
Total pot $40
Board [Jc Ad Th 8c]
Seat 1: d2353ec9 folded before Flop (didn't bet)
Seat 7: 2ec1d5f1 folded before Flop (didn't bet)
Seat 5: Hero(small blind)won ($40) with Pair of Aces and Pair of Tens
Seat 6: 51d2fd1a(big blind) folded on the Turn
Seat 3: 99ce2105 folded before Flop (didn't bet)



Poker Hand #ring_952122904: NLH No Limit ($2/$4) - 2025/06/23 17:25:38
Table 'MR NLH 2/4' 7-max Seat #0 is the button
Seat 1: d2353ec9 ($195.55 in chips)
Seat 7: 2ec1d5f1 ($227.88 in chips)
Seat 5: Hero ($489.12 in chips)
Seat 6: 51d2fd1a ($800 in chips)
Seat 3: 99ce2105 ($980.75 in chips)
99ce2105: posts small blind $2
Hero: posts big blind $4
*** HOLE CARDS ***
Dealt to d2353ec9 
Dealt to 2ec1d5f1 
Dealt to Hero [4s 8h]
Dealt to 51d2fd1a 
Dealt to 99ce2105 
51d2fd1a: folds
2ec1d5f1: folds
d2353ec9: folds
99ce2105: raises $8 to $12
Hero: folds
Uncalled bet ($8) returned to 99ce2105
*** SHOWDOWN ***
99ce2105 collected $8 from pot
*** SUMMARY ***
Total pot $8
Seat 1: d2353ec9 folded before Flop (didn't bet)
Seat 7: 2ec1d5f1 folded before Flop (didn't bet)
Seat 5: Hero(big blind) folded before Flop
Seat 6: 51d2fd1a folded before Flop (didn't bet)
Seat 3: 99ce2105(small blind)won ($8)



Poker Hand #ring_952121541: NLH No Limit ($2/$4) - 2025/06/23 17:24:32
Table 'MR NLH 2/4' 7-max Seat #1 is the button
Seat 1: d2353ec9 ($190 in chips)
Seat 2: c4e54c5a ($216 in chips)
Seat 7: 2ec1d5f1 ($227.88 in chips)
Seat 5: Hero ($489.12 in chips)
Seat 6: 51d2fd1a ($800 in chips)
Seat 3: 99ce2105 ($984.75 in chips)
c4e54c5a: posts small blind $2
99ce2105: posts big blind $4
*** HOLE CARDS ***
Dealt to d2353ec9 
Dealt to c4e54c5a 
Dealt to 2ec1d5f1 
Dealt to Hero [2d 3d]
Dealt to 51d2fd1a 
Dealt to 99ce2105 
Hero: folds
51d2fd1a: folds
2ec1d5f1: folds
d2353ec9: calls $4
c4e54c5a: folds
99ce2105: checks
*** FLOP *** [4h 6d Th]
99ce2105: checks
d2353ec9: checks
*** TURN *** [4h 6d Th] [Jd]
99ce2105: checks
d2353ec9: checks
*** RIVER *** [4h 6d Th Jd] [6s]
99ce2105: checks
d2353ec9: checks
d2353ec9: shows [Ad 5h]
99ce2105: shows [9s 7s]
*** SHOWDOWN ***
d2353ec9 collected $10 from pot
*** SUMMARY ***
Total pot $10
Board [4h 6d Th Jd 6s]
Seat 1: d2353ec9 showed [Ad 5h] and won ($10) with Pair of Sixes
Seat 2: c4e54c5a(small blind) folded before Flop
Seat 7: 2ec1d5f1 folded before Flop (didn't bet)
Seat 5: Hero folded before Flop (didn't bet)
Seat 6: 51d2fd1a folded before Flop (didn't bet)
Seat 3: 99ce2105(big blind) showed [9s 7s] and lost with Pair of Sixes



Poker Hand #ring_952121001: NLH No Limit ($2/$4) - 2025/06/23 17:24:08
Table 'MR NLH 2/4' 7-max Seat #7 is the button
Seat 1: d2353ec9 ($192 in chips)
Seat 2: c4e54c5a ($204 in chips)
Seat 7: 2ec1d5f1 ($227.88 in chips)
Seat 5: Hero ($489.12 in chips)
Seat 6: 51d2fd1a ($798.65 in chips)
Seat 3: 99ce2105 ($984.75 in chips)
d2353ec9: posts small blind $2
c4e54c5a: posts big blind $4
*** HOLE CARDS ***
Dealt to d2353ec9 
Dealt to c4e54c5a 
Dealt to 2ec1d5f1 
Dealt to Hero [Ah 5d]
Dealt to 51d2fd1a 
Dealt to 99ce2105 
99ce2105: folds
Hero: folds
51d2fd1a: raises $6 to $10
2ec1d5f1: folds
d2353ec9: folds
c4e54c5a: raises $22 to $32
51d2fd1a: folds
Uncalled bet ($22) returned to c4e54c5a
*** SHOWDOWN ***
c4e54c5a collected $22 from pot
*** SUMMARY ***
Total pot $22
Seat 1: d2353ec9(small blind) folded before Flop
Seat 2: c4e54c5a(big blind)won ($22)
Seat 7: 2ec1d5f1 folded before Flop (didn't bet)
Seat 5: Hero folded before Flop (didn't bet)
Seat 6: 51d2fd1a folded before Flop
Seat 3: 99ce2105 folded before Flop (didn't bet)



Poker Hand #ring_952120388: NLH No Limit ($2/$4) - 2025/06/23 17:23:38
Table 'MR NLH 2/4' 7-max Seat #6 is the button
Seat 1: d2353ec9 ($196 in chips)
Seat 2: c4e54c5a ($204 in chips)
Seat 7: 2ec1d5f1 ($229.88 in chips)
Seat 5: Hero ($483.12 in chips)
Seat 6: 51d2fd1a ($798.65 in chips)
Seat 3: 99ce2105 ($984.75 in chips)
2ec1d5f1: posts small blind $2
d2353ec9: posts big blind $4
*** HOLE CARDS ***
Dealt to d2353ec9 
Dealt to c4e54c5a 
Dealt to 2ec1d5f1 
Dealt to Hero [6d 6s]
Dealt to 51d2fd1a 
Dealt to 99ce2105 
c4e54c5a: folds
99ce2105: folds
Hero: raises $8 to $12
51d2fd1a: folds
2ec1d5f1: folds
d2353ec9: folds
Uncalled bet ($8) returned to Hero
*** SHOWDOWN ***
Hero collected $10 from pot
*** SUMMARY ***
Total pot $10
Seat 1: d2353ec9(big blind) folded before Flop
Seat 2: c4e54c5a folded before Flop (didn't bet)
Seat 7: 2ec1d5f1(small blind) folded before Flop
Seat 5: Herowon ($10)
Seat 6: 51d2fd1a folded before Flop (didn't bet)
Seat 3: 99ce2105 folded before Flop (didn't bet)



Poker Hand #ring_952118812: NLH No Limit ($2/$4) - 2025/06/23 17:22:23
Table 'MR NLH 2/4' 7-max Seat #5 is the button
Seat 1: d2353ec9 ($200 in chips)
Seat 2: c4e54c5a ($204 in chips)
Seat 7: 2ec1d5f1 ($222.42 in chips)
Seat 5: Hero ($483.12 in chips)
Seat 6: 51d2fd1a ($802.65 in chips)
Seat 3: 99ce2105 ($984.75 in chips)
51d2fd1a: posts small blind $2
2ec1d5f1: posts big blind $4
d2353ec9: posts big blind $4
*** HOLE CARDS ***
Dealt to d2353ec9 
Dealt to c4e54c5a 
Dealt to 2ec1d5f1 
Dealt to Hero [Kd 4c]
Dealt to 51d2fd1a 
Dealt to 99ce2105 
d2353ec9: checks
c4e54c5a: folds
99ce2105: folds
Hero: folds
51d2fd1a: calls $2
2ec1d5f1: checks
*** FLOP *** [9h Ac Td]
51d2fd1a: checks
2ec1d5f1: checks
d2353ec9: checks
*** TURN *** [9h Ac Td] [2c]
51d2fd1a: checks
2ec1d5f1: checks
d2353ec9: checks
*** RIVER *** [9h Ac Td 2c] [8h]
51d2fd1a: checks
2ec1d5f1: checks
d2353ec9: checks
d2353ec9: shows [Qs 3h]
51d2fd1a: shows [Jd 6d]
2ec1d5f1: shows [2h 6s]
*** SHOWDOWN ***
2ec1d5f1 collected $12 from pot
*** SUMMARY ***
Total pot $12
Board [9h Ac Td 2c 8h]
Seat 1: d2353ec9 showed [Qs 3h] and lost with Ace-High
Seat 2: c4e54c5a folded before Flop (didn't bet)
Seat 7: 2ec1d5f1(big blind) showed [2h 6s] and won ($12) with Pair of Twos
Seat 5: Hero folded before Flop (didn't bet)
Seat 6: 51d2fd1a(small blind) showed [Jd 6d] and lost with Ace-High
Seat 3: 99ce2105 folded before Flop (didn't bet)



Poker Hand #ring_952117732: NLH No Limit ($2/$4) - 2025/06/23 17:21:30
Table 'MR NLH 2/4' 7-max Seat #3 is the button
Seat 2: c4e54c5a ($204 in chips)
Seat 7: 2ec1d5f1 ($222.42 in chips)
Seat 5: Hero ($447.72 in chips)
Seat 6: 51d2fd1a ($842.65 in chips)
Seat 3: 99ce2105 ($984.75 in chips)
Hero: posts small blind $2
51d2fd1a: posts big blind $4
*** HOLE CARDS ***
Dealt to c4e54c5a 
Dealt to 2ec1d5f1 
Dealt to Hero [9h 5h]
Dealt to 51d2fd1a 
Dealt to 99ce2105 
2ec1d5f1: folds
c4e54c5a: folds
99ce2105: folds
Hero: raises $6 to $10
51d2fd1a: calls $6
*** FLOP *** [9s Jh 6h]
Hero: bets $10
51d2fd1a: raises $20 to $30
Hero: raises $64 to $94
51d2fd1a: folds
Uncalled bet ($64) returned to Hero
*** SHOWDOWN ***
Hero collected $80 from pot
*** SUMMARY ***
Total pot $80
Board [9s Jh 6h]
Seat 2: c4e54c5a folded before Flop (didn't bet)
Seat 7: 2ec1d5f1 folded before Flop (didn't bet)
Seat 5: Hero(small blind)won ($80) with Pair of Nines
Seat 6: 51d2fd1a(big blind) folded on the Flop
Seat 3: 99ce2105 folded before Flop (didn't bet)



Poker Hand #ring_952116846: NLH No Limit ($2/$4) - 2025/06/23 17:20:49
Table 'MR NLH 2/4' 7-max Seat #2 is the button
Seat 2: c4e54c5a ($204 in chips)
Seat 7: 2ec1d5f1 ($226.42 in chips)
Seat 5: Hero ($442.17 in chips)
Seat 6: 51d2fd1a ($842.65 in chips)
Seat 3: 99ce2105 ($986.75 in chips)
99ce2105: posts small blind $2
Hero: posts big blind $4
*** HOLE CARDS ***
Dealt to c4e54c5a 
Dealt to 2ec1d5f1 
Dealt to Hero [Tc Ah]
Dealt to 51d2fd1a 
Dealt to 99ce2105 
51d2fd1a: folds
2ec1d5f1: calls $4
c4e54c5a: folds
99ce2105: folds
Hero: checks
*** FLOP *** [Td Kd Jh]
Hero: checks
2ec1d5f1: checks
*** TURN *** [Td Kd Jh] [9c]
Hero: checks
2ec1d5f1: checks
*** RIVER *** [Td Kd Jh 9c] [3c]
Hero: checks
2ec1d5f1: checks
Hero: shows [Tc Ah]
2ec1d5f1: shows [5s 5h]
*** SHOWDOWN ***
Hero collected $10 from pot
*** SUMMARY ***
Total pot $10
Board [Td Kd Jh 9c 3c]
Seat 2: c4e54c5a folded before Flop (didn't bet)
Seat 7: 2ec1d5f1 showed [5s 5h] and lost with Pair of Fives
Seat 5: Hero(big blind) showed [Tc Ah] and won ($10) with Pair of Tens
Seat 6: 51d2fd1a folded before Flop (didn't bet)
Seat 3: 99ce2105(small blind) folded before Flop



Poker Hand #ring_952116299: NLH No Limit ($2/$4) - 2025/06/23 17:20:22
Table 'MR NLH 2/4' 7-max Seat #7 is the button
Seat 2: c4e54c5a ($200 in chips)
Seat 7: 2ec1d5f1 ($226.42 in chips)
Seat 5: Hero ($442.17 in chips)
Seat 6: 51d2fd1a ($842.65 in chips)
Seat 3: 99ce2105 ($990.75 in chips)
c4e54c5a: posts small blind $2
99ce2105: posts big blind $4
*** HOLE CARDS ***
Dealt to c4e54c5a 
Dealt to 2ec1d5f1 
Dealt to Hero [5d 8s]
Dealt to 51d2fd1a 
Dealt to 99ce2105 
Hero: folds
51d2fd1a: folds
2ec1d5f1: folds
c4e54c5a: raises $8 to $12
99ce2105: folds
Uncalled bet ($8) returned to c4e54c5a
*** SHOWDOWN ***
c4e54c5a collected $8 from pot
*** SUMMARY ***
Total pot $8
Seat 2: c4e54c5a(small blind)won ($8)
Seat 7: 2ec1d5f1 folded before Flop (didn't bet)
Seat 5: Hero folded before Flop (didn't bet)
Seat 6: 51d2fd1a folded before Flop (didn't bet)
Seat 3: 99ce2105(big blind) folded before Flop



Poker Hand #ring_952115845: NLH No Limit ($2/$4) - 2025/06/23 17:20:00
Table 'MR NLH 2/4' 7-max Seat #6 is the button
Seat 2: c4e54c5a ($198 in chips)
Seat 7: 2ec1d5f1 ($228.42 in chips)
Seat 5: Hero ($442.17 in chips)
Seat 6: 51d2fd1a ($842.65 in chips)
Seat 3: 99ce2105 ($990.75 in chips)
2ec1d5f1: posts small blind $2
c4e54c5a: posts big blind $4
*** HOLE CARDS ***
Dealt to c4e54c5a 
Dealt to 2ec1d5f1 
Dealt to Hero [Qd 6d]
Dealt to 51d2fd1a 
Dealt to 99ce2105 
99ce2105: folds
Hero: folds
51d2fd1a: folds
2ec1d5f1: folds
*** SHOWDOWN ***
c4e54c5a collected $6 from pot
*** SUMMARY ***
Total pot $6
Seat 2: c4e54c5a(big blind)won ($6)
Seat 7: 2ec1d5f1(small blind) folded before Flop
Seat 5: Hero folded before Flop (didn't bet)
Seat 6: 51d2fd1a folded before Flop (didn't bet)
Seat 3: 99ce2105 folded before Flop (didn't bet)



Poker Hand #ring_952114509: NLH No Limit ($2/$4) - 2025/06/23 17:18:55
Table 'MR NLH 2/4' 7-max Seat #5 is the button
Seat 2: c4e54c5a ($198 in chips)
Seat 7: 2ec1d5f1 ($232.42 in chips)
Seat 5: Hero ($416.51 in chips)
Seat 6: 51d2fd1a ($844.65 in chips)
Seat 3: 99ce2105 ($1,013.75 in chips)
51d2fd1a: posts small blind $2
2ec1d5f1: posts big blind $4
*** HOLE CARDS ***
Dealt to c4e54c5a 
Dealt to 2ec1d5f1 
Dealt to Hero [8s As]
Dealt to 51d2fd1a 
Dealt to 99ce2105 
c4e54c5a: folds
99ce2105: raises $6 to $10
Hero: calls $10
51d2fd1a: folds
2ec1d5f1: folds
*** FLOP *** [Jc 6c 4s]
99ce2105: bets $13
Hero: calls $13
*** TURN *** [Jc 6c 4s] [4h]
99ce2105: checks
Hero: checks
*** RIVER *** [Jc 6c 4s 4h] [6h]
99ce2105: checks
Hero: checks
99ce2105: shows [Ks 9s]
Hero: shows [8s As]
*** SHOWDOWN ***
Hero collected $52 from pot
*** SUMMARY ***
Total pot $52
Board [Jc 6c 4s 4h 6h]
Seat 2: c4e54c5a folded before Flop (didn't bet)
Seat 7: 2ec1d5f1(big blind) folded before Flop
Seat 5: Hero showed [8s As] and won ($52) with Pair of Sixes and Pair of Fours
Seat 6: 51d2fd1a(small blind) folded before Flop
Seat 3: 99ce2105 showed [Ks 9s] and lost with Pair of Sixes and Pair of Fours



Poker Hand #ring_952113085: NLH No Limit ($2/$4) - 2025/06/23 17:17:47
Table 'MR NLH 2/4' 7-max Seat #3 is the button
Seat 2: c4e54c5a ($200 in chips)
Seat 7: 2ec1d5f1 ($232.42 in chips)
Seat 5: Hero ($418.51 in chips)
Seat 6: 51d2fd1a ($862.57 in chips)
Seat 3: 99ce2105 ($993.62 in chips)
Hero: posts small blind $2
51d2fd1a: posts big blind $4
c4e54c5a: posts big blind $0
c4e54c5a: posts small blind $2
*** HOLE CARDS ***
Dealt to c4e54c5a 
Dealt to 2ec1d5f1 
Dealt to Hero [Ah 3s]
Dealt to 51d2fd1a 
Dealt to 99ce2105 
2ec1d5f1: folds
c4e54c5a: folds
99ce2105: raises $6 to $10
Hero: folds
51d2fd1a: calls $6
*** FLOP *** [4d Js 3c]
51d2fd1a: checks
99ce2105: bets $7.92
51d2fd1a: calls $7.92
*** TURN *** [4d Js 3c] [9d]
51d2fd1a: checks
99ce2105: checks
*** RIVER *** [4d Js 3c 9d] [9h]
51d2fd1a: checks
99ce2105: bets $48
51d2fd1a: folds
Uncalled bet ($48) returned to 99ce2105
99ce2105: shows [8d]
*** SHOWDOWN ***
99ce2105 collected $39.84 from pot
*** SUMMARY ***
Total pot $37.84
Board [4d Js 3c 9d 9h]
Seat 2: c4e54c5a folded before Flop (didn't bet)
Seat 7: 2ec1d5f1 folded before Flop (didn't bet)
Seat 5: Hero(small blind) folded before Flop
Seat 6: 51d2fd1a(big blind) folded on the River
Seat 3: 99ce2105 showed [8d] and won ($39.84) with Three Nines



Poker Hand #ring_952112644: NLH No Limit ($2/$4) - 2025/06/23 17:17:25
Table 'MR NLH 2/4' 7-max Seat #0 is the button
Seat 7: 2ec1d5f1 ($232.42 in chips)
Seat 5: Hero ($416.51 in chips)
Seat 6: 51d2fd1a ($862.57 in chips)
Seat 3: 99ce2105 ($995.62 in chips)
99ce2105: posts small blind $2
Hero: posts big blind $4
*** HOLE CARDS ***
Dealt to 2ec1d5f1 
Dealt to Hero [Jc Jd]
Dealt to 51d2fd1a 
Dealt to 99ce2105 
51d2fd1a: folds
2ec1d5f1: folds
99ce2105: folds
*** SHOWDOWN ***
Hero collected $6 from pot
*** SUMMARY ***
Total pot $6
Seat 7: 2ec1d5f1 folded before Flop (didn't bet)
Seat 5: Hero(big blind)won ($6)
Seat 6: 51d2fd1a folded before Flop (didn't bet)
Seat 3: 99ce2105(small blind) folded before Flop



Poker Hand #ring_952112171: NLH No Limit ($2/$4) - 2025/06/23 17:17:04
Table 'MR NLH 2/4' 7-max Seat #0 is the button
Seat 7: 2ec1d5f1 ($232.42 in chips)
Seat 5: Hero ($416.51 in chips)
Seat 6: 51d2fd1a ($858.57 in chips)
Seat 3: 99ce2105 ($999.62 in chips)
99ce2105: posts big blind $4
*** HOLE CARDS ***
Dealt to 2ec1d5f1 
Dealt to Hero [Qh 4s]
Dealt to 51d2fd1a 
Dealt to 99ce2105 
Hero: folds
51d2fd1a: raises $8 to $12
2ec1d5f1: folds
99ce2105: folds
Uncalled bet ($8) returned to 51d2fd1a
*** SHOWDOWN ***
51d2fd1a collected $8 from pot
*** SUMMARY ***
Total pot $8
Seat 7: 2ec1d5f1 folded before Flop (didn't bet)
Seat 5: Hero folded before Flop (didn't bet)
Seat 6: 51d2fd1awon ($8)
Seat 3: 99ce2105(big blind) folded before Flop



Poker Hand #ring_952111265: NLH No Limit ($2/$4) - 2025/06/23 17:16:19
Table 'MR NLH 2/4' 7-max Seat #7 is the button
Seat 2: c4e54c5a ($200 in chips)
Seat 7: 2ec1d5f1 ($232.42 in chips)
Seat 5: Hero ($416.51 in chips)
Seat 6: 51d2fd1a ($854.57 in chips)
Seat 3: 99ce2105 ($999.62 in chips)
c4e54c5a: posts big blind $4
*** HOLE CARDS ***
Dealt to c4e54c5a 
Dealt to 2ec1d5f1 
Dealt to Hero [4d 7h]
Dealt to 51d2fd1a 
Dealt to 99ce2105 
99ce2105: folds
Hero: folds
51d2fd1a: raises $6 to $10
2ec1d5f1: folds
c4e54c5a: folds
Uncalled bet ($6) returned to 51d2fd1a
*** SHOWDOWN ***
51d2fd1a collected $8 from pot
*** SUMMARY ***
Total pot $8
Seat 2: c4e54c5a(big blind) folded before Flop
Seat 7: 2ec1d5f1 folded before Flop (didn't bet)
Seat 5: Hero folded before Flop (didn't bet)
Seat 6: 51d2fd1awon ($8)
Seat 3: 99ce2105 folded before Flop (didn't bet)



Poker Hand #ring_952110435: NLH No Limit ($2/$4) - 2025/06/23 17:15:40
Table 'MR NLH 2/4' 7-max Seat #6 is the button
Seat 1: 21598392 ($468 in chips)
Seat 2: c4e54c5a ($200 in chips)
Seat 7: 2ec1d5f1 ($234.42 in chips)
Seat 5: Hero ($416.51 in chips)
Seat 6: 51d2fd1a ($848.57 in chips)
Seat 3: 99ce2105 ($999.62 in chips)
2ec1d5f1: posts small blind $2
21598392: posts big blind $4
*** HOLE CARDS ***
Dealt to 21598392 
Dealt to c4e54c5a 
Dealt to 2ec1d5f1 
Dealt to Hero [8s Ah]
Dealt to 51d2fd1a 
Dealt to 99ce2105 
c4e54c5a: folds
99ce2105: folds
Hero: folds
51d2fd1a: raises $8 to $12
2ec1d5f1: folds
21598392: folds
Uncalled bet ($8) returned to 51d2fd1a
*** SHOWDOWN ***
51d2fd1a collected $10 from pot
*** SUMMARY ***
Total pot $10
Seat 1: 21598392(big blind) folded before Flop
Seat 2: c4e54c5a folded before Flop (didn't bet)
Seat 7: 2ec1d5f1(small blind) folded before Flop
Seat 5: Hero folded before Flop (didn't bet)
Seat 6: 51d2fd1awon ($10)
Seat 3: 99ce2105 folded before Flop (didn't bet)



Poker Hand #ring_952109397: NLH No Limit ($2/$4) - 2025/06/23 17:14:48
Table 'MR NLH 2/4' 7-max Seat #5 is the button
Seat 4: 61936a9f ($466 in chips)
Seat 2: c4e54c5a ($200 in chips)
Seat 7: 2ec1d5f1 ($244.42 in chips)
Seat 5: Hero ($416.51 in chips)
Seat 6: 51d2fd1a ($850.57 in chips)
Seat 3: 99ce2105 ($988.61 in chips)
51d2fd1a: posts small blind $2
2ec1d5f1: posts big blind $4
*** HOLE CARDS ***
Dealt to 61936a9f 
Dealt to c4e54c5a 
Dealt to 2ec1d5f1 
Dealt to Hero [6h 8c]
Dealt to 51d2fd1a 
Dealt to 99ce2105 
c4e54c5a: folds
99ce2105: raises $6 to $10
61936a9f: folds
Hero: folds
51d2fd1a: folds
2ec1d5f1: calls $6
*** FLOP *** [7s 8d 4s]
2ec1d5f1: checks
99ce2105: checks
*** TURN *** [7s 8d 4s] [Kh]
2ec1d5f1: checks
99ce2105: bets $16.5
2ec1d5f1: folds
Uncalled bet ($16.5) returned to 99ce2105
*** SHOWDOWN ***
99ce2105 collected $22 from pot
*** SUMMARY ***
Total pot $22
Board [7s 8d 4s Kh]
Seat 4: 61936a9f folded before Flop (didn't bet)
Seat 2: c4e54c5a folded before Flop (didn't bet)
Seat 7: 2ec1d5f1(big blind) folded on the Turn
Seat 5: Hero folded before Flop (didn't bet)
Seat 6: 51d2fd1a(small blind) folded before Flop
Seat 3: 99ce2105won ($22) with Ace-High



Poker Hand #ring_952108193: NLH No Limit ($2/$4) - 2025/06/23 17:13:50
Table 'MR NLH 2/4' 7-max Seat #4 is the button
Seat 4: 61936a9f ($480 in chips)
Seat 2: c4e54c5a ($200 in chips)
Seat 7: 2ec1d5f1 ($244.42 in chips)
Seat 5: Hero ($418.51 in chips)
Seat 6: 51d2fd1a ($854.57 in chips)
Seat 3: 99ce2105 ($966.32 in chips)
Hero: posts small blind $2
51d2fd1a: posts big blind $4
c4e54c5a: posts big blind $4
*** HOLE CARDS ***
Dealt to 61936a9f 
Dealt to c4e54c5a 
Dealt to 2ec1d5f1 
Dealt to Hero [9h Ac]
Dealt to 51d2fd1a 
Dealt to 99ce2105 
2ec1d5f1: folds
c4e54c5a: checks
99ce2105: raises $10 to $14
61936a9f: calls $14
Hero: folds
51d2fd1a: folds
c4e54c5a: folds
*** FLOP *** [4s 6d 3c]
99ce2105: checks
61936a9f: checks
*** TURN *** [4s 6d 3c] [7h]
99ce2105: checks
61936a9f: checks
*** RIVER *** [4s 6d 3c 7h] [2d]
99ce2105: checks
61936a9f: checks
99ce2105: shows [Ks Ts]
61936a9f: shows [Jd Qd]
*** SHOWDOWN ***
99ce2105 collected $38 from pot
*** SUMMARY ***
Total pot $38
Board [4s 6d 3c 7h 2d]
Seat 4: 61936a9f showed [Jd Qd] and lost with Queen-High
Seat 2: c4e54c5a folded before Flop
Seat 7: 2ec1d5f1 folded before Flop (didn't bet)
Seat 5: Hero(small blind) folded before Flop
Seat 6: 51d2fd1a(big blind) folded before Flop
Seat 3: 99ce2105 showed [Ks Ts] and won ($38) with King-High



Poker Hand #ring_952107302: NLH No Limit ($2/$4) - 2025/06/23 17:13:05
Table 'MR NLH 2/4' 7-max Seat #3 is the button
Seat 4: 61936a9f ($488 in chips)
Seat 7: 2ec1d5f1 ($244.42 in chips)
Seat 5: Hero ($411.23 in chips)
Seat 6: 51d2fd1a ($854.57 in chips)
Seat 3: 99ce2105 ($966.32 in chips)
61936a9f: posts small blind $2
Hero: posts big blind $4
*** HOLE CARDS ***
Dealt to 61936a9f 
Dealt to 2ec1d5f1 
Dealt to Hero [Qd Th]
Dealt to 51d2fd1a 
Dealt to 99ce2105 
51d2fd1a: folds
2ec1d5f1: folds
99ce2105: folds
61936a9f: raises $4 to $8
Hero: calls $4
*** FLOP *** [Ad 7d 6c]
61936a9f: checks
Hero: checks
*** TURN *** [Ad 7d 6c] [3d]
61936a9f: checks
Hero: bets $12.8
61936a9f: folds
Uncalled bet ($12.8) returned to Hero
*** SHOWDOWN ***
Hero collected $16 from pot
*** SUMMARY ***
Total pot $16
Board [Ad 7d 6c 3d]
Seat 4: 61936a9f(small blind) folded on the Turn
Seat 7: 2ec1d5f1 folded before Flop (didn't bet)
Seat 5: Hero(big blind)won ($16) with Ace-High
Seat 6: 51d2fd1a folded before Flop (didn't bet)
Seat 3: 99ce2105 folded before Flop (didn't bet)



