Poker Hand #ring_935600250: NLH No Limit ($2/$4) - 2025/06/14 17:36:28
Table 'MR NLH 2/4' 7-max Seat #4 is the button
Seat 2: dcfe4067 ($441.23 in chips)
Seat 5: 10da14f0 ($259.73 in chips)
Seat 4: 9de89398 ($137.46 in chips)
Seat 7: 841f5f ($324.63 in chips)
Seat 1: Hero ($911.89 in chips)
Seat 3: 64efb1d7 ($1,904.33 in chips)
10da14f0: posts small blind $2
841f5f: posts big blind $4
*** HOLE CARDS ***
Dealt to dcfe4067 
Dealt to 10da14f0 
Dealt to 9de89398 
Dealt to 841f5f 
Dealt to Hero [3s 3h]
Dealt to 64efb1d7 
Hero: raises $8 to $12
dcfe4067: folds
64efb1d7: folds
9de89398: folds
10da14f0: folds
841f5f: folds
Uncalled bet ($8) returned to Hero
*** SHOWDOWN ***
Hero collected $10 from pot
*** SUMMARY ***
Total pot $10
Seat 2: dcfe4067 folded before Flop (didn't bet)
Seat 5: 10da14f0(small blind) folded before Flop
Seat 4: 9de89398 folded before Flop (didn't bet)
Seat 7: 841f5f(big blind) folded before Flop
Seat 1: Herowon ($10)
Seat 3: 64efb1d7 folded before Flop (didn't bet)



Poker Hand #ring_935599003: NLH No Limit ($2/$4) - 2025/06/14 17:35:31
Table 'MR NLH 2/4' 7-max Seat #3 is the button
Seat 2: dcfe4067 ($376.53 in chips)
Seat 5: 10da14f0 ($263.73 in chips)
Seat 4: 9de89398 ($205.46 in chips)
Seat 7: 841f5f ($324.63 in chips)
Seat 1: Hero ($911.89 in chips)
Seat 3: 64efb1d7 ($1,904.33 in chips)
9de89398: posts small blind $2
10da14f0: posts big blind $4
*** HOLE CARDS ***
Dealt to dcfe4067 
Dealt to 10da14f0 
Dealt to 9de89398 
Dealt to 841f5f 
Dealt to Hero [2s 5h]
Dealt to 64efb1d7 
841f5f: folds
Hero: folds
dcfe4067: raises $8 to $12
64efb1d7: folds
9de89398: calls $10
10da14f0: folds
*** FLOP *** [Jc 3c 4d]
9de89398: checks
dcfe4067: bets $21
9de89398: raises $35 to $56
dcfe4067: calls $35
*** TURN *** [Jc 3c 4d] [Jd]
9de89398: checks
dcfe4067: bets $140
9de89398: folds
Uncalled bet ($140) returned to dcfe4067
*** SHOWDOWN ***
dcfe4067 collected $140 from pot
*** SUMMARY ***
Total pot $140
Board [Jc 3c 4d Jd]
Seat 2: dcfe4067won ($140) with Three Jacks
Seat 5: 10da14f0(big blind) folded before Flop
Seat 4: 9de89398(small blind) folded on the Turn
Seat 7: 841f5f folded before Flop (didn't bet)
Seat 1: Hero folded before Flop (didn't bet)
Seat 3: 64efb1d7 folded before Flop (didn't bet)



Poker Hand #ring_935598186: NLH No Limit ($2/$4) - 2025/06/14 17:34:53
Table 'MR NLH 2/4' 7-max Seat #2 is the button
Seat 2: dcfe4067 ($376.53 in chips)
Seat 5: 10da14f0 ($305.73 in chips)
Seat 4: 9de89398 ($209.46 in chips)
Seat 7: 841f5f ($281.68 in chips)
Seat 1: Hero ($911.89 in chips)
Seat 6: dda429b2 ($1,008.93 in chips)
Seat 3: 64efb1d7 ($1,906.33 in chips)
64efb1d7: posts small blind $2
9de89398: posts big blind $4
*** HOLE CARDS ***
Dealt to dcfe4067 
Dealt to 10da14f0 
Dealt to 9de89398 
Dealt to 841f5f 
Dealt to Hero [6d Jd]
Dealt to dda429b2 
Dealt to 64efb1d7 
10da14f0: raises $8 to $12
dda429b2: folds
841f5f: raises $30 to $42
Hero: folds
dcfe4067: folds
64efb1d7: folds
9de89398: folds
10da14f0: calls $30
*** FLOP *** [3d Qc 5s]
10da14f0: checks
841f5f: bets $45
10da14f0: folds
Uncalled bet ($45) returned to 841f5f
*** SHOWDOWN ***
841f5f collected $90 from pot
*** SUMMARY ***
Total pot $90
Board [3d Qc 5s]
Seat 2: dcfe4067 folded before Flop (didn't bet)
Seat 5: 10da14f0 folded on the Flop
Seat 4: 9de89398(big blind) folded before Flop
Seat 7: 841f5fwon ($90) with Pair of Queens
Seat 1: Hero folded before Flop (didn't bet)
Seat 6: dda429b2 folded before Flop (didn't bet)
Seat 3: 64efb1d7(small blind) folded before Flop



Poker Hand #ring_935596177: NLH No Limit ($2/$4) - 2025/06/14 17:33:23
Table 'MR NLH 2/4' 7-max Seat #1 is the button
Seat 2: dcfe4067 ($385.33 in chips)
Seat 5: 10da14f0 ($305.73 in chips)
Seat 4: 9de89398 ($218.26 in chips)
Seat 7: 841f5f ($292.48 in chips)
Seat 1: Hero ($911.89 in chips)
Seat 6: dda429b2 ($1,008.93 in chips)
Seat 3: 64efb1d7 ($1,879.6 in chips)
dcfe4067: posts small blind $2
64efb1d7: posts big blind $4
841f5f: posts big blind $4
841f5f: posts small blind $2
*** HOLE CARDS ***
Dealt to dcfe4067 
Dealt to 10da14f0 
Dealt to 9de89398 
Dealt to 841f5f 
Dealt to Hero [8h Td]
Dealt to dda429b2 
Dealt to 64efb1d7 
9de89398: raises $4.8 to $8.8
10da14f0: folds
dda429b2: folds
841f5f: calls $4.8
Hero: folds
dcfe4067: calls $6.8
64efb1d7: calls $4.8
*** FLOP *** [Jh As Tc]
dcfe4067: checks
64efb1d7: checks
9de89398: checks
841f5f: checks
*** TURN *** [Jh As Tc] [Ac]
dcfe4067: checks
64efb1d7: checks
9de89398: checks
841f5f: checks
*** RIVER *** [Jh As Tc Ac] [Ad]
dcfe4067: checks
64efb1d7: checks
9de89398: checks
841f5f: checks
dcfe4067: shows [9c 5c]
64efb1d7: shows [Jc 4h]
9de89398: shows [Qh Ts]
841f5f: shows [2s Ks]
*** SHOWDOWN ***
64efb1d7 collected $37.2 from pot
*** SUMMARY ***
Total pot $35.2
Board [Jh As Tc Ac Ad]
Seat 2: dcfe4067(small blind) showed [9c 5c] and lost with Three Aces
Seat 5: 10da14f0 folded before Flop (didn't bet)
Seat 4: 9de89398 showed [Qh Ts] and lost with Aces Full over Tens
Seat 7: 841f5f showed [2s Ks] and lost with Three Aces
Seat 1: Hero folded before Flop (didn't bet)
Seat 6: dda429b2 folded before Flop (didn't bet)
Seat 3: 64efb1d7(big blind) showed [Jc 4h] and won ($37.2) with Aces Full over Jacks



Poker Hand #ring_935594489: NLH No Limit ($2/$4) - 2025/06/14 17:32:06
Table 'MR NLH 2/4' 7-max Seat #6 is the button
Seat 2: dcfe4067 ($394.13 in chips)
Seat 5: 10da14f0 ($305.73 in chips)
Seat 4: 9de89398 ($174.96 in chips)
Seat 1: Hero ($951.33 in chips)
Seat 6: dda429b2 ($1,008.93 in chips)
Seat 3: 64efb1d7 ($1,879.6 in chips)
Hero: posts small blind $2
dcfe4067: posts big blind $4
*** HOLE CARDS ***
Dealt to dcfe4067 
Dealt to 10da14f0 
Dealt to 9de89398 
Dealt to Hero [8h 9d]
Dealt to dda429b2 
Dealt to 64efb1d7 
64efb1d7: folds
9de89398: raises $4.8 to $8.8
10da14f0: folds
dda429b2: folds
Hero: calls $6.8
dcfe4067: calls $4.8
*** FLOP *** [As 6s 5d]
Hero: checks
dcfe4067: checks
9de89398: checks
*** TURN *** [As 6s 5d] [4d]
Hero: checks
dcfe4067: checks
9de89398: bets $8.72
Hero: calls $8.72
dcfe4067: folds
*** RIVER *** [As 6s 5d 4d] [Ac]
Hero: bets $21.92
9de89398: calls $21.92
Hero: shows [8h 9d]
9de89398: shows [Kd 6d]
*** SHOWDOWN ***
9de89398 collected $87.68 from pot
*** SUMMARY ***
Total pot $87.68
Board [As 6s 5d 4d Ac]
Seat 2: dcfe4067(big blind) folded on the Turn
Seat 5: 10da14f0 folded before Flop (didn't bet)
Seat 4: 9de89398 showed [Kd 6d] and won ($87.68) with Pair of Aces and Pair of Sixes
Seat 1: Hero(small blind) showed [8h 9d] and lost with Pair of Aces
Seat 6: dda429b2 folded before Flop (didn't bet)
Seat 3: 64efb1d7 folded before Flop (didn't bet)



Poker Hand #ring_935593079: NLH No Limit ($2/$4) - 2025/06/14 17:31:02
Table 'MR NLH 2/4' 7-max Seat #5 is the button
Seat 2: dcfe4067 ($406.13 in chips)
Seat 5: 10da14f0 ($317.73 in chips)
Seat 4: 9de89398 ($174.96 in chips)
Seat 1: Hero ($927.04 in chips)
Seat 6: dda429b2 ($1,010.93 in chips)
Seat 3: 64efb1d7 ($1,879.6 in chips)
dda429b2: posts small blind $2
Hero: posts big blind $4
*** HOLE CARDS ***
Dealt to dcfe4067 
Dealt to 10da14f0 
Dealt to 9de89398 
Dealt to Hero [3c 7c]
Dealt to dda429b2 
Dealt to 64efb1d7 
dcfe4067: raises $8 to $12
64efb1d7: folds
9de89398: folds
10da14f0: calls $12
dda429b2: folds
Hero: calls $8
*** FLOP *** [Qd 9h Kh]
Hero: checks
dcfe4067: checks
10da14f0: checks
*** TURN *** [Qd 9h Kh] [Td]
Hero: checks
dcfe4067: checks
10da14f0: checks
*** RIVER *** [Qd 9h Kh Td] [3s]
Hero: checks
dcfe4067: checks
10da14f0: checks
Hero: shows [3c 7c]
dcfe4067: shows [2d 2c]
10da14f0: shows [7s As]
*** SHOWDOWN ***
Hero collected $38 from pot
*** SUMMARY ***
Total pot $38
Board [Qd 9h Kh Td 3s]
Seat 2: dcfe4067 showed [2d 2c] and lost with Pair of Twos
Seat 5: 10da14f0 showed [7s As] and lost with Ace-High
Seat 4: 9de89398 folded before Flop (didn't bet)
Seat 1: Hero(big blind) showed [3c 7c] and won ($38) with Pair of Treys
Seat 6: dda429b2(small blind) folded before Flop
Seat 3: 64efb1d7 folded before Flop (didn't bet)



Poker Hand #ring_935591867: NLH No Limit ($2/$4) - 2025/06/14 17:30:07
Table 'MR NLH 2/4' 7-max Seat #4 is the button
Seat 2: dcfe4067 ($370 in chips)
Seat 5: 10da14f0 ($319.73 in chips)
Seat 4: 9de89398 ($174.96 in chips)
Seat 1: Hero ($927.04 in chips)
Seat 6: dda429b2 ($1,014.93 in chips)
Seat 3: 64efb1d7 ($1,914.1 in chips)
10da14f0: posts small blind $2
dda429b2: posts big blind $4
*** HOLE CARDS ***
Dealt to dcfe4067 
Dealt to 10da14f0 
Dealt to 9de89398 
Dealt to Hero [Ac 7d]
Dealt to dda429b2 
Dealt to 64efb1d7 
Hero: folds
dcfe4067: raises $8 to $12
64efb1d7: calls $12
9de89398: folds
10da14f0: folds
dda429b2: folds
*** FLOP *** [5h Qc Tc]
dcfe4067: bets $22.5
64efb1d7: calls $22.5
*** TURN *** [5h Qc Tc] [3h]
dcfe4067: bets $56.24
64efb1d7: folds
Uncalled bet ($56.24) returned to dcfe4067
*** SHOWDOWN ***
dcfe4067 collected $75 from pot
*** SUMMARY ***
Total pot $75
Board [5h Qc Tc 3h]
Seat 2: dcfe4067won ($75) with Pair of Queens
Seat 5: 10da14f0(small blind) folded before Flop
Seat 4: 9de89398 folded before Flop (didn't bet)
Seat 1: Hero folded before Flop (didn't bet)
Seat 6: dda429b2(big blind) folded before Flop
Seat 3: 64efb1d7 folded on the Turn



Poker Hand #ring_935591365: NLH No Limit ($2/$4) - 2025/06/14 17:29:44
Table 'MR NLH 2/4' 7-max Seat #3 is the button
Seat 2: dcfe4067 ($370 in chips)
Seat 5: 10da14f0 ($323.73 in chips)
Seat 4: 9de89398 ($176.96 in chips)
Seat 1: Hero ($921.04 in chips)
Seat 6: dda429b2 ($1,014.93 in chips)
Seat 3: 64efb1d7 ($1,914.1 in chips)
9de89398: posts small blind $2
10da14f0: posts big blind $4
*** HOLE CARDS ***
Dealt to dcfe4067 
Dealt to 10da14f0 
Dealt to 9de89398 
Dealt to Hero [Ah Th]
Dealt to dda429b2 
Dealt to 64efb1d7 
dda429b2: folds
Hero: raises $8 to $12
dcfe4067: folds
64efb1d7: folds
9de89398: folds
10da14f0: folds
Uncalled bet ($8) returned to Hero
*** SHOWDOWN ***
Hero collected $10 from pot
*** SUMMARY ***
Total pot $10
Seat 2: dcfe4067 folded before Flop (didn't bet)
Seat 5: 10da14f0(big blind) folded before Flop
Seat 4: 9de89398(small blind) folded before Flop
Seat 1: Herowon ($10)
Seat 6: dda429b2 folded before Flop (didn't bet)
Seat 3: 64efb1d7 folded before Flop (didn't bet)



Poker Hand #ring_935590246: NLH No Limit ($2/$4) - 2025/06/14 17:28:54
Table 'MR NLH 2/4' 7-max Seat #2 is the button
Seat 2: dcfe4067 ($370 in chips)
Seat 5: 10da14f0 ($323.73 in chips)
Seat 4: 9de89398 ($200 in chips)
Seat 1: Hero ($921.04 in chips)
Seat 6: dda429b2 ($1,014.93 in chips)
Seat 3: 64efb1d7 ($1,894.13 in chips)
64efb1d7: posts small blind $2
9de89398: posts big blind $4
*** HOLE CARDS ***
Dealt to dcfe4067 
Dealt to 10da14f0 
Dealt to 9de89398 
Dealt to Hero [2h Jc]
Dealt to dda429b2 
Dealt to 64efb1d7 
10da14f0: folds
dda429b2: folds
Hero: folds
dcfe4067: folds
64efb1d7: calls $2
9de89398: checks
*** FLOP *** [Qc 4s 3h]
64efb1d7: bets $5.6
9de89398: calls $5.6
*** TURN *** [Qc 4s 3h] [Qd]
64efb1d7: bets $13.44
9de89398: calls $13.44
*** RIVER *** [Qc 4s 3h Qd] [6h]
64efb1d7: bets $41.48
9de89398: folds
Uncalled bet ($41.48) returned to 64efb1d7
*** SHOWDOWN ***
64efb1d7 collected $46.08 from pot
*** SUMMARY ***
Total pot $46.08
Board [Qc 4s 3h Qd 6h]
Seat 2: dcfe4067 folded before Flop (didn't bet)
Seat 5: 10da14f0 folded before Flop (didn't bet)
Seat 4: 9de89398(big blind) folded on the River
Seat 1: Hero folded before Flop (didn't bet)
Seat 6: dda429b2 folded before Flop (didn't bet)
Seat 3: 64efb1d7(small blind)won ($46.08) with Three Queens



Poker Hand #ring_935588318: NLH No Limit ($2/$4) - 2025/06/14 17:27:29
Table 'MR NLH 2/4' 7-max Seat #1 is the button
Seat 2: dcfe4067 ($372 in chips)
Seat 5: 10da14f0 ($323.73 in chips)
Seat 1: Hero ($845.53 in chips)
Seat 6: dda429b2 ($1,054.93 in chips)
Seat 3: 64efb1d7 ($1,934.13 in chips)
dcfe4067: posts small blind $2
64efb1d7: posts big blind $4
*** HOLE CARDS ***
Dealt to dcfe4067 
Dealt to 10da14f0 
Dealt to Hero [As Ah]
Dealt to dda429b2 
Dealt to 64efb1d7 
10da14f0: folds
dda429b2: raises $8 to $12
Hero: raises $28 to $40
dcfe4067: folds
64efb1d7: calls $36
dda429b2: calls $28
*** FLOP *** [8d Tc Ts]
64efb1d7: checks
dda429b2: checks
Hero: checks
*** TURN *** [8d Tc Ts] [9d]
64efb1d7: checks
dda429b2: checks
Hero: bets $97.6
64efb1d7: folds
dda429b2: folds
Uncalled bet ($97.6) returned to Hero
*** SHOWDOWN ***
Hero collected $122 from pot
*** SUMMARY ***
Total pot $122
Board [8d Tc Ts 9d]
Seat 2: dcfe4067(small blind) folded before Flop
Seat 5: 10da14f0 folded before Flop (didn't bet)
Seat 1: Herowon ($122) with Pair of Aces and Pair of Tens
Seat 6: dda429b2 folded on the Turn
Seat 3: 64efb1d7(big blind) folded on the Turn



Poker Hand #ring_935587614: NLH No Limit ($2/$4) - 2025/06/14 17:26:57
Table 'MR NLH 2/4' 7-max Seat #0 is the button
Seat 2: dcfe4067 ($384 in chips)
Seat 4: 6efd51d7 ($564.09 in chips)
Seat 5: 10da14f0 ($310.9 in chips)
Seat 1: Hero ($847.53 in chips)
Seat 6: dda429b2 ($1,054.93 in chips)
Seat 3: 64efb1d7 ($1,934.13 in chips)
Hero: posts small blind $2
dcfe4067: posts big blind $4
*** HOLE CARDS ***
Dealt to dcfe4067 
Dealt to 6efd51d7 
Dealt to 10da14f0 
Dealt to Hero [2c 5d]
Dealt to dda429b2 
Dealt to 64efb1d7 
64efb1d7: folds
6efd51d7: folds
10da14f0: raises $8 to $12
dda429b2: folds
Hero: folds
dcfe4067: calls $8
*** FLOP *** [5c Kd Qh]
dcfe4067: checks
10da14f0: bets $8.58
dcfe4067: folds
Uncalled bet ($8.58) returned to 10da14f0
Hero: shows [5d]
*** SHOWDOWN ***
10da14f0 collected $26 from pot
*** SUMMARY ***
Total pot $26
Board [5c Kd Qh]
Seat 2: dcfe4067(big blind) folded on the Flop
Seat 4: 6efd51d7 folded before Flop (didn't bet)
Seat 5: 10da14f0won ($26) with Pair of Queens
Seat 1: Hero(small blind) folded before Flop
Seat 6: dda429b2 folded before Flop (didn't bet)
Seat 3: 64efb1d7 folded before Flop (didn't bet)



Poker Hand #ring_935586747: NLH No Limit ($2/$4) - 2025/06/14 17:26:18
Table 'MR NLH 2/4' 7-max Seat #6 is the button
Seat 2: dcfe4067 ($384 in chips)
Seat 4: 6efd51d7 ($564.09 in chips)
Seat 5: 10da14f0 ($310.9 in chips)
Seat 7: 841f5f ($294.48 in chips)
Seat 1: Hero ($845.53 in chips)
Seat 6: dda429b2 ($1,054.93 in chips)
Seat 3: 64efb1d7 ($1,934.13 in chips)
841f5f: posts small blind $2
Hero: posts big blind $4
*** HOLE CARDS ***
Dealt to dcfe4067 
Dealt to 6efd51d7 
Dealt to 10da14f0 
Dealt to 841f5f 
Dealt to Hero [Td Kh]
Dealt to dda429b2 
Dealt to 64efb1d7 
dcfe4067: folds
64efb1d7: folds
6efd51d7: folds
10da14f0: folds
dda429b2: folds
841f5f: folds
*** SHOWDOWN ***
Hero collected $6 from pot
*** SUMMARY ***
Total pot $6
Seat 2: dcfe4067 folded before Flop (didn't bet)
Seat 4: 6efd51d7 folded before Flop (didn't bet)
Seat 5: 10da14f0 folded before Flop (didn't bet)
Seat 7: 841f5f(small blind) folded before Flop
Seat 1: Hero(big blind)won ($6)
Seat 6: dda429b2 folded before Flop (didn't bet)
Seat 3: 64efb1d7 folded before Flop (didn't bet)



Poker Hand #ring_935585698: NLH No Limit ($2/$4) - 2025/06/14 17:25:31
Table 'MR NLH 2/4' 7-max Seat #5 is the button
Seat 2: dcfe4067 ($384 in chips)
Seat 4: 6efd51d7 ($564.09 in chips)
Seat 5: 10da14f0 ($298.07 in chips)
Seat 7: 841f5f ($306.48 in chips)
Seat 1: Hero ($845.53 in chips)
Seat 6: dda429b2 ($1,056.93 in chips)
Seat 3: 64efb1d7 ($1,934.13 in chips)
dda429b2: posts small blind $2
841f5f: posts big blind $4
*** HOLE CARDS ***
Dealt to dcfe4067 
Dealt to 6efd51d7 
Dealt to 10da14f0 
Dealt to 841f5f 
Dealt to Hero [Qs 5d]
Dealt to dda429b2 
Dealt to 64efb1d7 
Hero: folds
dcfe4067: folds
64efb1d7: folds
6efd51d7: folds
10da14f0: raises $8 to $12
dda429b2: folds
841f5f: calls $8
*** FLOP *** [4s Jh 3c]
841f5f: checks
10da14f0: bets $13
841f5f: folds
Uncalled bet ($13) returned to 10da14f0
*** SHOWDOWN ***
10da14f0 collected $26 from pot
*** SUMMARY ***
Total pot $26
Board [4s Jh 3c]
Seat 2: dcfe4067 folded before Flop (didn't bet)
Seat 4: 6efd51d7 folded before Flop (didn't bet)
Seat 5: 10da14f0won ($26) with Jack-High
Seat 7: 841f5f(big blind) folded on the Flop
Seat 1: Hero folded before Flop (didn't bet)
Seat 6: dda429b2(small blind) folded before Flop
Seat 3: 64efb1d7 folded before Flop (didn't bet)



Poker Hand #ring_935584999: NLH No Limit ($2/$4) - 2025/06/14 17:24:58
Table 'MR NLH 2/4' 7-max Seat #4 is the button
Seat 2: dcfe4067 ($396 in chips)
Seat 4: 6efd51d7 ($534.09 in chips)
Seat 5: 10da14f0 ($300.07 in chips)
Seat 7: 841f5f ($306.48 in chips)
Seat 1: Hero ($857.53 in chips)
Seat 6: dda429b2 ($1,060.93 in chips)
Seat 3: 64efb1d7 ($1,934.13 in chips)
10da14f0: posts small blind $2
dda429b2: posts big blind $4
*** HOLE CARDS ***
Dealt to dcfe4067 
Dealt to 6efd51d7 
Dealt to 10da14f0 
Dealt to 841f5f 
Dealt to Hero [As Ts]
Dealt to dda429b2 
Dealt to 64efb1d7 
841f5f: folds
Hero: raises $8 to $12
dcfe4067: calls $12
64efb1d7: folds
6efd51d7: raises $42 to $54
10da14f0: folds
dda429b2: folds
Hero: folds
dcfe4067: folds
Uncalled bet ($42) returned to 6efd51d7
*** SHOWDOWN ***
6efd51d7 collected $42 from pot
*** SUMMARY ***
Total pot $42
Seat 2: dcfe4067 folded before Flop
Seat 4: 6efd51d7won ($42)
Seat 5: 10da14f0(small blind) folded before Flop
Seat 7: 841f5f folded before Flop (didn't bet)
Seat 1: Hero folded before Flop
Seat 6: dda429b2(big blind) folded before Flop
Seat 3: 64efb1d7 folded before Flop (didn't bet)



Poker Hand #ring_935584239: NLH No Limit ($2/$4) - 2025/06/14 17:24:24
Table 'MR NLH 2/4' 7-max Seat #3 is the button
Seat 2: dcfe4067 ($390 in chips)
Seat 4: 6efd51d7 ($536.09 in chips)
Seat 5: 10da14f0 ($304.07 in chips)
Seat 7: 841f5f ($306.48 in chips)
Seat 1: Hero ($857.53 in chips)
Seat 6: dda429b2 ($1,060.93 in chips)
Seat 3: 64efb1d7 ($1,934.13 in chips)
6efd51d7: posts small blind $2
10da14f0: posts big blind $4
*** HOLE CARDS ***
Dealt to dcfe4067 
Dealt to 6efd51d7 
Dealt to 10da14f0 
Dealt to 841f5f 
Dealt to Hero [Td 5s]
Dealt to dda429b2 
Dealt to 64efb1d7 
dda429b2: folds
841f5f: folds
Hero: folds
dcfe4067: raises $8 to $12
64efb1d7: folds
6efd51d7: folds
10da14f0: folds
Uncalled bet ($8) returned to dcfe4067
*** SHOWDOWN ***
dcfe4067 collected $10 from pot
*** SUMMARY ***
Total pot $10
Seat 2: dcfe4067won ($10)
Seat 4: 6efd51d7(small blind) folded before Flop
Seat 5: 10da14f0(big blind) folded before Flop
Seat 7: 841f5f folded before Flop (didn't bet)
Seat 1: Hero folded before Flop (didn't bet)
Seat 6: dda429b2 folded before Flop (didn't bet)
Seat 3: 64efb1d7 folded before Flop (didn't bet)



Poker Hand #ring_935582791: NLH No Limit ($2/$4) - 2025/06/14 17:23:20
Table 'MR NLH 2/4' 7-max Seat #2 is the button
Seat 2: dcfe4067 ($390 in chips)
Seat 4: 6efd51d7 ($554.09 in chips)
Seat 5: 10da14f0 ($304.07 in chips)
Seat 7: 841f5f ($306.48 in chips)
Seat 1: Hero ($839.24 in chips)
Seat 6: dda429b2 ($1,060.93 in chips)
Seat 3: 64efb1d7 ($1,936.13 in chips)
64efb1d7: posts small blind $2
6efd51d7: posts big blind $4
*** HOLE CARDS ***
Dealt to dcfe4067 
Dealt to 6efd51d7 
Dealt to 10da14f0 
Dealt to 841f5f 
Dealt to Hero [Qs Kh]
Dealt to dda429b2 
Dealt to 64efb1d7 
10da14f0: folds
dda429b2: folds
841f5f: folds
Hero: raises $8 to $12
dcfe4067: folds
64efb1d7: folds
6efd51d7: calls $8
*** FLOP *** [3s Ks As]
6efd51d7: checks
Hero: bets $6
6efd51d7: calls $6
*** TURN *** [3s Ks As] [Jc]
6efd51d7: checks
Hero: bets $30.4
6efd51d7: folds
Uncalled bet ($30.4) returned to Hero
*** SHOWDOWN ***
Hero collected $38 from pot
*** SUMMARY ***
Total pot $38
Board [3s Ks As Jc]
Seat 2: dcfe4067 folded before Flop (didn't bet)
Seat 4: 6efd51d7(big blind) folded on the Turn
Seat 5: 10da14f0 folded before Flop (didn't bet)
Seat 7: 841f5f folded before Flop (didn't bet)
Seat 1: Herowon ($38) with Pair of Kings
Seat 6: dda429b2 folded before Flop (didn't bet)
Seat 3: 64efb1d7(small blind) folded before Flop



Poker Hand #ring_935582185: NLH No Limit ($2/$4) - 2025/06/14 17:22:53
Table 'MR NLH 2/4' 7-max Seat #1 is the button
Seat 2: dcfe4067 ($392 in chips)
Seat 4: 6efd51d7 ($554.09 in chips)
Seat 5: 10da14f0 ($304.07 in chips)
Seat 7: 841f5f ($306.48 in chips)
Seat 1: Hero ($839.24 in chips)
Seat 6: dda429b2 ($1,054.93 in chips)
Seat 3: 64efb1d7 ($1,940.13 in chips)
dcfe4067: posts small blind $2
64efb1d7: posts big blind $4
*** HOLE CARDS ***
Dealt to dcfe4067 
Dealt to 6efd51d7 
Dealt to 10da14f0 
Dealt to 841f5f 
Dealt to Hero [Th Kd]
Dealt to dda429b2 
Dealt to 64efb1d7 
6efd51d7: folds
10da14f0: folds
dda429b2: raises $8 to $12
841f5f: folds
Hero: folds
dcfe4067: folds
64efb1d7: folds
Uncalled bet ($8) returned to dda429b2
*** SHOWDOWN ***
dda429b2 collected $10 from pot
*** SUMMARY ***
Total pot $10
Seat 2: dcfe4067(small blind) folded before Flop
Seat 4: 6efd51d7 folded before Flop (didn't bet)
Seat 5: 10da14f0 folded before Flop (didn't bet)
Seat 7: 841f5f folded before Flop (didn't bet)
Seat 1: Hero folded before Flop (didn't bet)
Seat 6: dda429b2won ($10)
Seat 3: 64efb1d7(big blind) folded before Flop



Poker Hand #ring_935580887: NLH No Limit ($2/$4) - 2025/06/14 17:21:55
Table 'MR NLH 2/4' 7-max Seat #7 is the button
Seat 2: dcfe4067 ($396 in chips)
Seat 4: 6efd51d7 ($554.09 in chips)
Seat 5: 10da14f0 ($304.07 in chips)
Seat 7: 841f5f ($306.48 in chips)
Seat 1: Hero ($855.24 in chips)
Seat 6: dda429b2 ($1,054.93 in chips)
Seat 3: 64efb1d7 ($1,921.75 in chips)
Hero: posts small blind $2
dcfe4067: posts big blind $4
*** HOLE CARDS ***
Dealt to dcfe4067 
Dealt to 6efd51d7 
Dealt to 10da14f0 
Dealt to 841f5f 
Dealt to Hero [Ac 7c]
Dealt to dda429b2 
Dealt to 64efb1d7 
64efb1d7: raises $12 to $16
6efd51d7: folds
10da14f0: folds
dda429b2: folds
841f5f: folds
Hero: calls $14
dcfe4067: folds
*** FLOP *** [3c 3s 3h]
Hero: checks
64efb1d7: bets $25.2
Hero: folds
Uncalled bet ($25.2) returned to 64efb1d7
*** SHOWDOWN ***
64efb1d7 collected $36 from pot
*** SUMMARY ***
Total pot $36
Board [3c 3s 3h]
Seat 2: dcfe4067(big blind) folded before Flop
Seat 4: 6efd51d7 folded before Flop (didn't bet)
Seat 5: 10da14f0 folded before Flop (didn't bet)
Seat 7: 841f5f folded before Flop (didn't bet)
Seat 1: Hero(small blind) folded on the Flop
Seat 6: dda429b2 folded before Flop (didn't bet)
Seat 3: 64efb1d7won ($36) with Three Treys



Poker Hand #ring_935579567: NLH No Limit ($2/$4) - 2025/06/14 17:20:56
Table 'MR NLH 2/4' 7-max Seat #6 is the button
Seat 2: dcfe4067 ($396 in chips)
Seat 4: 6efd51d7 ($580.09 in chips)
Seat 5: 10da14f0 ($304.07 in chips)
Seat 7: 841f5f ($280 in chips)
Seat 1: Hero ($859.24 in chips)
Seat 6: dda429b2 ($1,054.93 in chips)
Seat 3: 64efb1d7 ($1,921.75 in chips)
841f5f: posts small blind $2
Hero: posts big blind $4
*** HOLE CARDS ***
Dealt to dcfe4067 
Dealt to 6efd51d7 
Dealt to 10da14f0 
Dealt to 841f5f 
Dealt to Hero [2s 9s]
Dealt to dda429b2 
Dealt to 64efb1d7 
dcfe4067: folds
64efb1d7: folds
6efd51d7: raises $8 to $12
10da14f0: folds
dda429b2: folds
841f5f: calls $10
Hero: folds
*** FLOP *** [6h Ts Ac]
841f5f: checks
6efd51d7: bets $14
841f5f: calls $14
*** TURN *** [6h Ts Ac] [8h]
841f5f: checks
6efd51d7: checks
*** RIVER *** [6h Ts Ac 8h] [Jc]
841f5f: bets $18.48
6efd51d7: folds
Uncalled bet ($18.48) returned to 841f5f
*** SHOWDOWN ***
841f5f collected $56 from pot
*** SUMMARY ***
Total pot $56
Board [6h Ts Ac 8h Jc]
Seat 2: dcfe4067 folded before Flop (didn't bet)
Seat 4: 6efd51d7 folded on the River
Seat 5: 10da14f0 folded before Flop (didn't bet)
Seat 7: 841f5f(small blind)won ($56) with Pair of Aces
Seat 1: Hero(big blind) folded before Flop
Seat 6: dda429b2 folded before Flop (didn't bet)
Seat 3: 64efb1d7 folded before Flop (didn't bet)



Poker Hand #ring_935578679: NLH No Limit ($2/$4) - 2025/06/14 17:20:15
Table 'MR NLH 2/4' 7-max Seat #5 is the button
Seat 2: dcfe4067 ($400 in chips)
Seat 4: 6efd51d7 ($580.09 in chips)
Seat 5: 10da14f0 ($304.07 in chips)
Seat 7: 841f5f ($284 in chips)
Seat 1: Hero ($859.24 in chips)
Seat 6: dda429b2 ($1,056.93 in chips)
Seat 3: 64efb1d7 ($1,911.75 in chips)
dda429b2: posts small blind $2
841f5f: posts big blind $4
dcfe4067: posts big blind $4
*** HOLE CARDS ***
Dealt to dcfe4067 
Dealt to 6efd51d7 
Dealt to 10da14f0 
Dealt to 841f5f 
Dealt to Hero [Qh 6s]
Dealt to dda429b2 
Dealt to 64efb1d7 
Hero: folds
dcfe4067: checks
64efb1d7: raises $12 to $16
6efd51d7: folds
10da14f0: folds
dda429b2: folds
841f5f: folds
dcfe4067: folds
Uncalled bet ($12) returned to 64efb1d7
*** SHOWDOWN ***
64efb1d7 collected $14 from pot
*** SUMMARY ***
Total pot $14
Seat 2: dcfe4067 folded before Flop
Seat 4: 6efd51d7 folded before Flop (didn't bet)
Seat 5: 10da14f0 folded before Flop (didn't bet)
Seat 7: 841f5f(big blind) folded before Flop
Seat 1: Hero folded before Flop (didn't bet)
Seat 6: dda429b2(small blind) folded before Flop
Seat 3: 64efb1d7won ($14)



Poker Hand #ring_935577996: NLH No Limit ($2/$4) - 2025/06/14 17:19:45
Table 'MR NLH 2/4' 7-max Seat #4 is the button
Seat 4: 6efd51d7 ($580.09 in chips)
Seat 5: 10da14f0 ($306.07 in chips)
Seat 1: Hero ($859.24 in chips)
Seat 6: dda429b2 ($1,060.93 in chips)
Seat 3: 64efb1d7 ($1,905.75 in chips)
10da14f0: posts small blind $2
dda429b2: posts big blind $4
*** HOLE CARDS ***
Dealt to 6efd51d7 
Dealt to 10da14f0 
Dealt to Hero [8d 9s]
Dealt to dda429b2 
Dealt to 64efb1d7 
Hero: folds
64efb1d7: raises $12 to $16
6efd51d7: folds
10da14f0: folds
dda429b2: folds
Uncalled bet ($12) returned to 64efb1d7
*** SHOWDOWN ***
64efb1d7 collected $10 from pot
*** SUMMARY ***
Total pot $10
Seat 4: 6efd51d7 folded before Flop (didn't bet)
Seat 5: 10da14f0(small blind) folded before Flop
Seat 1: Hero folded before Flop (didn't bet)
Seat 6: dda429b2(big blind) folded before Flop
Seat 3: 64efb1d7won ($10)



Poker Hand #ring_935576911: NLH No Limit ($2/$4) - 2025/06/14 17:18:56
Table 'MR NLH 2/4' 7-max Seat #3 is the button
Seat 4: 6efd51d7 ($592.09 in chips)
Seat 5: 10da14f0 ($318.07 in chips)
Seat 1: Hero ($859.24 in chips)
Seat 6: dda429b2 ($1,038.55 in chips)
Seat 3: 64efb1d7 ($1,905.75 in chips)
6efd51d7: posts small blind $2
10da14f0: posts big blind $4
*** HOLE CARDS ***
Dealt to 6efd51d7 
Dealt to 10da14f0 
Dealt to Hero [9c Td]
Dealt to dda429b2 
Dealt to 64efb1d7 
dda429b2: raises $8 to $12
Hero: folds
64efb1d7: folds
6efd51d7: calls $10
10da14f0: calls $8
*** FLOP *** [8c Qd 3s]
6efd51d7: checks
10da14f0: checks
dda429b2: checks
*** TURN *** [8c Qd 3s] [4h]
6efd51d7: checks
10da14f0: checks
dda429b2: checks
*** RIVER *** [8c Qd 3s 4h] [Ac]
6efd51d7: checks
10da14f0: checks
dda429b2: bets $27
6efd51d7: folds
10da14f0: folds
Uncalled bet ($27) returned to dda429b2
*** SHOWDOWN ***
dda429b2 collected $36 from pot
*** SUMMARY ***
Total pot $36
Board [8c Qd 3s 4h Ac]
Seat 4: 6efd51d7(small blind) folded on the River
Seat 5: 10da14f0(big blind) folded on the River
Seat 1: Hero folded before Flop (didn't bet)
Seat 6: dda429b2won ($36) with Pair of Sevens
Seat 3: 64efb1d7 folded before Flop (didn't bet)



Poker Hand #ring_935575892: NLH No Limit ($2/$4) - 2025/06/14 17:18:10
Table 'MR NLH 2/4' 7-max Seat #1 is the button
Seat 4: 6efd51d7 ($601.69 in chips)
Seat 5: 10da14f0 ($318.07 in chips)
Seat 1: Hero ($859.24 in chips)
Seat 6: dda429b2 ($1,038.55 in chips)
Seat 3: 64efb1d7 ($1,897.01 in chips)
64efb1d7: posts small blind $2
6efd51d7: posts big blind $4
*** HOLE CARDS ***
Dealt to 6efd51d7 
Dealt to 10da14f0 
Dealt to Hero [4s 7h]
Dealt to dda429b2 
Dealt to 64efb1d7 
10da14f0: folds
dda429b2: folds
Hero: folds
64efb1d7: calls $2
6efd51d7: checks
*** FLOP *** [6d 3s Jd]
64efb1d7: bets $5.6
6efd51d7: calls $5.6
*** TURN *** [6d 3s Jd] [9d]
64efb1d7: checks
6efd51d7: checks
*** RIVER *** [6d 3s Jd 9d] [7c]
64efb1d7: bets $13.44
6efd51d7: folds
Uncalled bet ($13.44) returned to 64efb1d7
*** SHOWDOWN ***
64efb1d7 collected $19.2 from pot
*** SUMMARY ***
Total pot $19.2
Board [6d 3s Jd 9d 7c]
Seat 4: 6efd51d7(big blind) folded on the River
Seat 5: 10da14f0 folded before Flop (didn't bet)
Seat 1: Hero folded before Flop (didn't bet)
Seat 6: dda429b2 folded before Flop (didn't bet)
Seat 3: 64efb1d7(small blind)won ($19.2) with Pair of Sevens and Pair of Sixes



Poker Hand #ring_935575448: NLH No Limit ($2/$4) - 2025/06/14 17:17:48
Table 'MR NLH 2/4' 7-max Seat #6 is the button
Seat 4: 6efd51d7 ($601.69 in chips)
Seat 5: 10da14f0 ($312.07 in chips)
Seat 1: Hero ($861.24 in chips)
Seat 6: dda429b2 ($1,038.55 in chips)
Seat 3: 64efb1d7 ($1,901.01 in chips)
Hero: posts small blind $2
64efb1d7: posts big blind $4
*** HOLE CARDS ***
Dealt to 6efd51d7 
Dealt to 10da14f0 
Dealt to Hero [8c Kd]
Dealt to dda429b2 
Dealt to 64efb1d7 
6efd51d7: folds
10da14f0: raises $8 to $12
dda429b2: folds
Hero: folds
64efb1d7: folds
Uncalled bet ($8) returned to 10da14f0
*** SHOWDOWN ***
10da14f0 collected $10 from pot
*** SUMMARY ***
Total pot $10
Seat 4: 6efd51d7 folded before Flop (didn't bet)
Seat 5: 10da14f0won ($10)
Seat 1: Hero(small blind) folded before Flop
Seat 6: dda429b2 folded before Flop (didn't bet)
Seat 3: 64efb1d7(big blind) folded before Flop



Poker Hand #ring_935574273: NLH No Limit ($2/$4) - 2025/06/14 17:16:54
Table 'MR NLH 2/4' 7-max Seat #5 is the button
Seat 4: 6efd51d7 ($601.69 in chips)
Seat 5: 10da14f0 ($312.07 in chips)
Seat 1: Hero ($882.04 in chips)
Seat 6: dda429b2 ($1,020.62 in chips)
Seat 3: 64efb1d7 ($1,901.01 in chips)
dda429b2: posts small blind $2
Hero: posts big blind $4
*** HOLE CARDS ***
Dealt to 6efd51d7 
Dealt to 10da14f0 
Dealt to Hero [Ts 2h]
Dealt to dda429b2 
Dealt to 64efb1d7 
64efb1d7: folds
6efd51d7: folds
10da14f0: folds
dda429b2: calls $2
Hero: checks
*** FLOP *** [5c 4s Td]
dda429b2: checks
Hero: bets $6.4
dda429b2: calls $6.4
*** TURN *** [5c 4s Td] [Ac]
dda429b2: checks
Hero: bets $10.4
dda429b2: calls $10.4
*** RIVER *** [5c 4s Td Ac] [9d]
dda429b2: checks
Hero: checks
Hero: shows [Ts 2h]
dda429b2: shows [Ah Jh]
*** SHOWDOWN ***
dda429b2 collected $41.6 from pot
*** SUMMARY ***
Total pot $41.6
Board [5c 4s Td Ac 9d]
Seat 4: 6efd51d7 folded before Flop (didn't bet)
Seat 5: 10da14f0 folded before Flop (didn't bet)
Seat 1: Hero(big blind) showed [Ts 2h] and lost with Pair of Tens
Seat 6: dda429b2(small blind) showed [Ah Jh] and won ($41.6) with Pair of Aces
Seat 3: 64efb1d7 folded before Flop (didn't bet)



Poker Hand #ring_935573730: NLH No Limit ($2/$4) - 2025/06/14 17:16:28
Table 'MR NLH 2/4' 7-max Seat #4 is the button
Seat 4: 6efd51d7 ($601.69 in chips)
Seat 5: 10da14f0 ($314.07 in chips)
Seat 7: d6931ba8 ($894.04 in chips)
Seat 1: Hero ($876.04 in chips)
Seat 6: dda429b2 ($1,024.62 in chips)
Seat 3: 64efb1d7 ($1,901.01 in chips)
10da14f0: posts small blind $2
dda429b2: posts big blind $4
*** HOLE CARDS ***
Dealt to 6efd51d7 
Dealt to 10da14f0 
Dealt to d6931ba8 
Dealt to Hero [6c 8c]
Dealt to dda429b2 
Dealt to 64efb1d7 
d6931ba8: folds
Hero: raises $8 to $12
64efb1d7: folds
6efd51d7: folds
10da14f0: folds
dda429b2: folds
Uncalled bet ($8) returned to Hero
*** SHOWDOWN ***
Hero collected $10 from pot
*** SUMMARY ***
Total pot $10
Seat 4: 6efd51d7 folded before Flop (didn't bet)
Seat 5: 10da14f0(small blind) folded before Flop
Seat 7: d6931ba8 folded before Flop (didn't bet)
Seat 1: Herowon ($10)
Seat 6: dda429b2(big blind) folded before Flop
Seat 3: 64efb1d7 folded before Flop (didn't bet)



Poker Hand #ring_935572313: NLH No Limit ($2/$4) - 2025/06/14 17:15:24
Table 'MR NLH 2/4' 7-max Seat #3 is the button
Seat 4: 6efd51d7 ($613.69 in chips)
Seat 5: 10da14f0 ($318.07 in chips)
Seat 2: afa14ad5 ($171.17 in chips)
Seat 7: d6931ba8 ($894.04 in chips)
Seat 1: Hero ($876.04 in chips)
Seat 6: dda429b2 ($1,024.62 in chips)
Seat 3: 64efb1d7 ($1,730.96 in chips)
6efd51d7: posts small blind $2
10da14f0: posts big blind $4
*** HOLE CARDS ***
Dealt to 6efd51d7 
Dealt to 10da14f0 
Dealt to afa14ad5 
Dealt to d6931ba8 
Dealt to Hero [2d Kc]
Dealt to dda429b2 
Dealt to 64efb1d7 
dda429b2: folds
d6931ba8: folds
Hero: folds
afa14ad5: raises $8 to $12
64efb1d7: calls $12
6efd51d7: calls $10
10da14f0: folds
*** FIRST FLOP *** [Jc Td 4d]
6efd51d7: checks
afa14ad5: bets $30
64efb1d7: calls $30
6efd51d7: folds
*** FIRST TURN *** [Jc Td 4d] [6d]
afa14ad5: bets $75
64efb1d7: raises $1,613.96 to $1,688.96 and is all-in
afa14ad5: calls $54.17 and is all-in
Uncalled bet ($1,559.79) returned to 64efb1d7
afa14ad5: shows [Kd Ah]
64efb1d7: shows [4s 4c]
*** FIRST RIVER *** [Jc Td 4d 6d] [Js]
*** SECOND RIVER *** [Jc Td 4d 6d] [7h]
*** FIRST SHOWDOWN ***
64efb1d7 collected $179.67 from pot
*** SECOND SHOWDOWN ***
64efb1d7 collected $178.67 from pot
*** SUMMARY ***
Total pot $358.34
Hand was run two timesFIRST Board [Jc Td 4d 6d Js]
SECOND Board [7h]
Seat 4: 6efd51d7(small blind) folded on the Flop
Seat 5: 10da14f0(big blind) folded before Flop
Seat 2: afa14ad5 showed [Kd Ah] and lost with Pair of Jacks / Ace-High
Seat 7: d6931ba8 folded before Flop (didn't bet)
Seat 1: Hero folded before Flop (didn't bet)
Seat 6: dda429b2 folded before Flop (didn't bet)
Seat 3: 64efb1d7 showed [4s 4c] and won ($358.34) with Fours Full over Jacks / Three Fours



Poker Hand #ring_935571114: NLH No Limit ($2/$4) - 2025/06/14 17:14:30
Table 'MR NLH 2/4' 7-max Seat #2 is the button
Seat 4: 6efd51d7 ($617.69 in chips)
Seat 5: 10da14f0 ($318.07 in chips)
Seat 2: afa14ad5 ($163.71 in chips)
Seat 7: d6931ba8 ($894.04 in chips)
Seat 1: Hero ($876.04 in chips)
Seat 6: dda429b2 ($1,024.62 in chips)
Seat 3: 64efb1d7 ($1,734.96 in chips)
64efb1d7: posts small blind $2
6efd51d7: posts big blind $4
*** HOLE CARDS ***
Dealt to 6efd51d7 
Dealt to 10da14f0 
Dealt to afa14ad5 
Dealt to d6931ba8 
Dealt to Hero [8d 2c]
Dealt to dda429b2 
Dealt to 64efb1d7 
10da14f0: folds
dda429b2: folds
d6931ba8: folds
Hero: folds
afa14ad5: calls $4
64efb1d7: calls $2
6efd51d7: checks
*** FLOP *** [Kh 7d 5d]
64efb1d7: checks
6efd51d7: checks
afa14ad5: checks
*** TURN *** [Kh 7d 5d] [6c]
64efb1d7: checks
6efd51d7: checks
afa14ad5: bets $24
64efb1d7: folds
6efd51d7: folds
Uncalled bet ($24) returned to afa14ad5
*** SHOWDOWN ***
afa14ad5 collected $12 from pot
*** SUMMARY ***
Total pot $12
Board [Kh 7d 5d 6c]
Seat 4: 6efd51d7(big blind) folded on the Turn
Seat 5: 10da14f0 folded before Flop (didn't bet)
Seat 2: afa14ad5won ($12) with Pair of Kings
Seat 7: d6931ba8 folded before Flop (didn't bet)
Seat 1: Hero folded before Flop (didn't bet)
Seat 6: dda429b2 folded before Flop (didn't bet)
Seat 3: 64efb1d7(small blind) folded on the Turn



Poker Hand #ring_935569898: NLH No Limit ($2/$4) - 2025/06/14 17:13:36
Table 'MR NLH 2/4' 7-max Seat #1 is the button
Seat 4: 6efd51d7 ($617.69 in chips)
Seat 5: 10da14f0 ($318.07 in chips)
Seat 2: afa14ad5 ($165.71 in chips)
Seat 7: d6931ba8 ($861.32 in chips)
Seat 1: Hero ($876.04 in chips)
Seat 6: dda429b2 ($1,024.62 in chips)
Seat 3: 64efb1d7 ($1,769.91 in chips)
afa14ad5: posts small blind $2
64efb1d7: posts big blind $4
*** HOLE CARDS ***
Dealt to 6efd51d7 
Dealt to 10da14f0 
Dealt to afa14ad5 
Dealt to d6931ba8 
Dealt to Hero [6c 5h]
Dealt to dda429b2 
Dealt to 64efb1d7 
6efd51d7: folds
10da14f0: folds
dda429b2: folds
d6931ba8: raises $6 to $10
Hero: folds
afa14ad5: folds
64efb1d7: calls $6
*** FLOP *** [7h Ah 5s]
64efb1d7: checks
d6931ba8: checks
*** TURN *** [7h Ah 5s] [3s]
64efb1d7: bets $9.9
d6931ba8: calls $9.9
*** RIVER *** [7h Ah 5s 3s] [6h]
64efb1d7: bets $15.05
d6931ba8: calls $15.05
64efb1d7: shows [2s Ad]
d6931ba8: shows [Ac Jh]
*** SHOWDOWN ***
d6931ba8 collected $71.9 from pot
*** SUMMARY ***
Total pot $71.9
Board [7h Ah 5s 3s 6h]
Seat 4: 6efd51d7 folded before Flop (didn't bet)
Seat 5: 10da14f0 folded before Flop (didn't bet)
Seat 2: afa14ad5(small blind) folded before Flop
Seat 7: d6931ba8 showed [Ac Jh] and won ($71.9) with Pair of Aces
Seat 1: Hero folded before Flop (didn't bet)
Seat 6: dda429b2 folded before Flop (didn't bet)
Seat 3: 64efb1d7(big blind) showed [2s Ad] and lost with Pair of Aces



Poker Hand #ring_935568006: NLH No Limit ($2/$4) - 2025/06/14 17:12:09
Table 'MR NLH 2/4' 7-max Seat #7 is the button
Seat 4: 6efd51d7 ($680.04 in chips)
Seat 5: 10da14f0 ($318.07 in chips)
Seat 2: afa14ad5 ($340.45 in chips)
Seat 7: d6931ba8 ($861.32 in chips)
Seat 1: Hero ($878.04 in chips)
Seat 6: dda429b2 ($805.15 in chips)
Seat 3: 64efb1d7 ($1,769.91 in chips)
Hero: posts small blind $2
afa14ad5: posts big blind $4
*** HOLE CARDS ***
Dealt to 6efd51d7 
Dealt to 10da14f0 
Dealt to afa14ad5 
Dealt to d6931ba8 
Dealt to Hero [4s 8s]
Dealt to dda429b2 
Dealt to 64efb1d7 
64efb1d7: folds
6efd51d7: raises $8 to $12
10da14f0: folds
dda429b2: calls $12
d6931ba8: folds
Hero: folds
afa14ad5: raises $19 to $31
6efd51d7: calls $19
dda429b2: calls $19
*** FLOP *** [3s Kd Qh]
afa14ad5: bets $31.35
6efd51d7: calls $31.35
dda429b2: raises $62.39 to $93.74
afa14ad5: calls $62.39
6efd51d7: folds
*** TURN *** [3s Kd Qh] [Qd]
afa14ad5: checks
dda429b2: checks
*** RIVER *** [3s Kd Qh Qd] [6s]
afa14ad5: bets $50
dda429b2: calls $50
afa14ad5: shows [9d 9h]
dda429b2: shows [Kh Jc]
*** SHOWDOWN ***
dda429b2 collected $413.83 from pot
*** SUMMARY ***
Total pot $413.83
Board [3s Kd Qh Qd 6s]
Seat 4: 6efd51d7 folded on the Flop
Seat 5: 10da14f0 folded before Flop (didn't bet)
Seat 2: afa14ad5(big blind) showed [9d 9h] and lost with Pair of Queens and Pair of Nines
Seat 7: d6931ba8 folded before Flop (didn't bet)
Seat 1: Hero(small blind) folded before Flop
Seat 6: dda429b2 showed [Kh Jc] and won ($413.83) with Pair of Kings and Pair of Queens
Seat 3: 64efb1d7 folded before Flop (didn't bet)



Poker Hand #ring_935566710: NLH No Limit ($2/$4) - 2025/06/14 17:11:11
Table 'MR NLH 2/4' 7-max Seat #6 is the button
Seat 4: 6efd51d7 ($680.04 in chips)
Seat 5: 10da14f0 ($318.07 in chips)
Seat 2: afa14ad5 ($356.45 in chips)
Seat 7: d6931ba8 ($863.32 in chips)
Seat 1: Hero ($882.04 in chips)
Seat 6: dda429b2 ($805.15 in chips)
Seat 3: 64efb1d7 ($1,749.62 in chips)
d6931ba8: posts small blind $2
Hero: posts big blind $4
*** HOLE CARDS ***
Dealt to 6efd51d7 
Dealt to 10da14f0 
Dealt to afa14ad5 
Dealt to d6931ba8 
Dealt to Hero [Ah 2s]
Dealt to dda429b2 
Dealt to 64efb1d7 
afa14ad5: calls $4
64efb1d7: raises $12 to $16
6efd51d7: folds
10da14f0: folds
dda429b2: folds
d6931ba8: folds
Hero: folds
afa14ad5: calls $12
*** FLOP *** [9d 4h Kd]
afa14ad5: checks
64efb1d7: bets $17.1
afa14ad5: folds
Uncalled bet ($17.1) returned to 64efb1d7
*** SHOWDOWN ***
64efb1d7 collected $38 from pot
*** SUMMARY ***
Total pot $38
Board [9d 4h Kd]
Seat 4: 6efd51d7 folded before Flop (didn't bet)
Seat 5: 10da14f0 folded before Flop (didn't bet)
Seat 2: afa14ad5 folded on the Flop
Seat 7: d6931ba8(small blind) folded before Flop
Seat 1: Hero(big blind) folded before Flop
Seat 6: dda429b2 folded before Flop (didn't bet)
Seat 3: 64efb1d7won ($38) with Ace-High



Poker Hand #ring_935565239: NLH No Limit ($2/$4) - 2025/06/14 17:10:05
Table 'MR NLH 2/4' 7-max Seat #5 is the button
Seat 4: 6efd51d7 ($680.04 in chips)
Seat 5: 10da14f0 ($322.07 in chips)
Seat 2: afa14ad5 ($329.28 in chips)
Seat 7: d6931ba8 ($867.32 in chips)
Seat 1: Hero ($882.04 in chips)
Seat 6: dda429b2 ($827.71 in chips)
Seat 3: 64efb1d7 ($1,749.62 in chips)
dda429b2: posts small blind $2
d6931ba8: posts big blind $4
*** HOLE CARDS ***
Dealt to 6efd51d7 
Dealt to 10da14f0 
Dealt to afa14ad5 
Dealt to d6931ba8 
Dealt to Hero [Ah 5d]
Dealt to dda429b2 
Dealt to 64efb1d7 
Hero: folds
afa14ad5: calls $4
64efb1d7: folds
6efd51d7: folds
10da14f0: calls $4
dda429b2: calls $2
d6931ba8: checks
*** FLOP *** [Jc 3c Kd]
dda429b2: checks
d6931ba8: checks
afa14ad5: bets $8
10da14f0: folds
dda429b2: calls $8
d6931ba8: folds
*** TURN *** [Jc 3c Kd] [4c]
dda429b2: checks
afa14ad5: bets $10.56
dda429b2: calls $10.56
*** RIVER *** [Jc 3c Kd 4c] [4s]
dda429b2: checks
afa14ad5: checks
afa14ad5: shows [8h Ks]
dda429b2: shows [Jd Th]
*** SHOWDOWN ***
afa14ad5 collected $53.12 from pot
*** SUMMARY ***
Total pot $53.12
Board [Jc 3c Kd 4c 4s]
Seat 4: 6efd51d7 folded before Flop (didn't bet)
Seat 5: 10da14f0 folded on the Flop
Seat 2: afa14ad5 showed [8h Ks] and won ($53.12) with Pair of Kings and Pair of Fours
Seat 7: d6931ba8(big blind) folded on the Flop
Seat 1: Hero folded before Flop (didn't bet)
Seat 6: dda429b2(small blind) showed [Jd Th] and lost with Pair of Jacks and Pair of Fours
Seat 3: 64efb1d7 folded before Flop (didn't bet)



Poker Hand #ring_935563715: NLH No Limit ($2/$4) - 2025/06/14 17:08:57
Table 'MR NLH 2/4' 7-max Seat #4 is the button
Seat 4: 6efd51d7 ($680.04 in chips)
Seat 5: 10da14f0 ($287.95 in chips)
Seat 2: afa14ad5 ($329.28 in chips)
Seat 7: d6931ba8 ($867.32 in chips)
Seat 1: Hero ($882.04 in chips)
Seat 6: dda429b2 ($837.71 in chips)
Seat 3: 64efb1d7 ($1,777.62 in chips)
10da14f0: posts small blind $2
dda429b2: posts big blind $4
64efb1d7: posts big blind $4
64efb1d7: posts small blind $2
*** HOLE CARDS ***
Dealt to 6efd51d7 
Dealt to 10da14f0 
Dealt to afa14ad5 
Dealt to d6931ba8 
Dealt to Hero [As 3h]
Dealt to dda429b2 
Dealt to 64efb1d7 
d6931ba8: folds
Hero: folds
afa14ad5: folds
64efb1d7: checks
6efd51d7: folds
10da14f0: calls $2
dda429b2: checks
*** FLOP *** [2d Tc 4h]
10da14f0: bets $6
dda429b2: calls $6
64efb1d7: calls $6
*** TURN *** [2d Tc 4h] [7d]
10da14f0: bets $16
dda429b2: folds
64efb1d7: calls $16
*** RIVER *** [2d Tc 4h 7d] [2h]
10da14f0: bets $21.12
64efb1d7: folds
Uncalled bet ($21.12) returned to 10da14f0
*** SHOWDOWN ***
10da14f0 collected $64 from pot
*** SUMMARY ***
Total pot $62
Board [2d Tc 4h 7d 2h]
Seat 4: 6efd51d7 folded before Flop (didn't bet)
Seat 5: 10da14f0(small blind)won ($64) with Pair of Tens and Pair of Twos
Seat 2: afa14ad5 folded before Flop (didn't bet)
Seat 7: d6931ba8 folded before Flop (didn't bet)
Seat 1: Hero folded before Flop (didn't bet)
Seat 6: dda429b2(big blind) folded on the Turn
Seat 3: 64efb1d7 folded on the River



Poker Hand #ring_935562397: NLH No Limit ($2/$4) - 2025/06/14 17:07:58
Table 'MR NLH 2/4' 7-max Seat #2 is the button
Seat 4: 6efd51d7 ($682.04 in chips)
Seat 5: 10da14f0 ($291.95 in chips)
Seat 2: afa14ad5 ($378.28 in chips)
Seat 7: d6931ba8 ($818 in chips)
Seat 1: Hero ($882.04 in chips)
Seat 6: dda429b2 ($837.71 in chips)
6efd51d7: posts small blind $2
10da14f0: posts big blind $4
*** HOLE CARDS ***
Dealt to 6efd51d7 
Dealt to 10da14f0 
Dealt to afa14ad5 
Dealt to d6931ba8 
Dealt to Hero [4d Ah]
Dealt to dda429b2 
dda429b2: folds
d6931ba8: raises $6 to $10
Hero: folds
afa14ad5: calls $10
6efd51d7: folds
10da14f0: folds
*** FLOP *** [8s 7s 9d]
d6931ba8: checks
afa14ad5: bets $13
d6931ba8: calls $13
*** TURN *** [8s 7s 9d] [5s]
d6931ba8: checks
afa14ad5: bets $26
d6931ba8: calls $26
*** RIVER *** [8s 7s 9d 5s] [4c]
d6931ba8: checks
afa14ad5: checks
afa14ad5: shows [Kc 2c]
d6931ba8: shows [Qh Qs]
*** SHOWDOWN ***
d6931ba8 collected $104 from pot
*** SUMMARY ***
Total pot $104
Board [8s 7s 9d 5s 4c]
Seat 4: 6efd51d7(small blind) folded before Flop
Seat 5: 10da14f0(big blind) folded before Flop
Seat 2: afa14ad5 showed [Kc 2c] and lost with King-High
Seat 7: d6931ba8 showed [Qh Qs] and won ($104) with Pair of Queens
Seat 1: Hero folded before Flop (didn't bet)
Seat 6: dda429b2 folded before Flop (didn't bet)



Poker Hand #ring_935561098: NLH No Limit ($2/$4) - 2025/06/14 17:07:00
Table 'MR NLH 2/4' 7-max Seat #1 is the button
Seat 4: 6efd51d7 ($686.04 in chips)
Seat 5: 10da14f0 ($276.64 in chips)
Seat 2: afa14ad5 ($351.8 in chips)
Seat 7: d6931ba8 ($818 in chips)
Seat 1: Hero ($908.04 in chips)
Seat 6: dda429b2 ($837.71 in chips)
afa14ad5: posts small blind $2
6efd51d7: posts big blind $4
*** HOLE CARDS ***
Dealt to 6efd51d7 
Dealt to 10da14f0 
Dealt to afa14ad5 
Dealt to d6931ba8 
Dealt to Hero [8c 9c]
Dealt to dda429b2 
10da14f0: folds
dda429b2: folds
d6931ba8: folds
Hero: raises $8 to $12
afa14ad5: calls $10
6efd51d7: folds
*** FLOP *** [6h 9d As]
afa14ad5: checks
Hero: bets $14
afa14ad5: raises $28 to $42
Hero: folds
Uncalled bet ($28) returned to afa14ad5
*** SHOWDOWN ***
afa14ad5 collected $56 from pot
*** SUMMARY ***
Total pot $56
Board [6h 9d As]
Seat 4: 6efd51d7(big blind) folded before Flop
Seat 5: 10da14f0 folded before Flop (didn't bet)
Seat 2: afa14ad5(small blind)won ($56) with Pair of Aces
Seat 7: d6931ba8 folded before Flop (didn't bet)
Seat 1: Hero folded on the Flop
Seat 6: dda429b2 folded before Flop (didn't bet)



Poker Hand #ring_935560298: NLH No Limit ($2/$4) - 2025/06/14 17:06:23
Table 'MR NLH 2/4' 7-max Seat #7 is the button
Seat 4: 6efd51d7 ($680.04 in chips)
Seat 5: 10da14f0 ($276.64 in chips)
Seat 2: afa14ad5 ($355.8 in chips)
Seat 7: d6931ba8 ($818 in chips)
Seat 1: Hero ($910.04 in chips)
Seat 6: dda429b2 ($837.71 in chips)
Hero: posts small blind $2
afa14ad5: posts big blind $4
*** HOLE CARDS ***
Dealt to 6efd51d7 
Dealt to 10da14f0 
Dealt to afa14ad5 
Dealt to d6931ba8 
Dealt to Hero [3s Jd]
Dealt to dda429b2 
6efd51d7: raises $8 to $12
10da14f0: folds
dda429b2: folds
d6931ba8: folds
Hero: folds
afa14ad5: folds
Uncalled bet ($8) returned to 6efd51d7
*** SHOWDOWN ***
6efd51d7 collected $10 from pot
*** SUMMARY ***
Total pot $10
Seat 4: 6efd51d7won ($10)
Seat 5: 10da14f0 folded before Flop (didn't bet)
Seat 2: afa14ad5(big blind) folded before Flop
Seat 7: d6931ba8 folded before Flop (didn't bet)
Seat 1: Hero(small blind) folded before Flop
Seat 6: dda429b2 folded before Flop (didn't bet)



Poker Hand #ring_935557317: NLH No Limit ($2/$4) - 2025/06/14 17:04:06
Table 'MR NLH 2/4' 7-max Seat #6 is the button
Seat 4: 6efd51d7 ($738.04 in chips)
Seat 5: 10da14f0 ($721.62 in chips)
Seat 2: afa14ad5 ($359.8 in chips)
Seat 7: d6931ba8 ($820 in chips)
Seat 1: Hero ($444.98 in chips)
Seat 6: dda429b2 ($837.71 in chips)
Seat 3: 64efb1d7 ($1,777.62 in chips)
d6931ba8: posts small blind $2
Hero: posts big blind $4
*** HOLE CARDS ***
Dealt to 6efd51d7 
Dealt to 10da14f0 
Dealt to afa14ad5 
Dealt to d6931ba8 
Dealt to Hero [Ks Ah]
Dealt to dda429b2 
Dealt to 64efb1d7 
afa14ad5: calls $4
64efb1d7: folds
6efd51d7: raises $14 to $18
10da14f0: calls $18
dda429b2: folds
d6931ba8: folds
Hero: raises $40 to $58
afa14ad5: folds
6efd51d7: calls $40
10da14f0: calls $40
*** FIRST FLOP *** [Ac Qs 4c]
Hero: bets $90
6efd51d7: folds
10da14f0: calls $90
*** FIRST TURN *** [Ac Qs 4c] [5d]
Hero: checks
10da14f0: bets $360
Hero: calls $296.98 and is all-in
Uncalled bet ($63.02) returned to 10da14f0
Hero: shows [Ks Ah]
10da14f0: shows [Qc Kd]
*** FIRST RIVER *** [Ac Qs 4c 5d] [3d]
*** SECOND RIVER *** [Ac Qs 4c 5d] [6d]
*** THIRD RIVER *** [Ac Qs 4c 5d] [5s]
*** FIRST SHOWDOWN ***
Hero collected $318.66 from pot
*** SECOND SHOWDOWN ***
Hero collected $317.66 from pot
*** THIRD SHOWDOWN ***
Hero collected $317.64 from pot
*** SUMMARY ***
Total pot $953.96
Hand was run three timesFIRST Board [Ac Qs 4c 5d 3d]
SECOND Board [6d]
THIRD Board [5s]
Seat 4: 6efd51d7 folded on the Flop
Seat 5: 10da14f0 showed [Qc Kd] and lost with Pair of Queens / Pair of Queens / Pair of Queens and Pair of Fives
Seat 2: afa14ad5 folded before Flop
Seat 7: d6931ba8(small blind) folded before Flop
Seat 1: Hero(big blind) showed [Ks Ah] and won ($953.96) with Pair of Aces / Pair of Aces / Pair of Aces and Pair of Fives
Seat 6: dda429b2 folded before Flop (didn't bet)
Seat 3: 64efb1d7 folded before Flop (didn't bet)



Poker Hand #ring_935556242: NLH No Limit ($2/$4) - 2025/06/14 17:03:15
Table 'MR NLH 2/4' 7-max Seat #5 is the button
Seat 4: 6efd51d7 ($738.04 in chips)
Seat 5: 10da14f0 ($733.62 in chips)
Seat 2: afa14ad5 ($359.8 in chips)
Seat 7: d6931ba8 ($806 in chips)
Seat 1: Hero ($444.98 in chips)
Seat 6: dda429b2 ($839.71 in chips)
Seat 3: 64efb1d7 ($1,777.62 in chips)
dda429b2: posts small blind $2
d6931ba8: posts big blind $4
*** HOLE CARDS ***
Dealt to 6efd51d7 
Dealt to 10da14f0 
Dealt to afa14ad5 
Dealt to d6931ba8 
Dealt to Hero [7c 5d]
Dealt to dda429b2 
Dealt to 64efb1d7 
Hero: folds
afa14ad5: folds
64efb1d7: folds
6efd51d7: folds
10da14f0: raises $8 to $12
dda429b2: folds
d6931ba8: raises $36 to $48
10da14f0: folds
Uncalled bet ($36) returned to d6931ba8
*** SHOWDOWN ***
d6931ba8 collected $26 from pot
*** SUMMARY ***
Total pot $26
Seat 4: 6efd51d7 folded before Flop (didn't bet)
Seat 5: 10da14f0 folded before Flop
Seat 2: afa14ad5 folded before Flop (didn't bet)
Seat 7: d6931ba8(big blind)won ($26)
Seat 1: Hero folded before Flop (didn't bet)
Seat 6: dda429b2(small blind) folded before Flop
Seat 3: 64efb1d7 folded before Flop (didn't bet)



Poker Hand #ring_935555504: NLH No Limit ($2/$4) - 2025/06/14 17:02:40
Table 'MR NLH 2/4' 7-max Seat #4 is the button
Seat 4: 6efd51d7 ($738.04 in chips)
Seat 5: 10da14f0 ($735.62 in chips)
Seat 2: afa14ad5 ($359.8 in chips)
Seat 7: d6931ba8 ($800 in chips)
Seat 1: Hero ($444.98 in chips)
Seat 6: dda429b2 ($843.71 in chips)
Seat 3: 64efb1d7 ($1,777.62 in chips)
10da14f0: posts small blind $2
dda429b2: posts big blind $4
*** HOLE CARDS ***
Dealt to 6efd51d7 
Dealt to 10da14f0 
Dealt to afa14ad5 
Dealt to d6931ba8 
Dealt to Hero [5s 9d]
Dealt to dda429b2 
Dealt to 64efb1d7 
d6931ba8: raises $6 to $10
Hero: folds
afa14ad5: folds
64efb1d7: folds
6efd51d7: folds
10da14f0: folds
dda429b2: folds
Uncalled bet ($6) returned to d6931ba8
*** SHOWDOWN ***
d6931ba8 collected $10 from pot
*** SUMMARY ***
Total pot $10
Seat 4: 6efd51d7 folded before Flop (didn't bet)
Seat 5: 10da14f0(small blind) folded before Flop
Seat 2: afa14ad5 folded before Flop (didn't bet)
Seat 7: d6931ba8won ($10)
Seat 1: Hero folded before Flop (didn't bet)
Seat 6: dda429b2(big blind) folded before Flop
Seat 3: 64efb1d7 folded before Flop (didn't bet)



Poker Hand #ring_935554070: NLH No Limit ($2/$4) - 2025/06/14 17:01:33
Table 'MR NLH 2/4' 7-max Seat #3 is the button
Seat 4: 6efd51d7 ($740.04 in chips)
Seat 5: 10da14f0 ($739.62 in chips)
Seat 2: afa14ad5 ($359.8 in chips)
Seat 7: d6931ba8 ($800 in chips)
Seat 1: Hero ($372 in chips)
Seat 6: dda429b2 ($843.71 in chips)
Seat 3: 64efb1d7 ($1,852.62 in chips)
6efd51d7: posts small blind $2
10da14f0: posts big blind $4
*** HOLE CARDS ***
Dealt to 6efd51d7 
Dealt to 10da14f0 
Dealt to afa14ad5 
Dealt to d6931ba8 
Dealt to Hero [2s 2c]
Dealt to dda429b2 
Dealt to 64efb1d7 
dda429b2: folds
d6931ba8: folds
Hero: raises $8 to $12
afa14ad5: folds
64efb1d7: calls $12
6efd51d7: folds
10da14f0: folds
*** FLOP *** [Td 8d As]
Hero: bets $15
64efb1d7: calls $15
*** TURN *** [Td 8d As] [8h]
Hero: bets $48
64efb1d7: calls $48
*** RIVER *** [Td 8d As 8h] [Kd]
Hero: checks
64efb1d7: checks
Hero: shows [2s 2c]
64efb1d7: shows [Js 9s]
*** SHOWDOWN ***
Hero collected $156 from pot
*** SUMMARY ***
Total pot $156
Board [Td 8d As 8h Kd]
Seat 4: 6efd51d7(small blind) folded before Flop
Seat 5: 10da14f0(big blind) folded before Flop
Seat 2: afa14ad5 folded before Flop (didn't bet)
Seat 7: d6931ba8 folded before Flop (didn't bet)
Seat 1: Hero showed [2s 2c] and won ($156) with Pair of Eights and Pair of Twos
Seat 6: dda429b2 folded before Flop (didn't bet)
Seat 3: 64efb1d7 showed [Js 9s] and lost with Pair of Eights



Poker Hand #ring_935553576: NLH No Limit ($2/$4) - 2025/06/14 17:01:10
Table 'MR NLH 2/4' 7-max Seat #2 is the button
Seat 4: 6efd51d7 ($738.04 in chips)
Seat 5: 10da14f0 ($739.62 in chips)
Seat 2: afa14ad5 ($359.8 in chips)
Seat 7: d6931ba8 ($800 in chips)
Seat 1: Hero ($372 in chips)
Seat 6: dda429b2 ($843.71 in chips)
Seat 3: 64efb1d7 ($1,854.62 in chips)
64efb1d7: posts small blind $2
6efd51d7: posts big blind $4
*** HOLE CARDS ***
Dealt to 6efd51d7 
Dealt to 10da14f0 
Dealt to afa14ad5 
Dealt to d6931ba8 
Dealt to Hero [Jd 4d]
Dealt to dda429b2 
Dealt to 64efb1d7 
10da14f0: folds
dda429b2: folds
d6931ba8: folds
Hero: folds
afa14ad5: folds
64efb1d7: folds
*** SHOWDOWN ***
6efd51d7 collected $6 from pot
*** SUMMARY ***
Total pot $6
Seat 4: 6efd51d7(big blind)won ($6)
Seat 5: 10da14f0 folded before Flop (didn't bet)
Seat 2: afa14ad5 folded before Flop (didn't bet)
Seat 7: d6931ba8 folded before Flop (didn't bet)
Seat 1: Hero folded before Flop (didn't bet)
Seat 6: dda429b2 folded before Flop (didn't bet)
Seat 3: 64efb1d7(small blind) folded before Flop



Poker Hand #ring_935552006: NLH No Limit ($2/$4) - 2025/06/14 16:59:53
Table 'MR NLH 2/4' 7-max Seat #1 is the button
Seat 4: 6efd51d7 ($804.04 in chips)
Seat 5: 10da14f0 ($739.62 in chips)
Seat 2: afa14ad5 ($371.8 in chips)
Seat 7: d6931ba8 ($800 in chips)
Seat 1: Hero ($372 in chips)
Seat 6: dda429b2 ($843.71 in chips)
Seat 3: 64efb1d7 ($1,784.1 in chips)
afa14ad5: posts small blind $2
64efb1d7: posts big blind $4
*** HOLE CARDS ***
Dealt to 6efd51d7 
Dealt to 10da14f0 
Dealt to afa14ad5 
Dealt to d6931ba8 
Dealt to Hero [Qs 6h]
Dealt to dda429b2 
Dealt to 64efb1d7 
6efd51d7: raises $8 to $12
10da14f0: folds
dda429b2: folds
d6931ba8: folds
Hero: folds
afa14ad5: calls $10
64efb1d7: calls $8
*** FLOP *** [Ts 2h Qh]
afa14ad5: checks
64efb1d7: checks
6efd51d7: bets $18
afa14ad5: folds
64efb1d7: calls $18
*** TURN *** [Ts 2h Qh] [2d]
64efb1d7: checks
6efd51d7: checks
*** RIVER *** [Ts 2h Qh 2d] [Ad]
64efb1d7: checks
6efd51d7: bets $36
64efb1d7: calls $36
64efb1d7: shows [Js Ac]
6efd51d7: shows [Kh Tc]
*** SHOWDOWN ***
64efb1d7 collected $144 from pot
*** SUMMARY ***
Total pot $144
Board [Ts 2h Qh 2d Ad]
Seat 4: 6efd51d7 showed [Kh Tc] and lost with Pair of Tens and Pair of Twos
Seat 5: 10da14f0 folded before Flop (didn't bet)
Seat 2: afa14ad5(small blind) folded on the Flop
Seat 7: d6931ba8 folded before Flop (didn't bet)
Seat 1: Hero folded before Flop (didn't bet)
Seat 6: dda429b2 folded before Flop (didn't bet)
Seat 3: 64efb1d7(big blind) showed [Js Ac] and won ($144) with Pair of Aces and Pair of Twos



Poker Hand #ring_935550514: NLH No Limit ($2/$4) - 2025/06/14 16:58:42
Table 'MR NLH 2/4' 7-max Seat #7 is the button
Seat 4: 6efd51d7 ($804.04 in chips)
Seat 5: 10da14f0 ($739.62 in chips)
Seat 2: afa14ad5 ($255.01 in chips)
Seat 7: d6931ba8 ($826.69 in chips)
Seat 1: Hero ($374 in chips)
Seat 6: dda429b2 ($855.71 in chips)
Seat 3: 64efb1d7 ($1,784.1 in chips)
Hero: posts small blind $2
afa14ad5: posts big blind $4
*** HOLE CARDS ***
Dealt to 6efd51d7 
Dealt to 10da14f0 
Dealt to afa14ad5 
Dealt to d6931ba8 
Dealt to Hero [4c 9c]
Dealt to dda429b2 
Dealt to 64efb1d7 
64efb1d7: folds
6efd51d7: folds
10da14f0: folds
dda429b2: raises $8 to $12
d6931ba8: raises $30 to $42
Hero: folds
afa14ad5: calls $38
dda429b2: folds
*** FLOP *** [9h 5d Ad]
afa14ad5: checks
d6931ba8: bets $32.34
afa14ad5: calls $32.34
*** TURN *** [9h 5d Ad] [2d]
afa14ad5: checks
d6931ba8: bets $40.4
afa14ad5: raises $80.34 to $120.74
d6931ba8: folds
Uncalled bet ($80.34) returned to afa14ad5
*** SHOWDOWN ***
afa14ad5 collected $243.48 from pot
*** SUMMARY ***
Total pot $243.48
Board [9h 5d Ad 2d]
Seat 4: 6efd51d7 folded before Flop (didn't bet)
Seat 5: 10da14f0 folded before Flop (didn't bet)
Seat 2: afa14ad5(big blind)won ($243.48) with Ace High Flush
Seat 7: d6931ba8 folded on the Turn
Seat 1: Hero(small blind) folded before Flop
Seat 6: dda429b2 folded before Flop
Seat 3: 64efb1d7 folded before Flop (didn't bet)



Poker Hand #ring_935550039: NLH No Limit ($2/$4) - 2025/06/14 16:58:18
Table 'MR NLH 2/4' 7-max Seat #6 is the button
Seat 4: 6efd51d7 ($804.04 in chips)
Seat 5: 10da14f0 ($739.62 in chips)
Seat 2: afa14ad5 ($255.01 in chips)
Seat 7: d6931ba8 ($828.69 in chips)
Seat 1: Hero ($372 in chips)
Seat 6: dda429b2 ($855.71 in chips)
Seat 3: 64efb1d7 ($1,784.1 in chips)
d6931ba8: posts small blind $2
Hero: posts big blind $4
*** HOLE CARDS ***
Dealt to 6efd51d7 
Dealt to 10da14f0 
Dealt to afa14ad5 
Dealt to d6931ba8 
Dealt to Hero [Td 3d]
Dealt to dda429b2 
Dealt to 64efb1d7 
afa14ad5: folds
64efb1d7: folds
6efd51d7: folds
10da14f0: folds
dda429b2: folds
d6931ba8: folds
*** SHOWDOWN ***
Hero collected $6 from pot
*** SUMMARY ***
Total pot $6
Seat 4: 6efd51d7 folded before Flop (didn't bet)
Seat 5: 10da14f0 folded before Flop (didn't bet)
Seat 2: afa14ad5 folded before Flop (didn't bet)
Seat 7: d6931ba8(small blind) folded before Flop
Seat 1: Hero(big blind)won ($6)
Seat 6: dda429b2 folded before Flop (didn't bet)
Seat 3: 64efb1d7 folded before Flop (didn't bet)



Poker Hand #ring_935548432: NLH No Limit ($2/$4) - 2025/06/14 16:57:02
Table 'MR NLH 2/4' 7-max Seat #5 is the button
Seat 4: 6efd51d7 ($606.75 in chips)
Seat 5: 10da14f0 ($769.46 in chips)
Seat 2: afa14ad5 ($435.29 in chips)
Seat 7: d6931ba8 ($832.69 in chips)
Seat 1: Hero ($372 in chips)
Seat 6: dda429b2 ($857.71 in chips)
Seat 3: 64efb1d7 ($1,784.1 in chips)
dda429b2: posts small blind $2
d6931ba8: posts big blind $4
*** HOLE CARDS ***
Dealt to 6efd51d7 
Dealt to 10da14f0 
Dealt to afa14ad5 
Dealt to d6931ba8 
Dealt to Hero [Ac 2d]
Dealt to dda429b2 
Dealt to 64efb1d7 
Hero: folds
afa14ad5: raises $10 to $14
64efb1d7: folds
6efd51d7: calls $14
10da14f0: calls $14
dda429b2: folds
d6931ba8: folds
*** FLOP *** [Qs Qd Jc]
afa14ad5: checks
6efd51d7: checks
10da14f0: bets $15.84
afa14ad5: calls $15.84
6efd51d7: calls $15.84
*** TURN *** [Qs Qd Jc] [5c]
afa14ad5: checks
6efd51d7: checks
10da14f0: checks
*** RIVER *** [Qs Qd Jc 5c] [Ks]
afa14ad5: bets $71.64
6efd51d7: raises $78.8 to $150.44
10da14f0: folds
afa14ad5: calls $78.8
afa14ad5: shows [Qc Ah]
6efd51d7: shows [Kh Qh]
*** SHOWDOWN ***
6efd51d7 collected $396.4 from pot
*** SUMMARY ***
Total pot $396.4
Board [Qs Qd Jc 5c Ks]
Seat 4: 6efd51d7 showed [Kh Qh] and won ($396.4) with Queens Full over Kings
Seat 5: 10da14f0 folded on the River
Seat 2: afa14ad5 showed [Qc Ah] and lost with Three Queens
Seat 7: d6931ba8(big blind) folded before Flop
Seat 1: Hero folded before Flop (didn't bet)
Seat 6: dda429b2(small blind) folded before Flop
Seat 3: 64efb1d7 folded before Flop (didn't bet)



Poker Hand #ring_935547024: NLH No Limit ($2/$4) - 2025/06/14 16:55:57
Table 'MR NLH 2/4' 7-max Seat #4 is the button
Seat 4: 6efd51d7 ($606.75 in chips)
Seat 5: 10da14f0 ($771.46 in chips)
Seat 2: afa14ad5 ($445.29 in chips)
Seat 7: d6931ba8 ($812.13 in chips)
Seat 1: Hero ($372 in chips)
Seat 6: dda429b2 ($867.71 in chips)
Seat 3: 64efb1d7 ($1,784.1 in chips)
10da14f0: posts small blind $2
dda429b2: posts big blind $4
*** HOLE CARDS ***
Dealt to 6efd51d7 
Dealt to 10da14f0 
Dealt to afa14ad5 
Dealt to d6931ba8 
Dealt to Hero [6s 4d]
Dealt to dda429b2 
Dealt to 64efb1d7 
d6931ba8: raises $6 to $10
Hero: folds
afa14ad5: calls $10
64efb1d7: folds
6efd51d7: folds
10da14f0: folds
dda429b2: calls $6
*** FLOP *** [5c 2h As]
dda429b2: checks
d6931ba8: checks
afa14ad5: checks
*** TURN *** [5c 2h As] [9h]
dda429b2: checks
d6931ba8: checks
afa14ad5: checks
*** RIVER *** [5c 2h As 9h] [Ks]
dda429b2: checks
d6931ba8: checks
afa14ad5: checks
afa14ad5: shows [Qd 8d]
dda429b2: shows [Jc Td]
d6931ba8: shows [8c 8s]
*** SHOWDOWN ***
d6931ba8 collected $32 from pot
*** SUMMARY ***
Total pot $32
Board [5c 2h As 9h Ks]
Seat 4: 6efd51d7 folded before Flop (didn't bet)
Seat 5: 10da14f0(small blind) folded before Flop
Seat 2: afa14ad5 showed [Qd 8d] and lost with Ace-High
Seat 7: d6931ba8 showed [8c 8s] and won ($32) with Pair of Eights
Seat 1: Hero folded before Flop (didn't bet)
Seat 6: dda429b2(big blind) showed [Jc Td] and lost with Ace-High
Seat 3: 64efb1d7 folded before Flop (didn't bet)



Poker Hand #ring_935545710: NLH No Limit ($2/$4) - 2025/06/14 16:54:55
Table 'MR NLH 2/4' 7-max Seat #3 is the button
Seat 4: 6efd51d7 ($608.75 in chips)
Seat 5: 10da14f0 ($787.46 in chips)
Seat 2: afa14ad5 ($445.29 in chips)
Seat 7: d6931ba8 ($812.13 in chips)
Seat 1: Hero ($372 in chips)
Seat 6: dda429b2 ($867.71 in chips)
Seat 3: 64efb1d7 ($1,767.63 in chips)
6efd51d7: posts small blind $2
10da14f0: posts big blind $4
*** HOLE CARDS ***
Dealt to 6efd51d7 
Dealt to 10da14f0 
Dealt to afa14ad5 
Dealt to d6931ba8 
Dealt to Hero [3c 7c]
Dealt to dda429b2 
Dealt to 64efb1d7 
dda429b2: folds
d6931ba8: folds
Hero: folds
afa14ad5: folds
64efb1d7: raises $12 to $16
6efd51d7: folds
10da14f0: calls $12
*** FLOP *** [Js 4h Ks]
10da14f0: checks
64efb1d7: checks
*** TURN *** [Js 4h Ks] [Qs]
10da14f0: checks
64efb1d7: checks
*** RIVER *** [Js 4h Ks Qs] [Th]
10da14f0: checks
64efb1d7: bets $23.8
10da14f0: folds
Uncalled bet ($23.8) returned to 64efb1d7
afa14ad5: shows [9s]
*** SHOWDOWN ***
64efb1d7 collected $34 from pot
*** SUMMARY ***
Total pot $34
Board [Js 4h Ks Qs Th]
Seat 4: 6efd51d7(small blind) folded before Flop
Seat 5: 10da14f0(big blind) folded on the River
Seat 2: afa14ad5 folded before Flop (didn't bet)
Seat 7: d6931ba8 folded before Flop (didn't bet)
Seat 1: Hero folded before Flop (didn't bet)
Seat 6: dda429b2 folded before Flop (didn't bet)
Seat 3: 64efb1d7won ($34) with Aces-High Straight



Poker Hand #ring_935544936: NLH No Limit ($2/$4) - 2025/06/14 16:54:19
Table 'MR NLH 2/4' 7-max Seat #2 is the button
Seat 4: 6efd51d7 ($592.28 in chips)
Seat 5: 10da14f0 ($787.46 in chips)
Seat 2: afa14ad5 ($461.29 in chips)
Seat 7: d6931ba8 ($812.13 in chips)
Seat 1: Hero ($372 in chips)
Seat 6: dda429b2 ($867.71 in chips)
Seat 3: 64efb1d7 ($1,769.63 in chips)
64efb1d7: posts small blind $2
6efd51d7: posts big blind $4
*** HOLE CARDS ***
Dealt to 6efd51d7 
Dealt to 10da14f0 
Dealt to afa14ad5 
Dealt to d6931ba8 
Dealt to Hero [6s 2c]
Dealt to dda429b2 
Dealt to 64efb1d7 
10da14f0: folds
dda429b2: folds
d6931ba8: folds
Hero: folds
afa14ad5: calls $4
64efb1d7: folds
6efd51d7: raises $12 to $16
afa14ad5: calls $12
*** FLOP *** [Qc Td Js]
6efd51d7: bets $17
afa14ad5: folds
Uncalled bet ($17) returned to 6efd51d7
*** SHOWDOWN ***
6efd51d7 collected $34 from pot
*** SUMMARY ***
Total pot $34
Board [Qc Td Js]
Seat 4: 6efd51d7(big blind)won ($34) with Pair of Queens and Pair of Jacks
Seat 5: 10da14f0 folded before Flop (didn't bet)
Seat 2: afa14ad5 folded on the Flop
Seat 7: d6931ba8 folded before Flop (didn't bet)
Seat 1: Hero folded before Flop (didn't bet)
Seat 6: dda429b2 folded before Flop (didn't bet)
Seat 3: 64efb1d7(small blind) folded before Flop



Poker Hand #ring_935543663: NLH No Limit ($2/$4) - 2025/06/14 16:53:18
Table 'MR NLH 2/4' 7-max Seat #1 is the button
Seat 4: 6efd51d7 ($592.28 in chips)
Seat 5: 10da14f0 ($787.46 in chips)
Seat 2: afa14ad5 ($463.29 in chips)
Seat 7: d6931ba8 ($812.13 in chips)
Seat 1: Hero ($395.7 in chips)
Seat 6: dda429b2 ($867.71 in chips)
Seat 3: 64efb1d7 ($1,747.15 in chips)
afa14ad5: posts small blind $2
64efb1d7: posts big blind $4
*** HOLE CARDS ***
Dealt to 6efd51d7 
Dealt to 10da14f0 
Dealt to afa14ad5 
Dealt to d6931ba8 
Dealt to Hero [Ks 8s]
Dealt to dda429b2 
Dealt to 64efb1d7 
6efd51d7: folds
10da14f0: folds
dda429b2: folds
d6931ba8: folds
Hero: raises $8 to $12
afa14ad5: folds
64efb1d7: calls $8
*** FLOP *** [9c Td 2h]
64efb1d7: checks
Hero: checks
*** TURN *** [9c Td 2h] [4d]
64efb1d7: bets $11.7
Hero: calls $11.7
*** RIVER *** [9c Td 2h 4d] [Jh]
64efb1d7: checks
Hero: checks
Hero: shows [Ks 8s]
64efb1d7: shows [5h 5s]
*** SHOWDOWN ***
64efb1d7 collected $49.4 from pot
*** SUMMARY ***
Total pot $49.4
Board [9c Td 2h 4d Jh]
Seat 4: 6efd51d7 folded before Flop (didn't bet)
Seat 5: 10da14f0 folded before Flop (didn't bet)
Seat 2: afa14ad5(small blind) folded before Flop
Seat 7: d6931ba8 folded before Flop (didn't bet)
Seat 1: Hero showed [Ks 8s] and lost with King-High
Seat 6: dda429b2 folded before Flop (didn't bet)
Seat 3: 64efb1d7(big blind) showed [5h 5s] and won ($49.4) with Pair of Fives



Poker Hand #ring_935541383: NLH No Limit ($2/$4) - 2025/06/14 16:51:31
Table 'MR NLH 2/4' 7-max Seat #7 is the button
Seat 4: 6efd51d7 ($592.28 in chips)
Seat 5: 10da14f0 ($787.46 in chips)
Seat 2: afa14ad5 ($475.29 in chips)
Seat 7: d6931ba8 ($812.13 in chips)
Seat 1: Hero ($384.78 in chips)
Seat 6: dda429b2 ($867.71 in chips)
Seat 3: 64efb1d7 ($1,747.15 in chips)
Hero: posts small blind $2
afa14ad5: posts big blind $4
*** HOLE CARDS ***
Dealt to 6efd51d7 
Dealt to 10da14f0 
Dealt to afa14ad5 
Dealt to d6931ba8 
Dealt to Hero [4s 4d]
Dealt to dda429b2 
Dealt to 64efb1d7 
64efb1d7: folds
6efd51d7: folds
10da14f0: folds
dda429b2: folds
d6931ba8: folds
Hero: raises $4 to $8
afa14ad5: calls $4
*** FLOP *** [3d Jc Ts]
Hero: bets $4
afa14ad5: calls $4
*** TURN *** [3d Jc Ts] [Th]
Hero: bets $27.6
afa14ad5: folds
Uncalled bet ($27.6) returned to Hero
*** SHOWDOWN ***
Hero collected $24 from pot
*** SUMMARY ***
Total pot $24
Board [3d Jc Ts Th]
Seat 4: 6efd51d7 folded before Flop (didn't bet)
Seat 5: 10da14f0 folded before Flop (didn't bet)
Seat 2: afa14ad5(big blind) folded on the Turn
Seat 7: d6931ba8 folded before Flop (didn't bet)
Seat 1: Hero(small blind)won ($24) with Pair of Tens and Pair of Fours
Seat 6: dda429b2 folded before Flop (didn't bet)
Seat 3: 64efb1d7 folded before Flop (didn't bet)



Poker Hand #ring_935539671: NLH No Limit ($2/$4) - 2025/06/14 16:50:09
Table 'MR NLH 2/4' 7-max Seat #6 is the button
Seat 4: 6efd51d7 ($592.28 in chips)
Seat 5: 10da14f0 ($787.46 in chips)
Seat 2: afa14ad5 ($475.29 in chips)
Seat 7: d6931ba8 ($814.13 in chips)
Seat 1: Hero ($513.78 in chips)
Seat 6: dda429b2 ($749.41 in chips)
Seat 3: 64efb1d7 ($1,747.15 in chips)
d6931ba8: posts small blind $2
Hero: posts big blind $4
*** HOLE CARDS ***
Dealt to 6efd51d7 
Dealt to 10da14f0 
Dealt to afa14ad5 
Dealt to d6931ba8 
Dealt to Hero [Ts 9h]
Dealt to dda429b2 
Dealt to 64efb1d7 
afa14ad5: folds
64efb1d7: folds
6efd51d7: folds
10da14f0: folds
dda429b2: raises $8 to $12
d6931ba8: folds
Hero: calls $8
*** FLOP *** [3s 9c 6d]
Hero: bets $13
dda429b2: calls $13
*** TURN *** [3s 9c 6d] [Js]
Hero: checks
dda429b2: bets $39
Hero: calls $39
*** RIVER *** [3s 9c 6d Js] [4c]
Hero: bets $65
dda429b2: calls $65
Hero: shows [Ts 9h]
dda429b2: shows [8d Jd]
*** SHOWDOWN ***
dda429b2 collected $260 from pot
*** SUMMARY ***
Total pot $260
Board [3s 9c 6d Js 4c]
Seat 4: 6efd51d7 folded before Flop (didn't bet)
Seat 5: 10da14f0 folded before Flop (didn't bet)
Seat 2: afa14ad5 folded before Flop (didn't bet)
Seat 7: d6931ba8(small blind) folded before Flop
Seat 1: Hero(big blind) showed [Ts 9h] and lost with Pair of Nines
Seat 6: dda429b2 showed [8d Jd] and won ($260) with Pair of Jacks
Seat 3: 64efb1d7 folded before Flop (didn't bet)



Poker Hand #ring_935539190: NLH No Limit ($2/$4) - 2025/06/14 16:49:46
Table 'MR NLH 2/4' 7-max Seat #5 is the button
Seat 4: 6efd51d7 ($592.28 in chips)
Seat 5: 10da14f0 ($787.46 in chips)
Seat 2: afa14ad5 ($475.29 in chips)
Seat 7: d6931ba8 ($818.13 in chips)
Seat 1: Hero ($507.78 in chips)
Seat 6: dda429b2 ($751.41 in chips)
Seat 3: 64efb1d7 ($1,747.15 in chips)
dda429b2: posts small blind $2
d6931ba8: posts big blind $4
*** HOLE CARDS ***
Dealt to 6efd51d7 
Dealt to 10da14f0 
Dealt to afa14ad5 
Dealt to d6931ba8 
Dealt to Hero [Kc 9c]
Dealt to dda429b2 
Dealt to 64efb1d7 
Hero: raises $8 to $12
afa14ad5: folds
64efb1d7: folds
6efd51d7: folds
10da14f0: folds
dda429b2: folds
d6931ba8: folds
Uncalled bet ($8) returned to Hero
*** SHOWDOWN ***
Hero collected $10 from pot
*** SUMMARY ***
Total pot $10
Seat 4: 6efd51d7 folded before Flop (didn't bet)
Seat 5: 10da14f0 folded before Flop (didn't bet)
Seat 2: afa14ad5 folded before Flop (didn't bet)
Seat 7: d6931ba8(big blind) folded before Flop
Seat 1: Herowon ($10)
Seat 6: dda429b2(small blind) folded before Flop
Seat 3: 64efb1d7 folded before Flop (didn't bet)



Poker Hand #ring_935537790: NLH No Limit ($2/$4) - 2025/06/14 16:48:41
Table 'MR NLH 2/4' 7-max Seat #4 is the button
Seat 4: 6efd51d7 ($592.28 in chips)
Seat 5: 10da14f0 ($788 in chips)
Seat 2: afa14ad5 ($475.29 in chips)
Seat 7: d6931ba8 ($818.13 in chips)
Seat 1: Hero ($507.78 in chips)
Seat 6: dda429b2 ($751.95 in chips)
Seat 3: 64efb1d7 ($1,747.15 in chips)
10da14f0: posts small blind $2
dda429b2: posts big blind $4
*** HOLE CARDS ***
Dealt to 6efd51d7 
Dealt to 10da14f0 
Dealt to afa14ad5 
Dealt to d6931ba8 
Dealt to Hero [Jc 9s]
Dealt to dda429b2 
Dealt to 64efb1d7 
d6931ba8: folds
Hero: folds
afa14ad5: folds
64efb1d7: folds
6efd51d7: folds
10da14f0: calls $2
dda429b2: checks
*** FLOP *** [2h Ah 5s]
10da14f0: checks
dda429b2: checks
*** TURN *** [2h Ah 5s] [8c]
10da14f0: checks
dda429b2: checks
*** RIVER *** [2h Ah 5s 8c] [4h]
10da14f0: bets $8
dda429b2: calls $8
10da14f0: shows [3d Kc]
dda429b2: shows [3s Qd]
*** SHOWDOWN ***
10da14f0 collected $12 from pot
dda429b2 collected $12 from pot
*** SUMMARY ***
Total pot $24
Board [2h Ah 5s 8c 4h]
Seat 4: 6efd51d7 folded before Flop (didn't bet)
Seat 5: 10da14f0(small blind) showed [3d Kc] and won ($12) with Fives-High Straight
Seat 2: afa14ad5 folded before Flop (didn't bet)
Seat 7: d6931ba8 folded before Flop (didn't bet)
Seat 1: Hero folded before Flop (didn't bet)
Seat 6: dda429b2(big blind) showed [3s Qd] and won ($12) with Fives-High Straight
Seat 3: 64efb1d7 folded before Flop (didn't bet)



Poker Hand #ring_935536469: NLH No Limit ($2/$4) - 2025/06/14 16:47:40
Table 'MR NLH 2/4' 7-max Seat #3 is the button
Seat 4: 6efd51d7 ($594.28 in chips)
Seat 5: 10da14f0 ($800 in chips)
Seat 2: afa14ad5 ($451 in chips)
Seat 7: d6931ba8 ($818.13 in chips)
Seat 1: Hero ($507.78 in chips)
Seat 6: dda429b2 ($763.95 in chips)
Seat 3: 64efb1d7 ($1,747.15 in chips)
6efd51d7: posts small blind $2
10da14f0: posts big blind $4
*** HOLE CARDS ***
Dealt to 6efd51d7 
Dealt to 10da14f0 
Dealt to afa14ad5 
Dealt to d6931ba8 
Dealt to Hero [8c 5c]
Dealt to dda429b2 
Dealt to 64efb1d7 
dda429b2: raises $8 to $12
d6931ba8: folds
Hero: folds
afa14ad5: calls $12
64efb1d7: folds
6efd51d7: folds
10da14f0: calls $8
*** FLOP *** [As Qs 8h]
10da14f0: checks
dda429b2: checks
afa14ad5: bets $60
10da14f0: folds
dda429b2: folds
Uncalled bet ($60) returned to afa14ad5
*** SHOWDOWN ***
afa14ad5 collected $38 from pot
*** SUMMARY ***
Total pot $38
Board [As Qs 8h]
Seat 4: 6efd51d7(small blind) folded before Flop
Seat 5: 10da14f0(big blind) folded on the Flop
Seat 2: afa14ad5won ($38) with Ace-High
Seat 7: d6931ba8 folded before Flop (didn't bet)
Seat 1: Hero folded before Flop (didn't bet)
Seat 6: dda429b2 folded on the Flop
Seat 3: 64efb1d7 folded before Flop (didn't bet)



Poker Hand #ring_935533143: NLH No Limit ($2/$4) - 2025/06/14 16:45:00
Table 'MR NLH 2/4' 7-max Seat #2 is the button
Seat 4: 6efd51d7 ($598.28 in chips)
Seat 5: 10da14f0 ($418.28 in chips)
Seat 2: afa14ad5 ($484 in chips)
Seat 7: d6931ba8 ($818.13 in chips)
Seat 1: Hero ($319.08 in chips)
Seat 6: dda429b2 ($763.95 in chips)
Seat 3: 64efb1d7 ($1,780.15 in chips)
64efb1d7: posts small blind $2
6efd51d7: posts big blind $4
*** HOLE CARDS ***
Dealt to 6efd51d7 
Dealt to 10da14f0 
Dealt to afa14ad5 
Dealt to d6931ba8 
Dealt to Hero [As Jc]
Dealt to dda429b2 
Dealt to 64efb1d7 
10da14f0: raises $8 to $12
dda429b2: folds
d6931ba8: folds
Hero: calls $12
afa14ad5: raises $21 to $33
64efb1d7: calls $31
6efd51d7: folds
10da14f0: calls $21
Hero: calls $21
*** FLOP *** [3s 4c 2h]
64efb1d7: checks
10da14f0: checks
Hero: checks
afa14ad5: checks
*** TURN *** [3s 4c 2h] [2d]
64efb1d7: checks
10da14f0: checks
Hero: checks
afa14ad5: checks
*** RIVER *** [3s 4c 2h 2d] [3d]
64efb1d7: checks
10da14f0: bets $102
Hero: calls $102
afa14ad5: folds
64efb1d7: folds
Hero: shows [As Jc]
10da14f0: shows [Tc Qc]
*** SHOWDOWN ***
Hero collected $340 from pot
*** SUMMARY ***
Total pot $340
Board [3s 4c 2h 2d 3d]
Seat 4: 6efd51d7(big blind) folded before Flop
Seat 5: 10da14f0 showed [Tc Qc] and lost with Pair of Treys and Pair of Twos
Seat 2: afa14ad5 folded on the River
Seat 7: d6931ba8 folded before Flop (didn't bet)
Seat 1: Hero showed [As Jc] and won ($340) with Pair of Treys and Pair of Twos
Seat 6: dda429b2 folded before Flop (didn't bet)
Seat 3: 64efb1d7(small blind) folded on the River



Poker Hand #ring_935530514: NLH No Limit ($2/$4) - 2025/06/14 16:42:48
Table 'MR NLH 2/4' 7-max Seat #1 is the button
Seat 4: 6efd51d7 ($640.28 in chips)
Seat 5: 10da14f0 ($800 in chips)
Seat 2: afa14ad5 ($486 in chips)
Seat 7: d6931ba8 ($818.13 in chips)
Seat 1: Hero ($319.08 in chips)
Seat 6: dda429b2 ($763.95 in chips)
Seat 3: 64efb1d7 ($1,391.76 in chips)
afa14ad5: posts small blind $2
64efb1d7: posts big blind $4
*** HOLE CARDS ***
Dealt to 6efd51d7 
Dealt to 10da14f0 
Dealt to afa14ad5 
Dealt to d6931ba8 
Dealt to Hero [8d Th]
Dealt to dda429b2 
Dealt to 64efb1d7 
6efd51d7: raises $8 to $12
10da14f0: raises $30 to $42
dda429b2: folds
d6931ba8: folds
Hero: folds
afa14ad5: folds
64efb1d7: calls $38
6efd51d7: calls $30
*** FLOP *** [7s 7d 5s]
64efb1d7: checks
6efd51d7: checks
10da14f0: bets $64
64efb1d7: calls $64
6efd51d7: folds
*** TURN *** [7s 7d 5s] [As]
64efb1d7: checks
10da14f0: bets $84.48
64efb1d7: raises $191.24 to $275.72
10da14f0: calls $191.24
*** RIVER *** [7s 7d 5s As] [Jh]
64efb1d7: bets $1,010.04 and is all-in
10da14f0: folds
Uncalled bet ($1,010.04) returned to 64efb1d7
*** SHOWDOWN ***
64efb1d7 collected $807.44 from pot
*** SUMMARY ***
Total pot $807.44
Board [7s 7d 5s As Jh]
Seat 4: 6efd51d7 folded on the Flop
Seat 5: 10da14f0 folded on the River
Seat 2: afa14ad5(small blind) folded before Flop
Seat 7: d6931ba8 folded before Flop (didn't bet)
Seat 1: Hero folded before Flop (didn't bet)
Seat 6: dda429b2 folded before Flop (didn't bet)
Seat 3: 64efb1d7(big blind)won ($807.44) with Ace High Flush



Poker Hand #ring_935529301: NLH No Limit ($2/$4) - 2025/06/14 16:41:49
Table 'MR NLH 2/4' 7-max Seat #7 is the button
Seat 4: 6efd51d7 ($640.28 in chips)
Seat 5: 10da14f0 ($800 in chips)
Seat 2: afa14ad5 ($490 in chips)
Seat 7: d6931ba8 ($818.13 in chips)
Seat 1: Hero ($397.58 in chips)
Seat 6: dda429b2 ($763.95 in chips)
Seat 3: 64efb1d7 ($1,317.5 in chips)
Hero: posts small blind $2
afa14ad5: posts big blind $4
*** HOLE CARDS ***
Dealt to 6efd51d7 
Dealt to 10da14f0 
Dealt to afa14ad5 
Dealt to d6931ba8 
Dealt to Hero [4s 4d]
Dealt to dda429b2 
Dealt to 64efb1d7 
64efb1d7: raises $12 to $16
6efd51d7: folds
10da14f0: folds
dda429b2: folds
d6931ba8: folds
Hero: calls $14
afa14ad5: folds
*** FLOP *** [Kc Td 7d]
Hero: checks
64efb1d7: bets $12.96
Hero: calls $12.96
*** TURN *** [Kc Td 7d] [7h]
Hero: checks
64efb1d7: checks
*** RIVER *** [Kc Td 7d 7h] [Ks]
Hero: bets $49.54
64efb1d7: calls $49.54
Hero: shows [4s 4d]
64efb1d7: shows [As Ts]
*** SHOWDOWN ***
64efb1d7 collected $161 from pot
*** SUMMARY ***
Total pot $161
Board [Kc Td 7d 7h Ks]
Seat 4: 6efd51d7 folded before Flop (didn't bet)
Seat 5: 10da14f0 folded before Flop (didn't bet)
Seat 2: afa14ad5(big blind) folded before Flop
Seat 7: d6931ba8 folded before Flop (didn't bet)
Seat 1: Hero(small blind) showed [4s 4d] and lost with Pair of Kings and Pair of Sevens
Seat 6: dda429b2 folded before Flop (didn't bet)
Seat 3: 64efb1d7 showed [As Ts] and won ($161) with Pair of Kings and Pair of Tens



Poker Hand #ring_935527918: NLH No Limit ($2/$4) - 2025/06/14 16:40:40
Table 'MR NLH 2/4' 7-max Seat #6 is the button
Seat 4: 6efd51d7 ($640.28 in chips)
Seat 5: 10da14f0 ($800 in chips)
Seat 2: afa14ad5 ($490 in chips)
Seat 7: d6931ba8 ($800 in chips)
Seat 1: Hero ($417.5 in chips)
Seat 6: dda429b2 ($763.95 in chips)
Seat 3: 64efb1d7 ($1,317.5 in chips)
d6931ba8: posts small blind $2
Hero: posts big blind $4
*** HOLE CARDS ***
Dealt to 6efd51d7 
Dealt to 10da14f0 
Dealt to afa14ad5 
Dealt to d6931ba8 
Dealt to Hero [4s Kd]
Dealt to dda429b2 
Dealt to 64efb1d7 
afa14ad5: folds
64efb1d7: folds
6efd51d7: folds
10da14f0: folds
dda429b2: folds
d6931ba8: raises $8 to $12
Hero: calls $8
*** FLOP *** [3s Ad Qc]
d6931ba8: bets $7.92
Hero: calls $7.92
*** TURN *** [3s Ad Qc] [9s]
d6931ba8: checks
Hero: checks
*** RIVER *** [3s Ad Qc 9s] [2s]
d6931ba8: checks
Hero: checks
Hero: shows [4s Kd]
d6931ba8: shows [Ac 4c]
*** SHOWDOWN ***
d6931ba8 collected $39.84 from pot
*** SUMMARY ***
Total pot $39.84
Board [3s Ad Qc 9s 2s]
Seat 4: 6efd51d7 folded before Flop (didn't bet)
Seat 5: 10da14f0 folded before Flop (didn't bet)
Seat 2: afa14ad5 folded before Flop (didn't bet)
Seat 7: d6931ba8(small blind) showed [Ac 4c] and won ($39.84) with Pair of Aces
Seat 1: Hero(big blind) showed [4s Kd] and lost with Ace-High
Seat 6: dda429b2 folded before Flop (didn't bet)
Seat 3: 64efb1d7 folded before Flop (didn't bet)



Poker Hand #ring_935527269: NLH No Limit ($2/$4) - 2025/06/14 16:40:08
Table 'MR NLH 2/4' 7-max Seat #5 is the button
Seat 4: 6efd51d7 ($640.28 in chips)
Seat 5: 10da14f0 ($800 in chips)
Seat 2: afa14ad5 ($490 in chips)
Seat 7: d6931ba8 ($800 in chips)
Seat 1: Hero ($411.5 in chips)
Seat 6: dda429b2 ($765.95 in chips)
Seat 3: 64efb1d7 ($1,317.5 in chips)
dda429b2: posts small blind $2
d6931ba8: posts big blind $4
*** HOLE CARDS ***
Dealt to 6efd51d7 
Dealt to 10da14f0 
Dealt to afa14ad5 
Dealt to d6931ba8 
Dealt to Hero [4h 4s]
Dealt to dda429b2 
Dealt to 64efb1d7 
Hero: raises $8 to $12
afa14ad5: folds
64efb1d7: folds
6efd51d7: folds
10da14f0: folds
dda429b2: folds
d6931ba8: folds
Uncalled bet ($8) returned to Hero
*** SHOWDOWN ***
Hero collected $10 from pot
*** SUMMARY ***
Total pot $10
Seat 4: 6efd51d7 folded before Flop (didn't bet)
Seat 5: 10da14f0 folded before Flop (didn't bet)
Seat 2: afa14ad5 folded before Flop (didn't bet)
Seat 7: d6931ba8(big blind) folded before Flop
Seat 1: Herowon ($10)
Seat 6: dda429b2(small blind) folded before Flop
Seat 3: 64efb1d7 folded before Flop (didn't bet)



Poker Hand #ring_935525266: NLH No Limit ($2/$4) - 2025/06/14 16:38:28
Table 'MR NLH 2/4' 7-max Seat #4 is the button
Seat 4: 6efd51d7 ($640.28 in chips)
Seat 5: 10da14f0 ($802 in chips)
Seat 2: afa14ad5 ($490 in chips)
Seat 7: d6931ba8 ($800 in chips)
Seat 1: Hero ($442.5 in chips)
Seat 6: dda429b2 ($664 in chips)
Seat 3: 64efb1d7 ($1,396 in chips)
10da14f0: posts small blind $2
dda429b2: posts big blind $4
*** HOLE CARDS ***
Dealt to 6efd51d7 
Dealt to 10da14f0 
Dealt to afa14ad5 
Dealt to d6931ba8 
Dealt to Hero [Qd 9d]
Dealt to dda429b2 
Dealt to 64efb1d7 
d6931ba8: folds
Hero: raises $8 to $12
afa14ad5: folds
64efb1d7: calls $12
6efd51d7: folds
10da14f0: folds
dda429b2: calls $8
*** FLOP *** [Qh 6c Ks]
dda429b2: checks
Hero: bets $19
64efb1d7: calls $19
dda429b2: raises $47.5 to $66.5
Hero: folds
64efb1d7: calls $47.5
*** TURN *** [Qh 6c Ks] [7h]
dda429b2: checks
64efb1d7: checks
*** RIVER *** [Qh 6c Ks 7h] [Jh]
dda429b2: bets $95
64efb1d7: folds
Uncalled bet ($95) returned to dda429b2
*** SHOWDOWN ***
dda429b2 collected $190 from pot
*** SUMMARY ***
Total pot $190
Board [Qh 6c Ks 7h Jh]
Seat 4: 6efd51d7 folded before Flop (didn't bet)
Seat 5: 10da14f0(small blind) folded before Flop
Seat 2: afa14ad5 folded before Flop (didn't bet)
Seat 7: d6931ba8 folded before Flop (didn't bet)
Seat 1: Hero folded on the Flop
Seat 6: dda429b2(big blind)won ($190) with Pair of Kings
Seat 3: 64efb1d7 folded on the River



Poker Hand #ring_935524846: NLH No Limit ($2/$4) - 2025/06/14 16:38:06
Table 'MR NLH 2/4' 7-max Seat #3 is the button
Seat 4: 6efd51d7 ($642.28 in chips)
Seat 5: 10da14f0 ($800 in chips)
Seat 2: afa14ad5 ($490 in chips)
Seat 7: d6931ba8 ($800 in chips)
Seat 1: Hero ($442.5 in chips)
Seat 3: 64efb1d7 ($1,396 in chips)
6efd51d7: posts small blind $2
10da14f0: posts big blind $4
*** HOLE CARDS ***
Dealt to 6efd51d7 
Dealt to 10da14f0 
Dealt to afa14ad5 
Dealt to d6931ba8 
Dealt to Hero [Qh 3d]
Dealt to 64efb1d7 
d6931ba8: folds
Hero: folds
afa14ad5: folds
64efb1d7: folds
6efd51d7: folds
*** SHOWDOWN ***
10da14f0 collected $6 from pot
*** SUMMARY ***
Total pot $6
Seat 4: 6efd51d7(small blind) folded before Flop
Seat 5: 10da14f0(big blind)won ($6)
Seat 2: afa14ad5 folded before Flop (didn't bet)
Seat 7: d6931ba8 folded before Flop (didn't bet)
Seat 1: Hero folded before Flop (didn't bet)
Seat 3: 64efb1d7 folded before Flop (didn't bet)



Poker Hand #ring_935524321: NLH No Limit ($2/$4) - 2025/06/14 16:37:40
Table 'MR NLH 2/4' 7-max Seat #2 is the button
Seat 4: 6efd51d7 ($646.28 in chips)
Seat 5: 10da14f0 ($667.65 in chips)
Seat 2: afa14ad5 ($490 in chips)
Seat 7: d6931ba8 ($800 in chips)
Seat 1: Hero ($442.5 in chips)
Seat 3: 64efb1d7 ($1,392.36 in chips)
64efb1d7: posts small blind $2
6efd51d7: posts big blind $4
*** HOLE CARDS ***
Dealt to 6efd51d7 
Dealt to 10da14f0 
Dealt to afa14ad5 
Dealt to d6931ba8 
Dealt to Hero [Kc 2d]
Dealt to 64efb1d7 
10da14f0: folds
d6931ba8: folds
Hero: folds
afa14ad5: folds
64efb1d7: calls $2
6efd51d7: checks
*** FLOP *** [Qs Jc 2h]
64efb1d7: bets $5.6
6efd51d7: folds
Uncalled bet ($5.6) returned to 64efb1d7
*** SHOWDOWN ***
64efb1d7 collected $8 from pot
*** SUMMARY ***
Total pot $8
Board [Qs Jc 2h]
Seat 4: 6efd51d7(big blind) folded on the Flop
Seat 5: 10da14f0 folded before Flop (didn't bet)
Seat 2: afa14ad5 folded before Flop (didn't bet)
Seat 7: d6931ba8 folded before Flop (didn't bet)
Seat 1: Hero folded before Flop (didn't bet)
Seat 3: 64efb1d7(small blind)won ($8) with Pair of Queens



Poker Hand #ring_935522570: NLH No Limit ($2/$4) - 2025/06/14 16:36:12
Table 'MR NLH 2/4' 7-max Seat #1 is the button
Seat 4: 6efd51d7 ($335.89 in chips)
Seat 5: 10da14f0 ($667.65 in chips)
Seat 2: afa14ad5 ($492 in chips)
Seat 7: d6931ba8 ($863.06 in chips)
Seat 1: Hero ($442.5 in chips)
Seat 3: 64efb1d7 ($1,396.36 in chips)
afa14ad5: posts small blind $2
64efb1d7: posts big blind $4
*** HOLE CARDS ***
Dealt to 6efd51d7 
Dealt to 10da14f0 
Dealt to afa14ad5 
Dealt to d6931ba8 
Dealt to Hero [Kd 7s]
Dealt to 64efb1d7 
6efd51d7: raises $8 to $12
10da14f0: folds
d6931ba8: raises $24 to $36
Hero: folds
afa14ad5: folds
64efb1d7: folds
6efd51d7: calls $24
*** FLOP *** [Jd 4s 9s]
6efd51d7: checks
d6931ba8: bets $25.74
6efd51d7: calls $25.74
*** TURN *** [Jd 4s 9s] [Qh]
6efd51d7: checks
d6931ba8: bets $85.46
6efd51d7: raises $188.69 to $274.15 and is all-in
d6931ba8: calls $188.69
6efd51d7: shows [Kc Tc]
d6931ba8: shows [Ad Qs]
*** RIVER *** [Jd 4s 9s Qh] [Qd]
*** SHOWDOWN ***
6efd51d7 collected $677.78 from pot
*** SUMMARY ***
Total pot $677.78
Board [Jd 4s 9s Qh Qd]
Seat 4: 6efd51d7 showed [Kc Tc] and won ($677.78) with Kings-High Straight
Seat 5: 10da14f0 folded before Flop (didn't bet)
Seat 2: afa14ad5(small blind) folded before Flop
Seat 7: d6931ba8 showed [Ad Qs] and lost with Three Queens
Seat 1: Hero folded before Flop (didn't bet)
Seat 3: 64efb1d7(big blind) folded before Flop



Poker Hand #ring_935522084: NLH No Limit ($2/$4) - 2025/06/14 16:35:48
Table 'MR NLH 2/4' 7-max Seat #7 is the button
Seat 4: 6efd51d7 ($329.89 in chips)
Seat 5: 10da14f0 ($667.65 in chips)
Seat 2: afa14ad5 ($496 in chips)
Seat 7: d6931ba8 ($863.06 in chips)
Seat 1: Hero ($444.5 in chips)
Seat 3: 64efb1d7 ($1,396.36 in chips)
Hero: posts small blind $2
afa14ad5: posts big blind $4
*** HOLE CARDS ***
Dealt to 6efd51d7 
Dealt to 10da14f0 
Dealt to afa14ad5 
Dealt to d6931ba8 
Dealt to Hero [5d 3c]
Dealt to 64efb1d7 
64efb1d7: folds
6efd51d7: raises $8 to $12
10da14f0: folds
d6931ba8: folds
Hero: folds
afa14ad5: folds
Uncalled bet ($8) returned to 6efd51d7
*** SHOWDOWN ***
6efd51d7 collected $10 from pot
*** SUMMARY ***
Total pot $10
Seat 4: 6efd51d7won ($10)
Seat 5: 10da14f0 folded before Flop (didn't bet)
Seat 2: afa14ad5(big blind) folded before Flop
Seat 7: d6931ba8 folded before Flop (didn't bet)
Seat 1: Hero(small blind) folded before Flop
Seat 3: 64efb1d7 folded before Flop (didn't bet)



Poker Hand #ring_935521384: NLH No Limit ($2/$4) - 2025/06/14 16:35:13
Table 'MR NLH 2/4' 7-max Seat #5 is the button
Seat 4: 6efd51d7 ($341.89 in chips)
Seat 5: 10da14f0 ($702.15 in chips)
Seat 2: afa14ad5 ($496 in chips)
Seat 7: d6931ba8 ($865.06 in chips)
Seat 1: Hero ($396 in chips)
Seat 3: 64efb1d7 ($1,396.36 in chips)
d6931ba8: posts small blind $2
Hero: posts big blind $4
*** HOLE CARDS ***
Dealt to 6efd51d7 
Dealt to 10da14f0 
Dealt to afa14ad5 
Dealt to d6931ba8 
Dealt to Hero [Qh Qd]
Dealt to 64efb1d7 
afa14ad5: folds
64efb1d7: folds
6efd51d7: raises $8 to $12
10da14f0: raises $22.5 to $34.5
d6931ba8: folds
Hero: raises $41.5 to $76
6efd51d7: folds
10da14f0: folds
Uncalled bet ($41.5) returned to Hero
*** SHOWDOWN ***
Hero collected $83 from pot
*** SUMMARY ***
Total pot $83
Seat 4: 6efd51d7 folded before Flop
Seat 5: 10da14f0 folded before Flop
Seat 2: afa14ad5 folded before Flop (didn't bet)
Seat 7: d6931ba8(small blind) folded before Flop
Seat 1: Hero(big blind)won ($83)
Seat 3: 64efb1d7 folded before Flop (didn't bet)



