Poker Hand #ring_941077489: NLH No Limit ($1/$2) - 2025/06/17 13:56:10
Table 'MR NLH 1/2' 7-max Seat #6 is the button
Seat 7: 9a936827 ($416.25 in chips)
Seat 3: 1803b934 ($210.79 in chips)
Seat 6: e9f7cdda ($230.73 in chips)
Seat 1: 68cf66d9 ($243.26 in chips)
Seat 2: Hero ($432.67 in chips)
Seat 5: 1dc87c4 ($204.27 in chips)
9a936827: posts small blind $1
68cf66d9: posts big blind $2
*** HOLE CARDS ***
Dealt to 9a936827 
Dealt to 1803b934 
Dealt to e9f7cdda 
Dealt to 68cf66d9 
Dealt to Hero [2d Kh]
Dealt to 1dc87c4 
Hero: folds
1803b934: folds
1dc87c4: folds
e9f7cdda: raises $3 to $5
9a936827: folds
68cf66d9: calls $3
*** FLOP *** [Kd Kc 8c]
68cf66d9: checks
e9f7cdda: bets $3.63
68cf66d9: folds
Uncalled bet ($3.63) returned to e9f7cdda
*** SHOWDOWN ***
e9f7cdda collected $11 from pot
*** SUMMARY ***
Total pot $11
Board [Kd Kc 8c]
Seat 7: 9a936827(small blind) folded before Flop
Seat 3: 1803b934 folded before Flop (didn't bet)
Seat 6: e9f7cddawon ($11) with Pair of Kings
Seat 1: 68cf66d9(big blind) folded on the Flop
Seat 2: Hero folded before Flop (didn't bet)
Seat 5: 1dc87c4 folded before Flop (didn't bet)



Poker Hand #ring_941075702: NLH No Limit ($1/$2) - 2025/06/17 13:54:30
Table 'MR NLH 1/2' 7-max Seat #5 is the button
Seat 7: 9a936827 ($418.25 in chips)
Seat 3: 1803b934 ($210.79 in chips)
Seat 4: 47c962ca ($101.3 in chips)
Seat 6: e9f7cdda ($231.73 in chips)
Seat 1: 68cf66d9 ($243.26 in chips)
Seat 2: Hero ($338.14 in chips)
Seat 5: 1dc87c4 ($227.07 in chips)
e9f7cdda: posts small blind $1
9a936827: posts big blind $2
*** HOLE CARDS ***
Dealt to 9a936827 
Dealt to 1803b934 
Dealt to 47c962ca 
Dealt to e9f7cdda 
Dealt to 68cf66d9 
Dealt to Hero [Kd Jd]
Dealt to 1dc87c4 
68cf66d9: folds
Hero: raises $4 to $6
1803b934: folds
47c962ca: calls $6
1dc87c4: calls $6
e9f7cdda: folds
9a936827: folds
*** FLOP *** [Td 2h 9c]
Hero: bets $16.8
47c962ca: calls $16.8
1dc87c4: calls $16.8
*** TURN *** [Td 2h 9c] [Qc]
Hero: bets $35.7
47c962ca: raises $42.8 to $78.5 and is all-in
1dc87c4: folds
Hero: calls $42.8
Hero: shows [Kd Jd]
47c962ca: shows [Th Qd]
Hero: Chooses to EV Cashout
Pays Cashout Risk: $19.82
*** RIVER *** [Td 2h 9c Qc] [4d]
Hero: EV Cashout ($195.83)
*** SHOWDOWN ***
Hero collected $228.4 from pot
*** SUMMARY ***
Total pot $228.4
Board [Td 2h 9c Qc 4d]
Seat 7: 9a936827(big blind) folded before Flop
Seat 3: 1803b934 folded before Flop (didn't bet)
Seat 4: 47c962ca showed [Th Qd] and lost with Pair of Queens and Pair of Tens
Seat 6: e9f7cdda(small blind) folded before Flop
Seat 1: 68cf66d9 folded before Flop (didn't bet)
Seat 2: Hero showed [Kd Jd] and won ($228.4) with Kings-High Straight
Seat 5: 1dc87c4 folded on the Turn



Poker Hand #ring_941074714: NLH No Limit ($1/$2) - 2025/06/17 13:53:31
Table 'MR NLH 1/2' 7-max Seat #4 is the button
Seat 7: 9a936827 ($418.25 in chips)
Seat 3: 1803b934 ($210.79 in chips)
Seat 4: 47c962ca ($107.8 in chips)
Seat 6: e9f7cdda ($223.9 in chips)
Seat 1: 68cf66d9 ($243.26 in chips)
Seat 2: Hero ($338.14 in chips)
Seat 5: 1dc87c4 ($229.07 in chips)
1dc87c4: posts small blind $1
e9f7cdda: posts big blind $2
*** HOLE CARDS ***
Dealt to 9a936827 
Dealt to 1803b934 
Dealt to 47c962ca 
Dealt to e9f7cdda 
Dealt to 68cf66d9 
Dealt to Hero [6s 5c]
Dealt to 1dc87c4 
9a936827: folds
68cf66d9: folds
Hero: folds
1803b934: folds
47c962ca: calls $2
1dc87c4: calls $1
e9f7cdda: checks
*** FLOP *** [4s 8s 3d]
1dc87c4: checks
e9f7cdda: bets $4.5
47c962ca: calls $4.5
1dc87c4: folds
*** TURN *** [4s 8s 3d] [4h]
e9f7cdda: checks
47c962ca: checks
*** RIVER *** [4s 8s 3d 4h] [5s]
e9f7cdda: checks
47c962ca: checks
47c962ca: shows [3c 2h]
e9f7cdda: shows [3s 8c]
*** SHOWDOWN ***
e9f7cdda collected $15 from pot
*** SUMMARY ***
Total pot $15
Board [4s 8s 3d 4h 5s]
Seat 7: 9a936827 folded before Flop (didn't bet)
Seat 3: 1803b934 folded before Flop (didn't bet)
Seat 4: 47c962ca showed [3c 2h] and lost with Pair of Fours and Pair of Treys
Seat 6: e9f7cdda(big blind) showed [3s 8c] and won ($15) with Pair of Eights and Pair of Fours
Seat 1: 68cf66d9 folded before Flop (didn't bet)
Seat 2: Hero folded before Flop (didn't bet)
Seat 5: 1dc87c4(small blind) folded on the Flop



Poker Hand #ring_941073532: NLH No Limit ($1/$2) - 2025/06/17 13:52:23
Table 'MR NLH 1/2' 7-max Seat #3 is the button
Seat 7: 9a936827 ($418.25 in chips)
Seat 3: 1803b934 ($210.79 in chips)
Seat 4: 47c962ca ($100.34 in chips)
Seat 6: e9f7cdda ($223.9 in chips)
Seat 1: 68cf66d9 ($247.26 in chips)
Seat 2: Hero ($338.14 in chips)
Seat 5: 1dc87c4 ($233.07 in chips)
47c962ca: posts small blind $1
1dc87c4: posts big blind $2
*** HOLE CARDS ***
Dealt to 9a936827 
Dealt to 1803b934 
Dealt to 47c962ca 
Dealt to e9f7cdda 
Dealt to 68cf66d9 
Dealt to Hero [9s 5s]
Dealt to 1dc87c4 
e9f7cdda: folds
9a936827: folds
68cf66d9: raises $2 to $4
Hero: folds
1803b934: folds
47c962ca: calls $3
1dc87c4: calls $2
*** FLOP *** [4s 6c 8s]
47c962ca: checks
1dc87c4: checks
68cf66d9: checks
*** TURN *** [4s 6c 8s] [6s]
47c962ca: bets $12
1dc87c4: folds
68cf66d9: folds
Uncalled bet ($12) returned to 47c962ca
*** SHOWDOWN ***
47c962ca collected $12 from pot
*** SUMMARY ***
Total pot $12
Board [4s 6c 8s 6s]
Seat 7: 9a936827 folded before Flop (didn't bet)
Seat 3: 1803b934 folded before Flop (didn't bet)
Seat 4: 47c962ca(small blind)won ($12) with Three Sixes
Seat 6: e9f7cdda folded before Flop (didn't bet)
Seat 1: 68cf66d9 folded on the Turn
Seat 2: Hero folded before Flop (didn't bet)
Seat 5: 1dc87c4(big blind) folded on the Turn



Poker Hand #ring_941072517: NLH No Limit ($1/$2) - 2025/06/17 13:51:23
Table 'MR NLH 1/2' 7-max Seat #2 is the button
Seat 7: 9a936827 ($418.25 in chips)
Seat 3: 1803b934 ($216.79 in chips)
Seat 4: 47c962ca ($106.34 in chips)
Seat 6: e9f7cdda ($223.9 in chips)
Seat 1: 68cf66d9 ($247.26 in chips)
Seat 2: Hero ($344.14 in chips)
Seat 5: 1dc87c4 ($216.65 in chips)
1803b934: posts small blind $1
47c962ca: posts big blind $2
*** HOLE CARDS ***
Dealt to 9a936827 
Dealt to 1803b934 
Dealt to 47c962ca 
Dealt to e9f7cdda 
Dealt to 68cf66d9 
Dealt to Hero [Ac Js]
Dealt to 1dc87c4 
1dc87c4: raises $4 to $6
e9f7cdda: folds
9a936827: folds
68cf66d9: folds
Hero: calls $6
1803b934: calls $5
47c962ca: calls $4
*** FLOP *** [2c Qs 6s]
1803b934: checks
47c962ca: checks
1dc87c4: bets $18
Hero: folds
1803b934: folds
47c962ca: folds
Uncalled bet ($18) returned to 1dc87c4
*** SHOWDOWN ***
1dc87c4 collected $24 from pot
*** SUMMARY ***
Total pot $24
Board [2c Qs 6s]
Seat 7: 9a936827 folded before Flop (didn't bet)
Seat 3: 1803b934(small blind) folded on the Flop
Seat 4: 47c962ca(big blind) folded on the Flop
Seat 6: e9f7cdda folded before Flop (didn't bet)
Seat 1: 68cf66d9 folded before Flop (didn't bet)
Seat 2: Hero folded on the Flop
Seat 5: 1dc87c4won ($24) with Pair of Aces



Poker Hand #ring_941071037: NLH No Limit ($1/$2) - 2025/06/17 13:49:54
Table 'MR NLH 1/2' 7-max Seat #1 is the button
Seat 7: 9a936827 ($351.28 in chips)
Seat 3: 1803b934 ($218.79 in chips)
Seat 4: 47c962ca ($44.75 in chips)
Seat 6: e9f7cdda ($248.9 in chips)
Seat 1: 68cf66d9 ($247.26 in chips)
Seat 2: Hero ($345.14 in chips)
Seat 5: 1dc87c4 ($216.65 in chips)
Hero: posts small blind $1
1803b934: posts big blind $2
*** HOLE CARDS ***
Dealt to 9a936827 
Dealt to 1803b934 
Dealt to 47c962ca 
Dealt to e9f7cdda 
Dealt to 68cf66d9 
Dealt to Hero [2d 9h]
Dealt to 1dc87c4 
47c962ca: raises $5 to $7
1dc87c4: folds
e9f7cdda: calls $7
9a936827: raises $18 to $25
68cf66d9: folds
Hero: folds
1803b934: folds
47c962ca: calls $18
e9f7cdda: calls $18
*** FLOP *** [9c As 4d]
47c962ca: bets $19.75 and is all-in
e9f7cdda: folds
9a936827: calls $19.75
47c962ca: shows [8c Ad] (Pair of Aces)
9a936827: shows [Ah Kh] (Pair of Aces)
*** TURN *** [9c As 4d] [6d]
*** RIVER *** [9c As 4d 6d] [5s]
*** SHOWDOWN ***
9a936827 collected $117.5 from pot
*** SUMMARY ***
Total pot $117.5
Board [9c As 4d 6d 5s]
Seat 7: 9a936827 showed [Ah Kh] and won ($117.5) with Pair of Aces
Seat 3: 1803b934(big blind) folded before Flop
Seat 4: 47c962ca showed [8c Ad] and lost with Pair of Aces
Seat 6: e9f7cdda folded on the Flop
Seat 1: 68cf66d9 folded before Flop (didn't bet)
Seat 2: Hero(small blind) folded before Flop
Seat 5: 1dc87c4 folded before Flop (didn't bet)



Poker Hand #ring_941070111: NLH No Limit ($1/$2) - 2025/06/17 13:49:01
Table 'MR NLH 1/2' 7-max Seat #7 is the button
Seat 7: 9a936827 ($351.28 in chips)
Seat 3: 1803b934 ($208.51 in chips)
Seat 4: 47c962ca ($49.75 in chips)
Seat 6: e9f7cdda ($248.9 in chips)
Seat 1: 68cf66d9 ($248.26 in chips)
Seat 2: Hero ($350.14 in chips)
Seat 5: 1dc87c4 ($216.65 in chips)
68cf66d9: posts small blind $1
Hero: posts big blind $2
*** HOLE CARDS ***
Dealt to 9a936827 
Dealt to 1803b934 
Dealt to 47c962ca 
Dealt to e9f7cdda 
Dealt to 68cf66d9 
Dealt to Hero [7c 5h]
Dealt to 1dc87c4 
1803b934: raises $3 to $5
47c962ca: calls $5
1dc87c4: folds
e9f7cdda: folds
9a936827: folds
68cf66d9: folds
Hero: calls $3
*** FLOP *** [Qc Td 9h]
Hero: checks
1803b934: bets $12
47c962ca: folds
Hero: folds
Uncalled bet ($12) returned to 1803b934
*** SHOWDOWN ***
1803b934 collected $16 from pot
*** SUMMARY ***
Total pot $16
Board [Qc Td 9h]
Seat 7: 9a936827 folded before Flop (didn't bet)
Seat 3: 1803b934won ($16) with Pair of Kings
Seat 4: 47c962ca folded on the Flop
Seat 6: e9f7cdda folded before Flop (didn't bet)
Seat 1: 68cf66d9(small blind) folded before Flop
Seat 2: Hero(big blind) folded on the Flop
Seat 5: 1dc87c4 folded before Flop (didn't bet)



Poker Hand #ring_941068690: NLH No Limit ($1/$2) - 2025/06/17 13:47:41
Table 'MR NLH 1/2' 7-max Seat #6 is the button
Seat 7: 9a936827 ($405.28 in chips)
Seat 3: 1803b934 ($208.51 in chips)
Seat 4: 47c962ca ($55.75 in chips)
Seat 6: e9f7cdda ($248.9 in chips)
Seat 1: 68cf66d9 ($188.16 in chips)
Seat 2: Hero ($350.14 in chips)
Seat 5: 1dc87c4 ($222.65 in chips)
9a936827: posts small blind $1
68cf66d9: posts big blind $2
*** HOLE CARDS ***
Dealt to 9a936827 
Dealt to 1803b934 
Dealt to 47c962ca 
Dealt to e9f7cdda 
Dealt to 68cf66d9 
Dealt to Hero [3d 8s]
Dealt to 1dc87c4 
Hero: folds
1803b934: folds
47c962ca: calls $2
1dc87c4: calls $2
e9f7cdda: folds
9a936827: calls $1
68cf66d9: raises $4 to $6
47c962ca: calls $4
1dc87c4: calls $4
9a936827: calls $4
*** FLOP *** [Kh 6h Ks]
9a936827: checks
68cf66d9: checks
47c962ca: checks
1dc87c4: checks
*** TURN *** [Kh 6h Ks] [Ah]
9a936827: checks
68cf66d9: bets $18
47c962ca: folds
1dc87c4: folds
9a936827: calls $18
*** RIVER *** [Kh 6h Ks Ah] [4s]
9a936827: checks
68cf66d9: bets $30
9a936827: calls $30
68cf66d9: shows [6s 6d]
9a936827: shows [Th 7h]
*** SHOWDOWN ***
68cf66d9 collected $120 from pot
*** SUMMARY ***
Total pot $120
Board [Kh 6h Ks Ah 4s]
Seat 7: 9a936827(small blind) showed [Th 7h] and lost with Ace High Flush
Seat 3: 1803b934 folded before Flop (didn't bet)
Seat 4: 47c962ca folded on the Turn
Seat 6: e9f7cdda folded before Flop (didn't bet)
Seat 1: 68cf66d9(big blind) showed [6s 6d] and won ($120) with Sixes Full over Kings
Seat 2: Hero folded before Flop (didn't bet)
Seat 5: 1dc87c4 folded on the Turn



Poker Hand #ring_941068145: NLH No Limit ($1/$2) - 2025/06/17 13:47:09
Table 'MR NLH 1/2' 7-max Seat #5 is the button
Seat 7: 9a936827 ($407.28 in chips)
Seat 3: 1803b934 ($208.51 in chips)
Seat 4: 47c962ca ($55.75 in chips)
Seat 6: e9f7cdda ($246.9 in chips)
Seat 1: 68cf66d9 ($188.16 in chips)
Seat 2: Hero ($350.14 in chips)
Seat 5: 1dc87c4 ($222.65 in chips)
e9f7cdda: posts small blind $1
9a936827: posts big blind $2
*** HOLE CARDS ***
Dealt to 9a936827 
Dealt to 1803b934 
Dealt to 47c962ca 
Dealt to e9f7cdda 
Dealt to 68cf66d9 
Dealt to Hero [Tc Qh]
Dealt to 1dc87c4 
68cf66d9: folds
Hero: folds
1803b934: folds
47c962ca: folds
1dc87c4: folds
e9f7cdda: raises $5 to $7
9a936827: folds
Uncalled bet ($5) returned to e9f7cdda
*** SHOWDOWN ***
e9f7cdda collected $4 from pot
*** SUMMARY ***
Total pot $4
Seat 7: 9a936827(big blind) folded before Flop
Seat 3: 1803b934 folded before Flop (didn't bet)
Seat 4: 47c962ca folded before Flop (didn't bet)
Seat 6: e9f7cdda(small blind)won ($4)
Seat 1: 68cf66d9 folded before Flop (didn't bet)
Seat 2: Hero folded before Flop (didn't bet)
Seat 5: 1dc87c4 folded before Flop (didn't bet)



Poker Hand #ring_941067022: NLH No Limit ($1/$2) - 2025/06/17 13:46:05
Table 'MR NLH 1/2' 7-max Seat #4 is the button
Seat 7: 9a936827 ($407.28 in chips)
Seat 3: 1803b934 ($203 in chips)
Seat 4: 47c962ca ($55.75 in chips)
Seat 6: e9f7cdda ($251.9 in chips)
Seat 1: 68cf66d9 ($188.16 in chips)
Seat 2: Hero ($350.14 in chips)
Seat 5: 1dc87c4 ($223.65 in chips)
1dc87c4: posts small blind $1
e9f7cdda: posts big blind $2
*** HOLE CARDS ***
Dealt to 9a936827 
Dealt to 1803b934 
Dealt to 47c962ca 
Dealt to e9f7cdda 
Dealt to 68cf66d9 
Dealt to Hero [Ac 6h]
Dealt to 1dc87c4 
9a936827: folds
68cf66d9: folds
Hero: folds
1803b934: raises $3 to $5
47c962ca: folds
1dc87c4: folds
e9f7cdda: calls $3
*** FLOP *** [Ts As 9d]
e9f7cdda: checks
1803b934: bets $8.25
e9f7cdda: folds
Uncalled bet ($8.25) returned to 1803b934
*** SHOWDOWN ***
1803b934 collected $11 from pot
*** SUMMARY ***
Total pot $11
Board [Ts As 9d]
Seat 7: 9a936827 folded before Flop (didn't bet)
Seat 3: 1803b934won ($11) with Pair of Fours
Seat 4: 47c962ca folded before Flop (didn't bet)
Seat 6: e9f7cdda(big blind) folded on the Flop
Seat 1: 68cf66d9 folded before Flop (didn't bet)
Seat 2: Hero folded before Flop (didn't bet)
Seat 5: 1dc87c4(small blind) folded before Flop



Poker Hand #ring_941066111: NLH No Limit ($1/$2) - 2025/06/17 13:45:13
Table 'MR NLH 1/2' 7-max Seat #3 is the button
Seat 7: 9a936827 ($407.28 in chips)
Seat 3: 1803b934 ($203 in chips)
Seat 4: 47c962ca ($67.75 in chips)
Seat 6: e9f7cdda ($251.9 in chips)
Seat 1: 68cf66d9 ($188.16 in chips)
Seat 2: Hero ($350.14 in chips)
Seat 5: 1dc87c4 ($213.23 in chips)
47c962ca: posts small blind $1
1dc87c4: posts big blind $2
*** HOLE CARDS ***
Dealt to 9a936827 
Dealt to 1803b934 
Dealt to 47c962ca 
Dealt to e9f7cdda 
Dealt to 68cf66d9 
Dealt to Hero [6d Qs]
Dealt to 1dc87c4 
e9f7cdda: folds
9a936827: folds
68cf66d9: folds
Hero: folds
1803b934: folds
47c962ca: raises $4 to $6
1dc87c4: calls $4
*** FLOP *** [Th Kd 5c]
47c962ca: checks
1dc87c4: bets $6
47c962ca: calls $6
*** TURN *** [Th Kd 5c] [5s]
47c962ca: checks
1dc87c4: bets $12
47c962ca: folds
Uncalled bet ($12) returned to 1dc87c4
*** SHOWDOWN ***
1dc87c4 collected $24 from pot
*** SUMMARY ***
Total pot $24
Board [Th Kd 5c 5s]
Seat 7: 9a936827 folded before Flop (didn't bet)
Seat 3: 1803b934 folded before Flop (didn't bet)
Seat 4: 47c962ca(small blind) folded on the Turn
Seat 6: e9f7cdda folded before Flop (didn't bet)
Seat 1: 68cf66d9 folded before Flop (didn't bet)
Seat 2: Hero folded before Flop (didn't bet)
Seat 5: 1dc87c4(big blind)won ($24) with Pair of Tens and Pair of Fives



Poker Hand #ring_941065361: NLH No Limit ($1/$2) - 2025/06/17 13:44:30
Table 'MR NLH 1/2' 7-max Seat #2 is the button
Seat 7: 9a936827 ($407.28 in chips)
Seat 3: 1803b934 ($204 in chips)
Seat 4: 47c962ca ($69.75 in chips)
Seat 6: e9f7cdda ($251.9 in chips)
Seat 1: 68cf66d9 ($179.83 in chips)
Seat 2: Hero ($350.14 in chips)
Seat 5: 1dc87c4 ($219.23 in chips)
1803b934: posts small blind $1
47c962ca: posts big blind $2
*** HOLE CARDS ***
Dealt to 9a936827 
Dealt to 1803b934 
Dealt to 47c962ca 
Dealt to e9f7cdda 
Dealt to 68cf66d9 
Dealt to Hero [4h Kd]
Dealt to 1dc87c4 
1dc87c4: calls $2
e9f7cdda: folds
9a936827: folds
68cf66d9: raises $4 to $6
Hero: folds
1803b934: folds
47c962ca: folds
1dc87c4: calls $4
*** FLOP *** [2h Qh 7h]
1dc87c4: checks
68cf66d9: bets $7.5
1dc87c4: folds
Uncalled bet ($7.5) returned to 68cf66d9
68cf66d9: shows [Ah]
*** SHOWDOWN ***
68cf66d9 collected $15 from pot
*** SUMMARY ***
Total pot $15
Board [2h Qh 7h]
Seat 7: 9a936827 folded before Flop (didn't bet)
Seat 3: 1803b934(small blind) folded before Flop
Seat 4: 47c962ca(big blind) folded before Flop
Seat 6: e9f7cdda folded before Flop (didn't bet)
Seat 1: 68cf66d9 showed [Ah] and won ($15) with Ace-High
Seat 2: Hero folded before Flop (didn't bet)
Seat 5: 1dc87c4 folded on the Flop



Poker Hand #ring_941064038: NLH No Limit ($1/$2) - 2025/06/17 13:43:15
Table 'MR NLH 1/2' 7-max Seat #1 is the button
Seat 7: 9a936827 ($407.28 in chips)
Seat 3: 1803b934 ($206 in chips)
Seat 4: 47c962ca ($69.75 in chips)
Seat 6: e9f7cdda ($251.9 in chips)
Seat 1: 68cf66d9 ($179.83 in chips)
Seat 2: Hero ($351.14 in chips)
Seat 5: 1dc87c4 ($216.45 in chips)
Hero: posts small blind $1
1803b934: posts big blind $2
*** HOLE CARDS ***
Dealt to 9a936827 
Dealt to 1803b934 
Dealt to 47c962ca 
Dealt to e9f7cdda 
Dealt to 68cf66d9 
Dealt to Hero [Js 5d]
Dealt to 1dc87c4 
47c962ca: folds
1dc87c4: calls $2
e9f7cdda: folds
9a936827: folds
68cf66d9: folds
Hero: folds
1803b934: checks
*** FLOP *** [Ah 7s 6d]
1803b934: checks
1dc87c4: checks
*** TURN *** [Ah 7s 6d] [6c]
1803b934: checks
1dc87c4: bets $5
1803b934: folds
Uncalled bet ($5) returned to 1dc87c4
*** SHOWDOWN ***
1dc87c4 collected $5 from pot
*** SUMMARY ***
Total pot $5
Board [Ah 7s 6d 6c]
Seat 7: 9a936827 folded before Flop (didn't bet)
Seat 3: 1803b934(big blind) folded on the Turn
Seat 4: 47c962ca folded before Flop (didn't bet)
Seat 6: e9f7cdda folded before Flop (didn't bet)
Seat 1: 68cf66d9 folded before Flop (didn't bet)
Seat 2: Hero(small blind) folded before Flop
Seat 5: 1dc87c4won ($5) with Three Sixes



Poker Hand #ring_941062934: NLH No Limit ($1/$2) - 2025/06/17 13:42:11
Table 'MR NLH 1/2' 7-max Seat #7 is the button
Seat 7: 9a936827 ($407.28 in chips)
Seat 4: 47c962ca ($69.75 in chips)
Seat 6: e9f7cdda ($241.89 in chips)
Seat 1: 68cf66d9 ($180.83 in chips)
Seat 2: Hero ($361.64 in chips)
Seat 5: 1dc87c4 ($216.45 in chips)
68cf66d9: posts small blind $1
Hero: posts big blind $2
*** HOLE CARDS ***
Dealt to 9a936827 
Dealt to 47c962ca 
Dealt to e9f7cdda 
Dealt to 68cf66d9 
Dealt to Hero [2h Jh]
Dealt to 1dc87c4 
47c962ca: folds
1dc87c4: folds
e9f7cdda: raises $3 to $5
9a936827: folds
68cf66d9: folds
Hero: calls $3
*** FLOP *** [Kh As Th]
Hero: checks
e9f7cdda: checks
*** TURN *** [Kh As Th] [6s]
Hero: checks
e9f7cdda: bets $5.5
Hero: calls $5.5
*** RIVER *** [Kh As Th 6s] [6d]
Hero: checks
e9f7cdda: bets $16.5
Hero: folds
Uncalled bet ($16.5) returned to e9f7cdda
*** SHOWDOWN ***
e9f7cdda collected $22 from pot
*** SUMMARY ***
Total pot $22
Board [Kh As Th 6s 6d]
Seat 7: 9a936827 folded before Flop (didn't bet)
Seat 4: 47c962ca folded before Flop (didn't bet)
Seat 6: e9f7cddawon ($22) with Pair of Sixes
Seat 1: 68cf66d9(small blind) folded before Flop
Seat 2: Hero(big blind) folded on the River
Seat 5: 1dc87c4 folded before Flop (didn't bet)



Poker Hand #ring_941062103: NLH No Limit ($1/$2) - 2025/06/17 13:41:24
Table 'MR NLH 1/2' 7-max Seat #6 is the button
Seat 7: 9a936827 ($398 in chips)
Seat 4: 47c962ca ($71.75 in chips)
Seat 6: e9f7cdda ($241.89 in chips)
Seat 1: 68cf66d9 ($182.83 in chips)
Seat 2: Hero ($361.64 in chips)
Seat 5: 1dc87c4 ($222.45 in chips)
9a936827: posts small blind $1
68cf66d9: posts big blind $2
*** HOLE CARDS ***
Dealt to 9a936827 
Dealt to 47c962ca 
Dealt to e9f7cdda 
Dealt to 68cf66d9 
Dealt to Hero [5d 4h]
Dealt to 1dc87c4 
Hero: folds
47c962ca: calls $2
1dc87c4: calls $2
e9f7cdda: folds
9a936827: calls $1
68cf66d9: checks
*** FLOP *** [Qs 7h 7d]
9a936827: checks
68cf66d9: checks
47c962ca: checks
1dc87c4: checks
*** TURN *** [Qs 7h 7d] [8h]
9a936827: bets $4
68cf66d9: folds
47c962ca: folds
1dc87c4: calls $4
*** RIVER *** [Qs 7h 7d 8h] [2c]
9a936827: bets $12
1dc87c4: folds
Uncalled bet ($12) returned to 9a936827
*** SHOWDOWN ***
9a936827 collected $16 from pot
*** SUMMARY ***
Total pot $16
Board [Qs 7h 7d 8h 2c]
Seat 7: 9a936827(small blind)won ($16) with Three Sevens
Seat 4: 47c962ca folded on the Turn
Seat 6: e9f7cdda folded before Flop (didn't bet)
Seat 1: 68cf66d9(big blind) folded on the Turn
Seat 2: Hero folded before Flop (didn't bet)
Seat 5: 1dc87c4 folded on the River



Poker Hand #ring_941061010: NLH No Limit ($1/$2) - 2025/06/17 13:40:21
Table 'MR NLH 1/2' 7-max Seat #5 is the button
Seat 7: 9a936827 ($400 in chips)
Seat 4: 47c962ca ($100 in chips)
Seat 6: e9f7cdda ($242.89 in chips)
Seat 1: 68cf66d9 ($101.43 in chips)
Seat 2: Hero ($418.84 in chips)
Seat 3: 1f42d353 ($400 in chips)
Seat 5: 1dc87c4 ($222.45 in chips)
e9f7cdda: posts small blind $1
9a936827: posts big blind $2
47c962ca: posts big blind $2
*** HOLE CARDS ***
Dealt to 9a936827 
Dealt to 47c962ca 
Dealt to e9f7cdda 
Dealt to 68cf66d9 
Dealt to Hero [Jh Qh]
Dealt to 1f42d353 
Dealt to 1dc87c4 
68cf66d9: raises $6 to $8
Hero: calls $8
1f42d353: folds
47c962ca: calls $6
1dc87c4: folds
e9f7cdda: folds
9a936827: folds
*** FLOP *** [Th 2c 3c]
68cf66d9: checks
Hero: checks
47c962ca: checks
*** TURN *** [Th 2c 3c] [Jc]
68cf66d9: bets $20.25
Hero: calls $20.25
47c962ca: calls $20.25
*** RIVER *** [Th 2c 3c Jc] [5d]
68cf66d9: bets $28.95
Hero: calls $28.95
47c962ca: folds
68cf66d9: shows [Td Tc]
Hero: shows [Jh Qh]
*** SHOWDOWN ***
68cf66d9 collected $145.65 from pot
*** SUMMARY ***
Total pot $145.65
Board [Th 2c 3c Jc 5d]
Seat 7: 9a936827(big blind) folded before Flop
Seat 4: 47c962ca folded on the River
Seat 6: e9f7cdda(small blind) folded before Flop
Seat 1: 68cf66d9 showed [Td Tc] and won ($145.65) with Three Tens
Seat 2: Hero showed [Jh Qh] and lost with Pair of Jacks
Seat 3: 1f42d353 folded before Flop (didn't bet)
Seat 5: 1dc87c4 folded before Flop (didn't bet)



Poker Hand #ring_941058994: NLH No Limit ($1/$2) - 2025/06/17 13:38:25
Table 'MR NLH 1/2' 7-max Seat #3 is the button
Seat 7: 9a936827 ($400 in chips)
Seat 6: e9f7cdda ($244.89 in chips)
Seat 1: 68cf66d9 ($107.43 in chips)
Seat 2: Hero ($418.84 in chips)
Seat 3: 1f42d353 ($401.6 in chips)
Seat 5: 1dc87c4 ($209.85 in chips)
1dc87c4: posts small blind $1
e9f7cdda: posts big blind $2
*** HOLE CARDS ***
Dealt to 9a936827 
Dealt to e9f7cdda 
Dealt to 68cf66d9 
Dealt to Hero [5d 9c]
Dealt to 1f42d353 
Dealt to 1dc87c4 
9a936827: folds
68cf66d9: calls $2
Hero: folds
1f42d353: calls $2
1dc87c4: calls $1
e9f7cdda: checks
*** FLOP *** [Qs 2h 7h]
1dc87c4: checks
e9f7cdda: checks
68cf66d9: bets $4
1f42d353: calls $4
1dc87c4: calls $4
e9f7cdda: folds
*** TURN *** [Qs 2h 7h] [Tc]
1dc87c4: checks
68cf66d9: checks
1f42d353: checks
*** RIVER *** [Qs 2h 7h Tc] [Kd]
1dc87c4: checks
68cf66d9: checks
1f42d353: checks
68cf66d9: shows [7c 8d]
1f42d353: shows [3s 2s]
1dc87c4: shows [Qc 5s]
*** SHOWDOWN ***
1dc87c4 collected $20 from pot
*** SUMMARY ***
Total pot $20
Board [Qs 2h 7h Tc Kd]
Seat 7: 9a936827 folded before Flop (didn't bet)
Seat 6: e9f7cdda(big blind) folded on the Flop
Seat 1: 68cf66d9 showed [7c 8d] and lost with Pair of Sevens
Seat 2: Hero folded before Flop (didn't bet)
Seat 3: 1f42d353 showed [3s 2s] and lost with Pair of Twos
Seat 5: 1dc87c4(small blind) showed [Qc 5s] and won ($20) with Pair of Queens



Poker Hand #ring_941058546: NLH No Limit ($1/$2) - 2025/06/17 13:37:59
Table 'MR NLH 1/2' 7-max Seat #2 is the button
Seat 7: 9a936827 ($400 in chips)
Seat 1: 68cf66d9 ($107.43 in chips)
Seat 2: Hero ($415.84 in chips)
Seat 3: 1f42d353 ($402.6 in chips)
Seat 5: 1dc87c4 ($211.85 in chips)
1f42d353: posts small blind $1
1dc87c4: posts big blind $2
*** HOLE CARDS ***
Dealt to 9a936827 
Dealt to 68cf66d9 
Dealt to Hero [Ts Ks]
Dealt to 1f42d353 
Dealt to 1dc87c4 
9a936827: folds
68cf66d9: folds
Hero: raises $4 to $6
1f42d353: folds
1dc87c4: folds
Uncalled bet ($4) returned to Hero
*** SHOWDOWN ***
Hero collected $5 from pot
*** SUMMARY ***
Total pot $5
Seat 7: 9a936827 folded before Flop (didn't bet)
Seat 1: 68cf66d9 folded before Flop (didn't bet)
Seat 2: Herowon ($5)
Seat 3: 1f42d353(small blind) folded before Flop
Seat 5: 1dc87c4(big blind) folded before Flop



Poker Hand #ring_941057946: NLH No Limit ($1/$2) - 2025/06/17 13:37:25
Table 'MR NLH 1/2' 7-max Seat #1 is the button
Seat 7: 9a936827 ($135.16 in chips)
Seat 1: 68cf66d9 ($107.43 in chips)
Seat 4: 55fcd615 ($365.65 in chips)
Seat 2: Hero ($416.84 in chips)
Seat 3: 1f42d353 ($401.6 in chips)
Seat 5: 1dc87c4 ($211.85 in chips)
Hero: posts small blind $1
1f42d353: posts big blind $2
*** HOLE CARDS ***
Dealt to 9a936827 
Dealt to 68cf66d9 
Dealt to 55fcd615 
Dealt to Hero [9d 5s]
Dealt to 1f42d353 
Dealt to 1dc87c4 
55fcd615: folds
1dc87c4: folds
9a936827: folds
68cf66d9: folds
Hero: folds
*** SHOWDOWN ***
1f42d353 collected $3 from pot
*** SUMMARY ***
Total pot $3
Seat 7: 9a936827 folded before Flop (didn't bet)
Seat 1: 68cf66d9 folded before Flop (didn't bet)
Seat 4: 55fcd615 folded before Flop (didn't bet)
Seat 2: Hero(small blind) folded before Flop
Seat 3: 1f42d353(big blind)won ($3)
Seat 5: 1dc87c4 folded before Flop (didn't bet)



Poker Hand #ring_941057038: NLH No Limit ($1/$2) - 2025/06/17 13:36:31
Table 'MR NLH 1/2' 7-max Seat #7 is the button
Seat 7: 9a936827 ($125.15 in chips)
Seat 1: 68cf66d9 ($108.43 in chips)
Seat 4: 55fcd615 ($365.65 in chips)
Seat 2: Hero ($427.34 in chips)
Seat 3: 1f42d353 ($401.6 in chips)
Seat 5: 1dc87c4 ($211.85 in chips)
68cf66d9: posts small blind $1
Hero: posts big blind $2
*** HOLE CARDS ***
Dealt to 9a936827 
Dealt to 68cf66d9 
Dealt to 55fcd615 
Dealt to Hero [Kh 6d]
Dealt to 1f42d353 
Dealt to 1dc87c4 
1f42d353: folds
55fcd615: folds
1dc87c4: folds
9a936827: raises $3 to $5
68cf66d9: folds
Hero: calls $3
*** FLOP *** [8c 7h 4s]
Hero: checks
9a936827: checks
*** TURN *** [8c 7h 4s] [Js]
Hero: checks
9a936827: bets $5.5
Hero: calls $5.5
*** RIVER *** [8c 7h 4s Js] [Qd]
Hero: checks
9a936827: bets $16.5
Hero: folds
Uncalled bet ($16.5) returned to 9a936827
*** SHOWDOWN ***
9a936827 collected $22 from pot
*** SUMMARY ***
Total pot $22
Board [8c 7h 4s Js Qd]
Seat 7: 9a936827won ($22) with Pair of Queens and Pair of Jacks
Seat 1: 68cf66d9(small blind) folded before Flop
Seat 4: 55fcd615 folded before Flop (didn't bet)
Seat 2: Hero(big blind) folded on the River
Seat 3: 1f42d353 folded before Flop (didn't bet)
Seat 5: 1dc87c4 folded before Flop (didn't bet)



Poker Hand #ring_941055684: NLH No Limit ($1/$2) - 2025/06/17 13:35:12
Table 'MR NLH 1/2' 7-max Seat #5 is the button
Seat 7: 9a936827 ($153.15 in chips)
Seat 1: 68cf66d9 ($110.43 in chips)
Seat 4: 55fcd615 ($365.65 in chips)
Seat 2: Hero ($427.34 in chips)
Seat 3: 1f42d353 ($401.6 in chips)
Seat 5: 1dc87c4 ($185 in chips)
9a936827: posts small blind $1
68cf66d9: posts big blind $2
1dc87c4: posts big blind $0
1dc87c4: posts small blind $1
*** HOLE CARDS ***
Dealt to 9a936827 
Dealt to 68cf66d9 
Dealt to 55fcd615 
Dealt to Hero [5c Tc]
Dealt to 1f42d353 
Dealt to 1dc87c4 
Hero: folds
1f42d353: folds
55fcd615: folds
1dc87c4: raises $5 to $7
9a936827: raises $21 to $28
68cf66d9: folds
1dc87c4: calls $21
*** FLOP *** [Qh 7d 4c]
9a936827: checks
1dc87c4: checks
*** TURN *** [Qh 7d 4c] [3c]
9a936827: checks
1dc87c4: bets $44.25
9a936827: folds
Uncalled bet ($44.25) returned to 1dc87c4
*** SHOWDOWN ***
1dc87c4 collected $59 from pot
*** SUMMARY ***
Total pot $58
Board [Qh 7d 4c 3c]
Seat 7: 9a936827(small blind) folded on the Turn
Seat 1: 68cf66d9(big blind) folded before Flop
Seat 4: 55fcd615 folded before Flop (didn't bet)
Seat 2: Hero folded before Flop (didn't bet)
Seat 3: 1f42d353 folded before Flop (didn't bet)
Seat 5: 1dc87c4won ($59) with Pair of Fours



Poker Hand #ring_941054979: NLH No Limit ($1/$2) - 2025/06/17 13:34:31
Table 'MR NLH 1/2' 7-max Seat #4 is the button
Seat 7: 9a936827 ($155.15 in chips)
Seat 1: 68cf66d9 ($91 in chips)
Seat 4: 55fcd615 ($365.65 in chips)
Seat 2: Hero ($447.14 in chips)
Seat 3: 1f42d353 ($401.6 in chips)
9a936827: posts big blind $2
*** HOLE CARDS ***
Dealt to 9a936827 
Dealt to 68cf66d9 
Dealt to 55fcd615 
Dealt to Hero [Kh Ah]
Dealt to 1f42d353 
68cf66d9: calls $2
Hero: raises $5 to $7
1f42d353: folds
55fcd615: folds
9a936827: folds
68cf66d9: calls $5
*** FLOP *** [Qs 3d 2d]
68cf66d9: checks
Hero: bets $12.8
68cf66d9: calls $12.8
*** TURN *** [Qs 3d 2d] [Tc]
68cf66d9: checks
Hero: checks
*** RIVER *** [Qs 3d 2d Tc] [8d]
68cf66d9: bets $20.8
Hero: folds
Uncalled bet ($20.8) returned to 68cf66d9
*** SHOWDOWN ***
68cf66d9 collected $41.6 from pot
*** SUMMARY ***
Total pot $41.6
Board [Qs 3d 2d Tc 8d]
Seat 7: 9a936827(big blind) folded before Flop
Seat 1: 68cf66d9won ($41.6) with Jack High Flush
Seat 4: 55fcd615 folded before Flop (didn't bet)
Seat 2: Hero folded on the River
Seat 3: 1f42d353 folded before Flop (didn't bet)



Poker Hand #ring_941054005: NLH No Limit ($1/$2) - 2025/06/17 13:33:35
Table 'MR NLH 1/2' 7-max Seat #3 is the button
Seat 7: 9a936827 ($155.15 in chips)
Seat 1: 68cf66d9 ($93 in chips)
Seat 4: 55fcd615 ($366.65 in chips)
Seat 2: Hero ($440.54 in chips)
Seat 3: 1f42d353 ($403.6 in chips)
Seat 5: 1dc87c4 ($187 in chips)
55fcd615: posts small blind $1
1dc87c4: posts big blind $2
*** HOLE CARDS ***
Dealt to 9a936827 
Dealt to 68cf66d9 
Dealt to 55fcd615 
Dealt to Hero [Qd Js]
Dealt to 1f42d353 
Dealt to 1dc87c4 
9a936827: folds
68cf66d9: calls $2
Hero: calls $2
1f42d353: calls $2
55fcd615: folds
1dc87c4: checks
*** FLOP *** [Jh 4d 5s]
1dc87c4: checks
68cf66d9: checks
Hero: bets $7.2
1f42d353: folds
1dc87c4: folds
68cf66d9: folds
Uncalled bet ($7.2) returned to Hero
*** SHOWDOWN ***
Hero collected $9 from pot
*** SUMMARY ***
Total pot $9
Board [Jh 4d 5s]
Seat 7: 9a936827 folded before Flop (didn't bet)
Seat 1: 68cf66d9 folded on the Flop
Seat 4: 55fcd615(small blind) folded before Flop
Seat 2: Herowon ($9) with Pair of Jacks
Seat 3: 1f42d353 folded on the Flop
Seat 5: 1dc87c4(big blind) folded on the Flop



Poker Hand #ring_941053363: NLH No Limit ($1/$2) - 2025/06/17 13:32:57
Table 'MR NLH 1/2' 7-max Seat #2 is the button
Seat 7: 9a936827 ($152.15 in chips)
Seat 1: 68cf66d9 ($93 in chips)
Seat 4: 55fcd615 ($368.65 in chips)
Seat 2: Hero ($440.54 in chips)
Seat 3: 1f42d353 ($404.6 in chips)
Seat 5: 1dc87c4 ($187 in chips)
1f42d353: posts small blind $1
55fcd615: posts big blind $2
*** HOLE CARDS ***
Dealt to 9a936827 
Dealt to 68cf66d9 
Dealt to 55fcd615 
Dealt to Hero [6s 2h]
Dealt to 1f42d353 
Dealt to 1dc87c4 
1dc87c4: folds
9a936827: raises $3 to $5
68cf66d9: folds
Hero: folds
1f42d353: folds
55fcd615: folds
Uncalled bet ($3) returned to 9a936827
*** SHOWDOWN ***
9a936827 collected $5 from pot
*** SUMMARY ***
Total pot $5
Seat 7: 9a936827won ($5)
Seat 1: 68cf66d9 folded before Flop (didn't bet)
Seat 4: 55fcd615(big blind) folded before Flop
Seat 2: Hero folded before Flop (didn't bet)
Seat 3: 1f42d353(small blind) folded before Flop
Seat 5: 1dc87c4 folded before Flop (didn't bet)



Poker Hand #ring_941052443: NLH No Limit ($1/$2) - 2025/06/17 13:32:03
Table 'MR NLH 1/2' 7-max Seat #1 is the button
Seat 7: 9a936827 ($152.15 in chips)
Seat 1: 68cf66d9 ($93 in chips)
Seat 4: 55fcd615 ($372.65 in chips)
Seat 2: Hero ($441.54 in chips)
Seat 3: 1f42d353 ($400 in chips)
Seat 5: 1dc87c4 ($187 in chips)
Hero: posts small blind $1
1f42d353: posts big blind $2
*** HOLE CARDS ***
Dealt to 9a936827 
Dealt to 68cf66d9 
Dealt to 55fcd615 
Dealt to Hero [5d 6c]
Dealt to 1f42d353 
Dealt to 1dc87c4 
55fcd615: raises $2 to $4
1dc87c4: folds
9a936827: folds
68cf66d9: folds
Hero: folds
1f42d353: calls $2
*** FLOP *** [4h 2d Td]
1f42d353: checks
55fcd615: checks
*** TURN *** [4h 2d Td] [7d]
1f42d353: checks
55fcd615: checks
*** RIVER *** [4h 2d Td 7d] [5s]
1f42d353: bets $7.2
55fcd615: folds
Uncalled bet ($7.2) returned to 1f42d353
*** SHOWDOWN ***
1f42d353 collected $9 from pot
*** SUMMARY ***
Total pot $9
Board [4h 2d Td 7d 5s]
Seat 7: 9a936827 folded before Flop (didn't bet)
Seat 1: 68cf66d9 folded before Flop (didn't bet)
Seat 4: 55fcd615 folded on the River
Seat 2: Hero(small blind) folded before Flop
Seat 3: 1f42d353(big blind)won ($9) with Pair of Sevens
Seat 5: 1dc87c4 folded before Flop (didn't bet)



Poker Hand #ring_941051349: NLH No Limit ($1/$2) - 2025/06/17 13:30:58
Table 'MR NLH 1/2' 7-max Seat #7 is the button
Seat 7: 9a936827 ($142.91 in chips)
Seat 1: 68cf66d9 ($94 in chips)
Seat 4: 55fcd615 ($372.65 in chips)
Seat 2: Hero ($443.54 in chips)
Seat 3: 1f42d353 ($400 in chips)
Seat 5: 1dc87c4 ($194 in chips)
68cf66d9: posts small blind $1
Hero: posts big blind $2
1dc87c4: posts big blind $2
*** HOLE CARDS ***
Dealt to 9a936827 
Dealt to 68cf66d9 
Dealt to 55fcd615 
Dealt to Hero [Qh 3d]
Dealt to 1f42d353 
Dealt to 1dc87c4 
1f42d353: folds
55fcd615: folds
1dc87c4: checks
9a936827: raises $5 to $7
68cf66d9: folds
Hero: folds
1dc87c4: calls $5
*** FLOP *** [4c 6h Jh]
1dc87c4: checks
9a936827: bets $8.5
1dc87c4: folds
Uncalled bet ($8.5) returned to 9a936827
*** SHOWDOWN ***
9a936827 collected $17 from pot
*** SUMMARY ***
Total pot $17
Board [4c 6h Jh]
Seat 7: 9a936827won ($17) with Pair of Jacks
Seat 1: 68cf66d9(small blind) folded before Flop
Seat 4: 55fcd615 folded before Flop (didn't bet)
Seat 2: Hero(big blind) folded before Flop
Seat 3: 1f42d353 folded before Flop (didn't bet)
Seat 5: 1dc87c4 folded on the Flop



Poker Hand #ring_941050981: NLH No Limit ($1/$2) - 2025/06/17 13:30:36
Table 'MR NLH 1/2' 7-max Seat #4 is the button
Seat 7: 9a936827 ($143.91 in chips)
Seat 1: 68cf66d9 ($96 in chips)
Seat 4: 55fcd615 ($372.65 in chips)
Seat 2: Hero ($440.54 in chips)
Seat 3: 1f42d353 ($400 in chips)
9a936827: posts small blind $1
68cf66d9: posts big blind $2
*** HOLE CARDS ***
Dealt to 9a936827 
Dealt to 68cf66d9 
Dealt to 55fcd615 
Dealt to Hero [8c Tc]
Dealt to 1f42d353 
Hero: raises $4 to $6
1f42d353: folds
55fcd615: folds
9a936827: folds
68cf66d9: folds
Uncalled bet ($4) returned to Hero
*** SHOWDOWN ***
Hero collected $5 from pot
*** SUMMARY ***
Total pot $5
Seat 7: 9a936827(small blind) folded before Flop
Seat 1: 68cf66d9(big blind) folded before Flop
Seat 4: 55fcd615 folded before Flop (didn't bet)
Seat 2: Herowon ($5)
Seat 3: 1f42d353 folded before Flop (didn't bet)



Poker Hand #ring_941049218: NLH No Limit ($1/$2) - 2025/06/17 13:28:49
Table 'MR NLH 1/2' 7-max Seat #3 is the button
Seat 7: 9a936827 ($400 in chips)
Seat 1: 68cf66d9 ($96 in chips)
Seat 4: 55fcd615 ($373.65 in chips)
Seat 2: Hero ($256.09 in chips)
Seat 3: 1f42d353 ($400 in chips)
55fcd615: posts small blind $1
9a936827: posts big blind $2
*** HOLE CARDS ***
Dealt to 9a936827 
Dealt to 68cf66d9 
Dealt to 55fcd615 
Dealt to Hero [Jc Ts]
Dealt to 1f42d353 
68cf66d9: folds
Hero: raises $4 to $6
1f42d353: folds
55fcd615: folds
9a936827: calls $4
*** FLOP *** [8h 9d Qs]
9a936827: checks
Hero: bets $6.5
9a936827: calls $6.5
*** TURN *** [8h 9d Qs] [2c]
9a936827: checks
Hero: bets $20.8
9a936827: raises $33.8 to $54.6
Hero: raises $71.65 to $126.25
9a936827: raises $139.25 to $265.5
Hero: calls $117.34 and is all-in
Uncalled bet ($21.91) returned to 9a936827
Hero: shows [Jc Ts]
9a936827: shows [9c 8c]
Hero: Chooses to EV Cashout
Pays Cashout Risk: $44.6
*** RIVER *** [8h 9d Qs 2c] [7c]
Hero: EV Cashout ($440.54)
*** SHOWDOWN ***
Hero collected $513.18 from pot
*** SUMMARY ***
Total pot $513.18
Board [8h 9d Qs 2c 7c]
Seat 7: 9a936827(big blind) showed [9c 8c] and lost with Pair of Nines and Pair of Eights
Seat 1: 68cf66d9 folded before Flop (didn't bet)
Seat 4: 55fcd615(small blind) folded before Flop
Seat 2: Hero showed [Jc Ts] and won ($513.18) with Queens-High Straight
Seat 3: 1f42d353 folded before Flop (didn't bet)



Poker Hand #ring_941048734: NLH No Limit ($1/$2) - 2025/06/17 13:28:20
Table 'MR NLH 1/2' 7-max Seat #2 is the button
Seat 1: 68cf66d9 ($100 in chips)
Seat 4: 55fcd615 ($375.65 in chips)
Seat 2: Hero ($246.72 in chips)
Seat 3: 1f42d353 ($400 in chips)
1f42d353: posts small blind $1
55fcd615: posts big blind $2
68cf66d9: posts big blind $2
*** HOLE CARDS ***
Dealt to 68cf66d9 
Dealt to 55fcd615 
Dealt to Hero [2c 4c]
Dealt to 1f42d353 
68cf66d9: raises $2 to $4
Hero: calls $4
1f42d353: calls $3
55fcd615: folds
*** FLOP *** [6s 4h Td]
1f42d353: checks
68cf66d9: checks
Hero: bets $7
1f42d353: folds
68cf66d9: folds
Uncalled bet ($7) returned to Hero
*** SHOWDOWN ***
Hero collected $14 from pot
*** SUMMARY ***
Total pot $14
Board [6s 4h Td]
Seat 1: 68cf66d9 folded on the Flop
Seat 4: 55fcd615(big blind) folded before Flop
Seat 2: Herowon ($14) with Pair of Fours
Seat 3: 1f42d353(small blind) folded on the Flop



Poker Hand #ring_941047924: NLH No Limit ($1/$2) - 2025/06/17 13:27:31
Table 'MR NLH 1/2' 7-max Seat #4 is the button
Seat 4: 55fcd615 ($366.84 in chips)
Seat 2: Hero ($247.72 in chips)
Seat 3: 1f42d353 ($399 in chips)
Hero: posts small blind $1
1f42d353: posts big blind $2
*** HOLE CARDS ***
Dealt to 55fcd615 
Dealt to Hero [3c 2h]
Dealt to 1f42d353 
55fcd615: raises $3 to $5
Hero: folds
1f42d353: calls $3
*** FLOP *** [Ah 5c 3s]
1f42d353: checks
55fcd615: bets $3.63
1f42d353: calls $3.63
*** TURN *** [Ah 5c 3s] [Jh]
1f42d353: checks
55fcd615: checks
*** RIVER *** [Ah 5c 3s Jh] [8c]
1f42d353: checks
55fcd615: checks
1f42d353: shows [Tc 9c]
55fcd615: shows [Th 5h]
*** SHOWDOWN ***
55fcd615 collected $18.26 from pot
*** SUMMARY ***
Total pot $18.26
Board [Ah 5c 3s Jh 8c]
Seat 4: 55fcd615 showed [Th 5h] and won ($18.26) with Pair of Fives
Seat 2: Hero(small blind) folded before Flop
Seat 3: 1f42d353(big blind) showed [Tc 9c] and lost with Ace-High



Poker Hand #ring_941047238: NLH No Limit ($1/$2) - 2025/06/17 13:26:51
Table 'MR NLH 1/2' 7-max Seat #3 is the button
Seat 4: 55fcd615 ($393.44 in chips)
Seat 2: Hero ($223.51 in chips)
Seat 3: 1f42d353 ($399 in chips)
55fcd615: posts small blind $1
Hero: posts big blind $2
*** HOLE CARDS ***
Dealt to 55fcd615 
Dealt to Hero [Qh 4d]
Dealt to 1f42d353 
1f42d353: folds
55fcd615: raises $4 to $6
Hero: calls $4
*** FLOP *** [8s Qs 9h]
55fcd615: checks
Hero: checks
*** TURN *** [8s Qs 9h] [8c]
55fcd615: checks
Hero: bets $9.6
55fcd615: calls $9.6
*** RIVER *** [8s Qs 9h 8c] [5c]
55fcd615: checks
Hero: bets $11
55fcd615: calls $11
Hero: shows [Qh 4d]
55fcd615: shows [Jh Js]
*** SHOWDOWN ***
Hero collected $53.2 from pot
*** SUMMARY ***
Total pot $53.2
Board [8s Qs 9h 8c 5c]
Seat 4: 55fcd615(small blind) showed [Jh Js] and lost with Pair of Jacks and Pair of Eights
Seat 2: Hero(big blind) showed [Qh 4d] and won ($53.2) with Pair of Queens and Pair of Eights
Seat 3: 1f42d353 folded before Flop (didn't bet)



Poker Hand #ring_941047046: NLH No Limit ($1/$2) - 2025/06/17 13:26:39
Table 'MR NLH 1/2' 7-max Seat #2 is the button
Seat 4: 55fcd615 ($392.44 in chips)
Seat 2: Hero ($223.51 in chips)
Seat 3: 1f42d353 ($400 in chips)
1f42d353: posts small blind $1
55fcd615: posts big blind $2
*** HOLE CARDS ***
Dealt to 55fcd615 
Dealt to Hero [2d 8h]
Dealt to 1f42d353 
Hero: folds
1f42d353: folds
*** SHOWDOWN ***
55fcd615 collected $3 from pot
*** SUMMARY ***
Total pot $3
Seat 4: 55fcd615(big blind)won ($3)
Seat 2: Hero folded before Flop (didn't bet)
Seat 3: 1f42d353(small blind) folded before Flop



Poker Hand #ring_941046609: NLH No Limit ($1/$2) - 2025/06/17 13:26:13
Table 'MR NLH 1/2' 7-max Seat #4 is the button
Seat 4: 55fcd615 ($386.93 in chips)
Seat 2: Hero ($224.51 in chips)
Seat 3: 1f42d353 ($400 in chips)
Hero: posts small blind $1
1f42d353: posts big blind $2
*** HOLE CARDS ***
Dealt to 55fcd615 
Dealt to Hero [5s 8c]
Dealt to 1f42d353 
55fcd615: raises $3 to $5
Hero: folds
1f42d353: calls $3
*** FLOP *** [Jc 9s 2h]
1f42d353: checks
55fcd615: bets $8.25
1f42d353: folds
Uncalled bet ($8.25) returned to 55fcd615
*** SHOWDOWN ***
55fcd615 collected $11 from pot
*** SUMMARY ***
Total pot $11
Board [Jc 9s 2h]
Seat 4: 55fcd615won ($11) with Jack-High
Seat 2: Hero(small blind) folded before Flop
Seat 3: 1f42d353(big blind) folded on the Flop



Poker Hand #ring_941046344: NLH No Limit ($1/$2) - 2025/06/17 13:25:57
Table 'MR NLH 1/2' 7-max Seat #3 is the button
Seat 4: 55fcd615 ($387.93 in chips)
Seat 2: Hero ($223.51 in chips)
Seat 3: 1f42d353 ($400 in chips)
55fcd615: posts small blind $1
Hero: posts big blind $2
*** HOLE CARDS ***
Dealt to 55fcd615 
Dealt to Hero [Js 6d]
Dealt to 1f42d353 
1f42d353: folds
55fcd615: folds
*** SHOWDOWN ***
Hero collected $3 from pot
*** SUMMARY ***
Total pot $3
Seat 4: 55fcd615(small blind) folded before Flop
Seat 2: Hero(big blind)won ($3)
Seat 3: 1f42d353 folded before Flop (didn't bet)



Poker Hand #ring_941045882: NLH No Limit ($1/$2) - 2025/06/17 13:25:29
Table 'MR NLH 1/2' 7-max Seat #2 is the button
Seat 4: 55fcd615 ($369.73 in chips)
Seat 2: Hero ($223.51 in chips)
Seat 3: 1f42d353 ($408.41 in chips)
1f42d353: posts small blind $1
55fcd615: posts big blind $2
*** HOLE CARDS ***
Dealt to 55fcd615 
Dealt to Hero [4h 7c]
Dealt to 1f42d353 
Hero: folds
1f42d353: raises $4 to $6
55fcd615: raises $14 to $20
1f42d353: calls $14
*** FLOP *** [Kc Ks Js]
1f42d353: checks
55fcd615: bets $13.2
1f42d353: folds
Uncalled bet ($13.2) returned to 55fcd615
*** SHOWDOWN ***
55fcd615 collected $40 from pot
*** SUMMARY ***
Total pot $40
Board [Kc Ks Js]
Seat 4: 55fcd615(big blind)won ($40) with Three Kings
Seat 2: Hero folded before Flop (didn't bet)
Seat 3: 1f42d353(small blind) folded on the Flop



Poker Hand #ring_941045133: NLH No Limit ($1/$2) - 2025/06/17 13:24:43
Table 'MR NLH 1/2' 7-max Seat #4 is the button
Seat 4: 55fcd615 ($398.95 in chips)
Seat 2: Hero ($195 in chips)
Seat 3: 1f42d353 ($410.41 in chips)
Hero: posts small blind $1
1f42d353: posts big blind $2
*** HOLE CARDS ***
Dealt to 55fcd615 
Dealt to Hero [8c Ad]
Dealt to 1f42d353 
55fcd615: raises $4 to $6
Hero: calls $5
1f42d353: folds
*** FLOP *** [5h Js 5d]
Hero: checks
55fcd615: bets $4.62
Hero: calls $4.62
*** TURN *** [5h Js 5d] [8d]
Hero: checks
55fcd615: checks
*** RIVER *** [5h Js 5d 8d] [8h]
Hero: bets $18.6
55fcd615: calls $18.6
Hero: shows [8c Ad]
55fcd615: shows [9h 9c]
*** SHOWDOWN ***
Hero collected $60.44 from pot
*** SUMMARY ***
Total pot $60.44
Board [5h Js 5d 8d 8h]
Seat 4: 55fcd615 showed [9h 9c] and lost with Pair of Nines and Pair of Eights
Seat 2: Hero(small blind) showed [8c Ad] and won ($60.44) with Eights Full over Fives
Seat 3: 1f42d353(big blind) folded before Flop



Poker Hand #ring_941044133: NLH No Limit ($1/$2) - 2025/06/17 13:23:42
Table 'MR NLH 1/2' 7-max Seat #3 is the button
Seat 4: 55fcd615 ($399.95 in chips)
Seat 2: Hero ($200 in chips)
Seat 3: 1f42d353 ($404.9 in chips)
55fcd615: posts small blind $1
Hero: posts big blind $2
*** HOLE CARDS ***
Dealt to 55fcd615 
Dealt to Hero [As 5c]
Dealt to 1f42d353 
1f42d353: raises $3 to $5
55fcd615: folds
Hero: calls $3
*** FLOP *** [Jc 6d Td]
Hero: checks
1f42d353: checks
*** TURN *** [Jc 6d Td] [9h]
Hero: checks
1f42d353: bets $6
Hero: folds
Uncalled bet ($6) returned to 1f42d353
*** SHOWDOWN ***
1f42d353 collected $11 from pot
*** SUMMARY ***
Total pot $11
Board [Jc 6d Td 9h]
Seat 4: 55fcd615(small blind) folded before Flop
Seat 2: Hero(big blind) folded on the Turn
Seat 3: 1f42d353won ($11) with Pair of Jacks



