Poker Hand #ring_981465753: NLH No Limit ($2/$4) - 2025/07/09 17:18:18
Table 'MR NLH 2/4' 7-max Seat #1 is the button
Seat 3: 6f2c83c5 ($943.85 in chips)
Seat 1: b585d8d3 ($1,064.03 in chips)
Seat 2: 14b68538 ($1,417.8 in chips)
Seat 4: Hero ($498.79 in chips)
Seat 5: f2aace43 ($496 in chips)
Seat 6: 5714310c ($1,529.27 in chips)
Seat 7: d603a973 ($655.86 in chips)
14b68538: posts small blind $2
6f2c83c5: posts big blind $4
*** HOLE CARDS ***
Dealt to 6f2c83c5 
Dealt to b585d8d3 
Dealt to 14b68538 
Dealt to Hero [6h Jd]
Dealt to f2aace43 
Dealt to 5714310c 
Dealt to d603a973 
Hero: folds
f2aace43: folds
5714310c: folds
d603a973: folds
b585d8d3: raises $6 to $10
14b68538: calls $8
6f2c83c5: folds
*** FLOP *** [As Tc Ah]
14b68538: checks
b585d8d3: bets $4
14b68538: raises $8 to $12
b585d8d3: folds
Uncalled bet ($8) returned to 14b68538
*** SHOWDOWN ***
14b68538 collected $32 from pot
*** SUMMARY ***
Total pot $32
Board [As Tc Ah]
Seat 3: 6f2c83c5(big blind) folded before Flop
Seat 1: b585d8d3 folded on the Flop
Seat 2: 14b68538(small blind)won ($32) with Pair of Aces and Pair of Tens
Seat 4: Hero folded before Flop (didn't bet)
Seat 5: f2aace43 folded before Flop (didn't bet)
Seat 6: 5714310c folded before Flop (didn't bet)
Seat 7: d603a973 folded before Flop (didn't bet)



Poker Hand #ring_981462838: NLH No Limit ($2/$4) - 2025/07/09 17:16:08
Table 'MR NLH 2/4' 7-max Seat #7 is the button
Seat 3: 6f2c83c5 ($874.42 in chips)
Seat 1: b585d8d3 ($1,066.03 in chips)
Seat 2: 14b68538 ($1,421.8 in chips)
Seat 4: Hero ($498.79 in chips)
Seat 5: f2aace43 ($500 in chips)
Seat 6: 5714310c ($1,585.67 in chips)
Seat 7: d603a973 ($665.86 in chips)
b585d8d3: posts small blind $2
14b68538: posts big blind $4
f2aace43: posts big blind $4
*** HOLE CARDS ***
Dealt to 6f2c83c5 
Dealt to b585d8d3 
Dealt to 14b68538 
Dealt to Hero [3s 2s]
Dealt to f2aace43 
Dealt to 5714310c 
Dealt to d603a973 
6f2c83c5: raises $6 to $10
Hero: folds
f2aace43: folds
5714310c: calls $10
d603a973: calls $10
b585d8d3: folds
14b68538: folds
*** FLOP *** [Ah 7c 2h]
6f2c83c5: checks
5714310c: checks
d603a973: checks
*** TURN *** [Ah 7c 2h] [Qs]
6f2c83c5: bets $13.2
5714310c: calls $13.2
d603a973: folds
*** RIVER *** [Ah 7c 2h Qs] [6s]
6f2c83c5: checks
5714310c: bets $33.2
6f2c83c5: raises $398.8 to $432
5714310c: folds
Uncalled bet ($398.8) returned to 6f2c83c5
*** SHOWDOWN ***
6f2c83c5 collected $132.8 from pot
*** SUMMARY ***
Total pot $132.8
Board [Ah 7c 2h Qs 6s]
Seat 3: 6f2c83c5won ($132.8) with Pair of Queens
Seat 1: b585d8d3(small blind) folded before Flop
Seat 2: 14b68538(big blind) folded before Flop
Seat 4: Hero folded before Flop (didn't bet)
Seat 5: f2aace43 folded before Flop
Seat 6: 5714310c folded on the River
Seat 7: d603a973 folded on the Turn



Poker Hand #ring_981460991: NLH No Limit ($2/$4) - 2025/07/09 17:14:46
Table 'MR NLH 2/4' 7-max Seat #6 is the button
Seat 3: 6f2c83c5 ($874.42 in chips)
Seat 1: b585d8d3 ($1,070.03 in chips)
Seat 2: 14b68538 ($1,421.8 in chips)
Seat 4: Hero ($498.79 in chips)
Seat 6: 5714310c ($1,595.06 in chips)
Seat 7: d603a973 ($675.25 in chips)
d603a973: posts small blind $2
b585d8d3: posts big blind $4
*** HOLE CARDS ***
Dealt to 6f2c83c5 
Dealt to b585d8d3 
Dealt to 14b68538 
Dealt to Hero [9s 5c]
Dealt to 5714310c 
Dealt to d603a973 
14b68538: folds
6f2c83c5: folds
Hero: folds
5714310c: raises $12 to $16
d603a973: raises $52 to $68
b585d8d3: folds
5714310c: calls $52
*** FLOP *** [8c 8d Ah]
d603a973: checks
5714310c: checks
*** TURN *** [8c 8d Ah] [8h]
d603a973: bets $28
5714310c: calls $28
*** RIVER *** [8c 8d Ah 8h] [4s]
d603a973: bets $144
5714310c: calls $144
5714310c: shows [Js As]
d603a973: shows [Ad 5d]
*** SHOWDOWN ***
5714310c collected $242 from pot
d603a973 collected $242 from pot
*** SUMMARY ***
Total pot $484
Board [8c 8d Ah 8h 4s]
Seat 3: 6f2c83c5 folded before Flop (didn't bet)
Seat 1: b585d8d3(big blind) folded before Flop
Seat 2: 14b68538 folded before Flop (didn't bet)
Seat 4: Hero folded before Flop (didn't bet)
Seat 6: 5714310c showed [Js As] and won ($242) with Eights Full over Aces
Seat 7: d603a973(small blind) showed [Ad 5d] and won ($242) with Eights Full over Aces



Poker Hand #ring_981459791: NLH No Limit ($2/$4) - 2025/07/09 17:13:52
Table 'MR NLH 2/4' 7-max Seat #4 is the button
Seat 3: 6f2c83c5 ($874.42 in chips)
Seat 1: b585d8d3 ($1,080.03 in chips)
Seat 2: 14b68538 ($1,421.8 in chips)
Seat 4: Hero ($538.79 in chips)
Seat 6: 5714310c ($1,597.06 in chips)
Seat 7: d603a973 ($628.39 in chips)
5714310c: posts small blind $2
d603a973: posts big blind $4
*** HOLE CARDS ***
Dealt to 6f2c83c5 
Dealt to b585d8d3 
Dealt to 14b68538 
Dealt to Hero [Ad Tc]
Dealt to 5714310c 
Dealt to d603a973 
b585d8d3: raises $6 to $10
14b68538: folds
6f2c83c5: folds
Hero: calls $10
5714310c: folds
d603a973: raises $30 to $40
b585d8d3: folds
Hero: calls $30
*** FLOP *** [7c 4c 3s]
d603a973: bets $68
Hero: folds
Uncalled bet ($68) returned to d603a973
*** SHOWDOWN ***
d603a973 collected $92 from pot
*** SUMMARY ***
Total pot $92
Board [7c 4c 3s]
Seat 3: 6f2c83c5 folded before Flop (didn't bet)
Seat 1: b585d8d3 folded before Flop
Seat 2: 14b68538 folded before Flop (didn't bet)
Seat 4: Hero folded on the Flop
Seat 6: 5714310c(small blind) folded before Flop
Seat 7: d603a973(big blind)won ($92) with Pair of Eights



Poker Hand #ring_981458778: NLH No Limit ($2/$4) - 2025/07/09 17:13:07
Table 'MR NLH 2/4' 7-max Seat #3 is the button
Seat 3: 6f2c83c5 ($874.42 in chips)
Seat 1: b585d8d3 ($1,088.03 in chips)
Seat 2: 14b68538 ($1,407.8 in chips)
Seat 4: Hero ($540.79 in chips)
Seat 6: 5714310c ($1,601.06 in chips)
Seat 7: d603a973 ($628.39 in chips)
Hero: posts small blind $2
5714310c: posts big blind $4
*** HOLE CARDS ***
Dealt to 6f2c83c5 
Dealt to b585d8d3 
Dealt to 14b68538 
Dealt to Hero [Ks Th]
Dealt to 5714310c 
Dealt to d603a973 
d603a973: folds
b585d8d3: raises $4 to $8
14b68538: raises $22 to $30
6f2c83c5: folds
Hero: folds
5714310c: folds
b585d8d3: folds
Uncalled bet ($22) returned to 14b68538
*** SHOWDOWN ***
14b68538 collected $22 from pot
*** SUMMARY ***
Total pot $22
Seat 3: 6f2c83c5 folded before Flop (didn't bet)
Seat 1: b585d8d3 folded before Flop
Seat 2: 14b68538won ($22)
Seat 4: Hero(small blind) folded before Flop
Seat 6: 5714310c(big blind) folded before Flop
Seat 7: d603a973 folded before Flop (didn't bet)



Poker Hand #ring_981458082: NLH No Limit ($2/$4) - 2025/07/09 17:12:36
Table 'MR NLH 2/4' 7-max Seat #2 is the button
Seat 3: 6f2c83c5 ($876.42 in chips)
Seat 1: b585d8d3 ($1,088.03 in chips)
Seat 2: 14b68538 ($1,407.8 in chips)
Seat 4: Hero ($544.79 in chips)
Seat 7: d603a973 ($622.39 in chips)
6f2c83c5: posts small blind $2
Hero: posts big blind $4
*** HOLE CARDS ***
Dealt to 6f2c83c5 
Dealt to b585d8d3 
Dealt to 14b68538 
Dealt to Hero [2d Jc]
Dealt to d603a973 
d603a973: raises $8 to $12
b585d8d3: folds
14b68538: folds
6f2c83c5: folds
Hero: folds
Uncalled bet ($8) returned to d603a973
*** SHOWDOWN ***
d603a973 collected $10 from pot
*** SUMMARY ***
Total pot $10
Seat 3: 6f2c83c5(small blind) folded before Flop
Seat 1: b585d8d3 folded before Flop (didn't bet)
Seat 2: 14b68538 folded before Flop (didn't bet)
Seat 4: Hero(big blind) folded before Flop
Seat 7: d603a973won ($10)



Poker Hand #ring_981457064: NLH No Limit ($2/$4) - 2025/07/09 17:11:52
Table 'MR NLH 2/4' 7-max Seat #1 is the button
Seat 3: 6f2c83c5 ($880.42 in chips)
Seat 1: b585d8d3 ($1,088.03 in chips)
Seat 2: 14b68538 ($1,419.8 in chips)
Seat 4: Hero ($544.79 in chips)
Seat 7: d603a973 ($607.65 in chips)
14b68538: posts small blind $2
6f2c83c5: posts big blind $4
*** HOLE CARDS ***
Dealt to 6f2c83c5 
Dealt to b585d8d3 
Dealt to 14b68538 
Dealt to Hero [2d 5s]
Dealt to d603a973 
Hero: folds
d603a973: raises $8 to $12
b585d8d3: folds
14b68538: calls $10
6f2c83c5: folds
*** FLOP *** [Qd Qh 2h]
14b68538: checks
d603a973: checks
*** TURN *** [Qd Qh 2h] [8h]
14b68538: checks
d603a973: bets $20
14b68538: folds
Uncalled bet ($20) returned to d603a973
*** SHOWDOWN ***
d603a973 collected $28 from pot
*** SUMMARY ***
Total pot $28
Board [Qd Qh 2h 8h]
Seat 3: 6f2c83c5(big blind) folded before Flop
Seat 1: b585d8d3 folded before Flop (didn't bet)
Seat 2: 14b68538(small blind) folded on the Turn
Seat 4: Hero folded before Flop (didn't bet)
Seat 7: d603a973won ($28) with Pair of Queens



Poker Hand #ring_981456333: NLH No Limit ($2/$4) - 2025/07/09 17:11:19
Table 'MR NLH 2/4' 7-max Seat #7 is the button
Seat 3: 6f2c83c5 ($889.22 in chips)
Seat 1: b585d8d3 ($1,090.03 in chips)
Seat 2: 14b68538 ($1,423.8 in chips)
Seat 4: Hero ($529.99 in chips)
Seat 7: d603a973 ($607.65 in chips)
b585d8d3: posts small blind $2
14b68538: posts big blind $4
*** HOLE CARDS ***
Dealt to 6f2c83c5 
Dealt to b585d8d3 
Dealt to 14b68538 
Dealt to Hero [Kd Jd]
Dealt to d603a973 
6f2c83c5: raises $4.8 to $8.8
Hero: raises $22.02 to $30.82
d603a973: folds
b585d8d3: folds
14b68538: folds
6f2c83c5: folds
Uncalled bet ($22.02) returned to Hero
*** SHOWDOWN ***
Hero collected $23.6 from pot
*** SUMMARY ***
Total pot $23.6
Seat 3: 6f2c83c5 folded before Flop
Seat 1: b585d8d3(small blind) folded before Flop
Seat 2: 14b68538(big blind) folded before Flop
Seat 4: Herowon ($23.6)
Seat 7: d603a973 folded before Flop (didn't bet)



Poker Hand #ring_981455165: NLH No Limit ($2/$4) - 2025/07/09 17:10:26
Table 'MR NLH 2/4' 7-max Seat #4 is the button
Seat 3: 6f2c83c5 ($879.3 in chips)
Seat 1: b585d8d3 ($1,098.83 in chips)
Seat 2: 14b68538 ($1,423.8 in chips)
Seat 4: Hero ($529.99 in chips)
Seat 7: d603a973 ($609.65 in chips)
d603a973: posts small blind $2
b585d8d3: posts big blind $4
*** HOLE CARDS ***
Dealt to 6f2c83c5 
Dealt to b585d8d3 
Dealt to 14b68538 
Dealt to Hero [9d Ks]
Dealt to d603a973 
14b68538: folds
6f2c83c5: raises $4.8 to $8.8
Hero: folds
d603a973: folds
b585d8d3: calls $4.8
*** FLOP *** [Qc Qs 6d]
b585d8d3: checks
6f2c83c5: bets $6.47
b585d8d3: folds
Uncalled bet ($6.47) returned to 6f2c83c5
*** SHOWDOWN ***
6f2c83c5 collected $19.6 from pot
*** SUMMARY ***
Total pot $19.6
Board [Qc Qs 6d]
Seat 3: 6f2c83c5won ($19.6) with Pair of Queens
Seat 1: b585d8d3(big blind) folded on the Flop
Seat 2: 14b68538 folded before Flop (didn't bet)
Seat 4: Hero folded before Flop (didn't bet)
Seat 7: d603a973(small blind) folded before Flop



Poker Hand #ring_981454378: NLH No Limit ($2/$4) - 2025/07/09 17:09:52
Table 'MR NLH 2/4' 7-max Seat #3 is the button
Seat 3: 6f2c83c5 ($879.3 in chips)
Seat 1: b585d8d3 ($1,092.83 in chips)
Seat 2: 14b68538 ($1,423.8 in chips)
Seat 4: Hero ($531.99 in chips)
Seat 7: d603a973 ($613.65 in chips)
Hero: posts small blind $2
d603a973: posts big blind $4
*** HOLE CARDS ***
Dealt to 6f2c83c5 
Dealt to b585d8d3 
Dealt to 14b68538 
Dealt to Hero [Qs 4h]
Dealt to d603a973 
b585d8d3: raises $6 to $10
14b68538: folds
6f2c83c5: folds
Hero: folds
d603a973: folds
Uncalled bet ($6) returned to b585d8d3
*** SHOWDOWN ***
b585d8d3 collected $10 from pot
*** SUMMARY ***
Total pot $10
Seat 3: 6f2c83c5 folded before Flop (didn't bet)
Seat 1: b585d8d3won ($10)
Seat 2: 14b68538 folded before Flop (didn't bet)
Seat 4: Hero(small blind) folded before Flop
Seat 7: d603a973(big blind) folded before Flop



Poker Hand #ring_981453736: NLH No Limit ($2/$4) - 2025/07/09 17:09:22
Table 'MR NLH 2/4' 7-max Seat #2 is the button
Seat 3: 6f2c83c5 ($881.3 in chips)
Seat 1: b585d8d3 ($1,102.83 in chips)
Seat 2: 14b68538 ($1,407.8 in chips)
Seat 4: Hero ($535.99 in chips)
Seat 7: d603a973 ($613.65 in chips)
6f2c83c5: posts small blind $2
Hero: posts big blind $4
*** HOLE CARDS ***
Dealt to 6f2c83c5 
Dealt to b585d8d3 
Dealt to 14b68538 
Dealt to Hero [9d 2d]
Dealt to d603a973 
d603a973: folds
b585d8d3: raises $6 to $10
14b68538: raises $26 to $36
6f2c83c5: folds
Hero: folds
b585d8d3: folds
Uncalled bet ($26) returned to 14b68538
*** SHOWDOWN ***
14b68538 collected $26 from pot
*** SUMMARY ***
Total pot $26
Seat 3: 6f2c83c5(small blind) folded before Flop
Seat 1: b585d8d3 folded before Flop
Seat 2: 14b68538won ($26)
Seat 4: Hero(big blind) folded before Flop
Seat 7: d603a973 folded before Flop (didn't bet)



