Poker Hand #ring_996861072: NLH No Limit ($2/$4) - 2025/07/17 13:59:29
Table 'MR NLH 2/4' 7-max Seat #4 is the button
Seat 6: 4d7d0a44 ($624.89 in chips)
Seat 3: 3c68e459 ($639.51 in chips)
Seat 4: e1b35ad2 ($410.09 in chips)
Seat 7: 230c36a2 ($919.85 in chips)
Seat 1: Hero ($314.25 in chips)
4d7d0a44: posts small blind $2
230c36a2: posts big blind $4
*** HOLE CARDS ***
Dealt to 4d7d0a44 
Dealt to 3c68e459 
Dealt to e1b35ad2 
Dealt to 230c36a2 
Dealt to Hero [Qh Ah]
Hero: raises $8 to $12
3c68e459: folds
e1b35ad2: folds
4d7d0a44: calls $10
230c36a2: folds
*** FLOP *** [Ks 5h 7d]
4d7d0a44: checks
Hero: checks
*** TURN *** [Ks 5h 7d] [Kd]
4d7d0a44: bets $21
Hero: folds
Uncalled bet ($21) returned to 4d7d0a44
*** SHOWDOWN ***
4d7d0a44 collected $28 from pot
*** SUMMARY ***
Total pot $28
Board [Ks 5h 7d Kd]
Seat 6: 4d7d0a44(small blind)won ($28) with Pair of Kings and Pair of Sevens
Seat 3: 3c68e459 folded before Flop (didn't bet)
Seat 4: e1b35ad2 folded before Flop (didn't bet)
Seat 7: 230c36a2(big blind) folded before Flop
Seat 1: Hero folded on the Turn



Poker Hand #ring_996860348: NLH No Limit ($2/$4) - 2025/07/17 13:58:48
Table 'MR NLH 2/4' 7-max Seat #3 is the button
Seat 6: 4d7d0a44 ($628.89 in chips)
Seat 3: 3c68e459 ($651.51 in chips)
Seat 4: e1b35ad2 ($412.09 in chips)
Seat 7: 230c36a2 ($919.85 in chips)
Seat 1: Hero ($297.6 in chips)
e1b35ad2: posts small blind $2
4d7d0a44: posts big blind $4
*** HOLE CARDS ***
Dealt to 4d7d0a44 
Dealt to 3c68e459 
Dealt to e1b35ad2 
Dealt to 230c36a2 
Dealt to Hero [Jc Kc]
230c36a2: folds
Hero: raises $8 to $12
3c68e459: calls $12
e1b35ad2: folds
4d7d0a44: folds
*** FLOP *** [9s Qc Ad]
Hero: bets $15
3c68e459: folds
Uncalled bet ($15) returned to Hero
*** SHOWDOWN ***
Hero collected $30 from pot
*** SUMMARY ***
Total pot $30
Board [9s Qc Ad]
Seat 6: 4d7d0a44(big blind) folded before Flop
Seat 3: 3c68e459 folded on the Flop
Seat 4: e1b35ad2(small blind) folded before Flop
Seat 7: 230c36a2 folded before Flop (didn't bet)
Seat 1: Herowon ($30) with Ace-High



Poker Hand #ring_996858473: NLH No Limit ($2/$4) - 2025/07/17 13:57:06
Table 'MR NLH 2/4' 7-max Seat #1 is the button
Seat 6: 4d7d0a44 ($628.89 in chips)
Seat 5: e47f98bf ($993.12 in chips)
Seat 3: 3c68e459 ($675.51 in chips)
Seat 4: e1b35ad2 ($391.25 in chips)
Seat 7: 230c36a2 ($919.85 in chips)
Seat 1: Hero ($297.6 in chips)
3c68e459: posts small blind $2
e1b35ad2: posts big blind $4
*** HOLE CARDS ***
Dealt to 4d7d0a44 
Dealt to e47f98bf 
Dealt to 3c68e459 
Dealt to e1b35ad2 
Dealt to 230c36a2 
Dealt to Hero [Td 6c]
e47f98bf: folds
4d7d0a44: folds
230c36a2: folds
Hero: folds
3c68e459: raises $8 to $12
e1b35ad2: calls $8
*** FLOP *** [Jd 9s Qc]
3c68e459: checks
e1b35ad2: bets $12
3c68e459: calls $12
*** TURN *** [Jd 9s Qc] [4h]
3c68e459: checks
e1b35ad2: checks
*** RIVER *** [Jd 9s Qc 4h] [3s]
3c68e459: checks
e1b35ad2: bets $36
3c68e459: folds
Uncalled bet ($36) returned to e1b35ad2
*** SHOWDOWN ***
e1b35ad2 collected $48 from pot
*** SUMMARY ***
Total pot $48
Board [Jd 9s Qc 4h 3s]
Seat 6: 4d7d0a44 folded before Flop (didn't bet)
Seat 5: e47f98bf folded before Flop (didn't bet)
Seat 3: 3c68e459(small blind) folded on the River
Seat 4: e1b35ad2(big blind)won ($48) with Pair of Queens
Seat 7: 230c36a2 folded before Flop (didn't bet)
Seat 1: Hero folded before Flop (didn't bet)



Poker Hand #ring_996857840: NLH No Limit ($2/$4) - 2025/07/17 13:56:31
Table 'MR NLH 2/4' 7-max Seat #7 is the button
Seat 6: 4d7d0a44 ($622.89 in chips)
Seat 5: e47f98bf ($993.12 in chips)
Seat 3: 3c68e459 ($679.51 in chips)
Seat 4: e1b35ad2 ($391.25 in chips)
Seat 7: 230c36a2 ($919.85 in chips)
Seat 1: Hero ($299.6 in chips)
Hero: posts small blind $2
3c68e459: posts big blind $4
*** HOLE CARDS ***
Dealt to 4d7d0a44 
Dealt to e47f98bf 
Dealt to 3c68e459 
Dealt to e1b35ad2 
Dealt to 230c36a2 
Dealt to Hero [Ah 3s]
e1b35ad2: folds
e47f98bf: folds
4d7d0a44: raises $10 to $14
230c36a2: folds
Hero: folds
3c68e459: folds
Uncalled bet ($10) returned to 4d7d0a44
*** SHOWDOWN ***
4d7d0a44 collected $10 from pot
*** SUMMARY ***
Total pot $10
Seat 6: 4d7d0a44won ($10)
Seat 5: e47f98bf folded before Flop (didn't bet)
Seat 3: 3c68e459(big blind) folded before Flop
Seat 4: e1b35ad2 folded before Flop (didn't bet)
Seat 7: 230c36a2 folded before Flop (didn't bet)
Seat 1: Hero(small blind) folded before Flop



Poker Hand #ring_996855971: NLH No Limit ($2/$4) - 2025/07/17 13:54:50
Table 'MR NLH 2/4' 7-max Seat #6 is the button
Seat 6: 4d7d0a44 ($755.89 in chips)
Seat 5: e47f98bf ($993.12 in chips)
Seat 3: 3c68e459 ($679.51 in chips)
Seat 4: e1b35ad2 ($391.25 in chips)
Seat 7: 230c36a2 ($796 in chips)
Seat 1: Hero ($303.6 in chips)
230c36a2: posts small blind $2
Hero: posts big blind $4
4d7d0a44: posts big blind $4
*** HOLE CARDS ***
Dealt to 4d7d0a44 
Dealt to e47f98bf 
Dealt to 3c68e459 
Dealt to e1b35ad2 
Dealt to 230c36a2 
Dealt to Hero [7s 9h]
3c68e459: folds
e1b35ad2: folds
e47f98bf: folds
4d7d0a44: checks
230c36a2: calls $2
Hero: checks
*** FLOP *** [5d 3c Ac]
230c36a2: checks
Hero: checks
4d7d0a44: bets $12
230c36a2: calls $12
Hero: folds
*** TURN *** [5d 3c Ac] [8h]
230c36a2: checks
4d7d0a44: bets $36
230c36a2: raises $81 to $117
4d7d0a44: calls $81
*** RIVER *** [5d 3c Ac 8h] [Th]
230c36a2: bets $270
4d7d0a44: folds
Uncalled bet ($270) returned to 230c36a2
*** SHOWDOWN ***
230c36a2 collected $270 from pot
*** SUMMARY ***
Total pot $270
Board [5d 3c Ac 8h Th]
Seat 6: 4d7d0a44 folded on the River
Seat 5: e47f98bf folded before Flop (didn't bet)
Seat 3: 3c68e459 folded before Flop (didn't bet)
Seat 4: e1b35ad2 folded before Flop (didn't bet)
Seat 7: 230c36a2(small blind)won ($270) with Three Treys
Seat 1: Hero(big blind) folded on the Flop



Poker Hand #ring_996855531: NLH No Limit ($2/$4) - 2025/07/17 13:54:24
Table 'MR NLH 2/4' 7-max Seat #5 is the button
Seat 5: e47f98bf ($993.12 in chips)
Seat 3: 3c68e459 ($679.51 in chips)
Seat 4: e1b35ad2 ($387.25 in chips)
Seat 7: 230c36a2 ($800 in chips)
Seat 2: c64163ec ($174.44 in chips)
Seat 1: Hero ($303.6 in chips)
230c36a2: posts big blind $4
*** HOLE CARDS ***
Dealt to e47f98bf 
Dealt to 3c68e459 
Dealt to e1b35ad2 
Dealt to 230c36a2 
Dealt to c64163ec 
Dealt to Hero [3c 2d]
Hero: folds
c64163ec: folds
3c68e459: folds
e1b35ad2: raises $8 to $12
e47f98bf: folds
230c36a2: folds
Uncalled bet ($8) returned to e1b35ad2
*** SHOWDOWN ***
e1b35ad2 collected $8 from pot
*** SUMMARY ***
Total pot $8
Seat 5: e47f98bf folded before Flop (didn't bet)
Seat 3: 3c68e459 folded before Flop (didn't bet)
Seat 4: e1b35ad2won ($8)
Seat 7: 230c36a2(big blind) folded before Flop
Seat 2: c64163ec folded before Flop (didn't bet)
Seat 1: Hero folded before Flop (didn't bet)



Poker Hand #ring_996854539: NLH No Limit ($2/$4) - 2025/07/17 13:53:29
Table 'MR NLH 2/4' 7-max Seat #4 is the button
Seat 5: e47f98bf ($979.12 in chips)
Seat 3: 3c68e459 ($689.51 in chips)
Seat 4: e1b35ad2 ($387.25 in chips)
Seat 2: c64163ec ($174.44 in chips)
Seat 1: Hero ($303.6 in chips)
Seat 6: 3ddf2741 ($804 in chips)
e47f98bf: posts small blind $2
3ddf2741: posts big blind $4
*** HOLE CARDS ***
Dealt to e47f98bf 
Dealt to 3c68e459 
Dealt to e1b35ad2 
Dealt to c64163ec 
Dealt to Hero [5c Ah]
Dealt to 3ddf2741 
Hero: folds
c64163ec: folds
3c68e459: raises $6 to $10
e1b35ad2: folds
e47f98bf: raises $38 to $48
3ddf2741: folds
3c68e459: folds
Uncalled bet ($38) returned to e47f98bf
*** SHOWDOWN ***
e47f98bf collected $24 from pot
*** SUMMARY ***
Total pot $24
Seat 5: e47f98bf(small blind)won ($24)
Seat 3: 3c68e459 folded before Flop
Seat 4: e1b35ad2 folded before Flop (didn't bet)
Seat 2: c64163ec folded before Flop (didn't bet)
Seat 1: Hero folded before Flop (didn't bet)
Seat 6: 3ddf2741(big blind) folded before Flop



Poker Hand #ring_996853494: NLH No Limit ($2/$4) - 2025/07/17 13:52:32
Table 'MR NLH 2/4' 7-max Seat #3 is the button
Seat 5: e47f98bf ($989.12 in chips)
Seat 3: 3c68e459 ($689.51 in chips)
Seat 4: e1b35ad2 ($337.93 in chips)
Seat 2: c64163ec ($219.24 in chips)
Seat 1: Hero ($303.6 in chips)
Seat 6: 3ddf2741 ($804 in chips)
e1b35ad2: posts small blind $2
e47f98bf: posts big blind $4
*** HOLE CARDS ***
Dealt to e47f98bf 
Dealt to 3c68e459 
Dealt to e1b35ad2 
Dealt to c64163ec 
Dealt to Hero [4s 5d]
Dealt to 3ddf2741 
3ddf2741: folds
Hero: folds
c64163ec: calls $4
3c68e459: folds
e1b35ad2: calls $2
e47f98bf: checks
*** FLOP *** [7c 8d 6h]
e1b35ad2: bets $6
e47f98bf: calls $6
c64163ec: calls $6
*** TURN *** [7c 8d 6h] [As]
e1b35ad2: bets $15
e47f98bf: folds
c64163ec: calls $15
*** RIVER *** [7c 8d 6h As] [9s]
e1b35ad2: bets $19.8
c64163ec: calls $19.8
c64163ec: shows [6s 7d]
e1b35ad2: shows [9d 6d]
*** SHOWDOWN ***
e1b35ad2 collected $99.6 from pot
*** SUMMARY ***
Total pot $99.6
Board [7c 8d 6h As 9s]
Seat 5: e47f98bf(big blind) folded on the Turn
Seat 3: 3c68e459 folded before Flop (didn't bet)
Seat 4: e1b35ad2(small blind) showed [9d 6d] and won ($99.6) with Pair of Nines and Pair of Sixes
Seat 2: c64163ec showed [6s 7d] and lost with Pair of Sevens and Pair of Sixes
Seat 1: Hero folded before Flop (didn't bet)
Seat 6: 3ddf2741 folded before Flop (didn't bet)



Poker Hand #ring_996851808: NLH No Limit ($2/$4) - 2025/07/17 13:50:58
Table 'MR NLH 2/4' 7-max Seat #2 is the button
Seat 5: e47f98bf ($863.27 in chips)
Seat 3: 3c68e459 ($691.51 in chips)
Seat 4: e1b35ad2 ($464.73 in chips)
Seat 2: c64163ec ($229.24 in chips)
Seat 1: Hero ($303.6 in chips)
Seat 6: 3ddf2741 ($804 in chips)
3c68e459: posts small blind $2
e1b35ad2: posts big blind $4
*** HOLE CARDS ***
Dealt to e47f98bf 
Dealt to 3c68e459 
Dealt to e1b35ad2 
Dealt to c64163ec 
Dealt to Hero [Qs 3c]
Dealt to 3ddf2741 
e47f98bf: raises $6 to $10
3ddf2741: folds
Hero: folds
c64163ec: calls $10
3c68e459: folds
e1b35ad2: calls $6
*** FLOP *** [2h Kc 6s]
e1b35ad2: checks
e47f98bf: bets $10.56
c64163ec: folds
e1b35ad2: calls $10.56
*** TURN *** [2h Kc 6s] [5h]
e1b35ad2: bets $26.56
e47f98bf: raises $79.68 to $106.24
e1b35ad2: calls $79.68
*** RIVER *** [2h Kc 6s 5h] [7s]
e1b35ad2: checks
e47f98bf: checks
e1b35ad2: shows [Ts Kh]
e47f98bf: shows [As Kd]
*** SHOWDOWN ***
e47f98bf collected $265.6 from pot
*** SUMMARY ***
Total pot $265.6
Board [2h Kc 6s 5h 7s]
Seat 5: e47f98bf showed [As Kd] and won ($265.6) with Pair of Kings
Seat 3: 3c68e459(small blind) folded before Flop
Seat 4: e1b35ad2(big blind) showed [Ts Kh] and lost with Pair of Kings
Seat 2: c64163ec folded on the Flop
Seat 1: Hero folded before Flop (didn't bet)
Seat 6: 3ddf2741 folded before Flop (didn't bet)



Poker Hand #ring_996851449: NLH No Limit ($2/$4) - 2025/07/17 13:50:39
Table 'MR NLH 2/4' 7-max Seat #1 is the button
Seat 5: e47f98bf ($863.27 in chips)
Seat 3: 3c68e459 ($695.51 in chips)
Seat 4: e1b35ad2 ($458.73 in chips)
Seat 2: c64163ec ($231.24 in chips)
Seat 1: Hero ($303.6 in chips)
Seat 6: 3ddf2741 ($804 in chips)
c64163ec: posts small blind $2
3c68e459: posts big blind $4
*** HOLE CARDS ***
Dealt to e47f98bf 
Dealt to 3c68e459 
Dealt to e1b35ad2 
Dealt to c64163ec 
Dealt to Hero [2d 3s]
Dealt to 3ddf2741 
e1b35ad2: raises $8 to $12
e47f98bf: folds
3ddf2741: folds
Hero: folds
c64163ec: folds
3c68e459: folds
Uncalled bet ($8) returned to e1b35ad2
*** SHOWDOWN ***
e1b35ad2 collected $10 from pot
*** SUMMARY ***
Total pot $10
Seat 5: e47f98bf folded before Flop (didn't bet)
Seat 3: 3c68e459(big blind) folded before Flop
Seat 4: e1b35ad2won ($10)
Seat 2: c64163ec(small blind) folded before Flop
Seat 1: Hero folded before Flop (didn't bet)
Seat 6: 3ddf2741 folded before Flop (didn't bet)



Poker Hand #ring_996849176: NLH No Limit ($2/$4) - 2025/07/17 13:48:30
Table 'MR NLH 2/4' 7-max Seat #6 is the button
Seat 5: e47f98bf ($780 in chips)
Seat 3: 3c68e459 ($695.51 in chips)
Seat 4: e1b35ad2 ($458.73 in chips)
Seat 2: c64163ec ($235.24 in chips)
Seat 1: Hero ($392 in chips)
Seat 6: 3ddf2741 ($804 in chips)
Hero: posts small blind $2
c64163ec: posts big blind $4
*** HOLE CARDS ***
Dealt to e47f98bf 
Dealt to 3c68e459 
Dealt to e1b35ad2 
Dealt to c64163ec 
Dealt to Hero [Ts 8s]
Dealt to 3ddf2741 
3c68e459: folds
e1b35ad2: folds
e47f98bf: raises $6 to $10
3ddf2741: folds
Hero: calls $8
c64163ec: folds
*** FLOP *** [Qh 3h 7h]
Hero: bets $7.2
e47f98bf: calls $7.2
*** TURN *** [Qh 3h 7h] [5s]
Hero: bets $26
e47f98bf: calls $26
*** RIVER *** [Qh 3h 7h 5s] [Tc]
Hero: checks
e47f98bf: bets $45.2
Hero: calls $45.2
Hero: shows [Ts 8s]
e47f98bf: shows [Ac As]
*** SHOWDOWN ***
e47f98bf collected $180.8 from pot
*** SUMMARY ***
Total pot $180.8
Board [Qh 3h 7h 5s Tc]
Seat 5: e47f98bf showed [Ac As] and won ($180.8) with Pair of Aces
Seat 3: 3c68e459 folded before Flop (didn't bet)
Seat 4: e1b35ad2 folded before Flop (didn't bet)
Seat 2: c64163ec(big blind) folded before Flop
Seat 1: Hero(small blind) showed [Ts 8s] and lost with Pair of Tens
Seat 6: 3ddf2741 folded before Flop (didn't bet)



Poker Hand #ring_996848569: NLH No Limit ($2/$4) - 2025/07/17 13:47:56
Table 'MR NLH 2/4' 7-max Seat #5 is the button
Seat 5: e47f98bf ($780 in chips)
Seat 3: 3c68e459 ($695.51 in chips)
Seat 4: e1b35ad2 ($458.73 in chips)
Seat 2: c64163ec ($235.24 in chips)
Seat 1: Hero ($396 in chips)
Seat 6: 3ddf2741 ($800 in chips)
3ddf2741: posts small blind $2
Hero: posts big blind $4
*** HOLE CARDS ***
Dealt to e47f98bf 
Dealt to 3c68e459 
Dealt to e1b35ad2 
Dealt to c64163ec 
Dealt to Hero [Jh 5d]
Dealt to 3ddf2741 
c64163ec: folds
3c68e459: folds
e1b35ad2: folds
e47f98bf: folds
3ddf2741: raises $8 to $12
Hero: folds
Uncalled bet ($8) returned to 3ddf2741
*** SHOWDOWN ***
3ddf2741 collected $8 from pot
*** SUMMARY ***
Total pot $8
Seat 5: e47f98bf folded before Flop (didn't bet)
Seat 3: 3c68e459 folded before Flop (didn't bet)
Seat 4: e1b35ad2 folded before Flop (didn't bet)
Seat 2: c64163ec folded before Flop (didn't bet)
Seat 1: Hero(big blind) folded before Flop
Seat 6: 3ddf2741(small blind)won ($8)



