Poker Hand #ring_987805265: NLH No Limit ($2/$4) - 2025/07/12 23:11:33
Table 'MR NLH 2/4' 7-max Seat #7 is the button
Seat 3: b7d51a53 ($923.36 in chips)
Seat 1: a819d9b2 ($996.57 in chips)
Seat 7: Hero ($897.86 in chips)
a819d9b2: posts small blind $2
b7d51a53: posts big blind $4
*** HOLE CARDS ***
Dealt to b7d51a53 
Dealt to a819d9b2 
Dealt to Hero [Ks 4d]
Hero: folds
a819d9b2: folds
*** SHOWDOWN ***
b7d51a53 collected $6 from pot
*** SUMMARY ***
Total pot $6
Seat 3: b7d51a53(big blind)won ($6)
Seat 1: a819d9b2(small blind) folded before Flop
Seat 7: Hero folded before Flop (didn't bet)



Poker Hand #ring_987804534: NLH No Limit ($2/$4) - 2025/07/12 23:11:07
Table 'MR NLH 2/4' 7-max Seat #3 is the button
Seat 3: b7d51a53 ($923.36 in chips)
Seat 1: a819d9b2 ($1,006.57 in chips)
Seat 7: Hero ($888.76 in chips)
Hero: posts small blind $2
a819d9b2: posts big blind $4
*** HOLE CARDS ***
Dealt to b7d51a53 
Dealt to a819d9b2 
Dealt to Hero [8d 7d]
b7d51a53: folds
Hero: raises $6 to $10
a819d9b2: calls $6
*** FLOP *** [Ac As 3h]
Hero: bets $6
a819d9b2: folds
Uncalled bet ($6) returned to Hero
*** SHOWDOWN ***
Hero collected $20 from pot
*** SUMMARY ***
Total pot $20
Board [Ac As 3h]
Seat 3: b7d51a53 folded before Flop (didn't bet)
Seat 1: a819d9b2(big blind) folded on the Flop
Seat 7: Hero(small blind)won ($20) with Pair of Aces



Poker Hand #ring_987803560: NLH No Limit ($2/$4) - 2025/07/12 23:10:33
Table 'MR NLH 2/4' 7-max Seat #1 is the button
Seat 3: b7d51a53 ($925.36 in chips)
Seat 1: a819d9b2 ($985.93 in chips)
Seat 7: Hero ($909.34 in chips)
b7d51a53: posts small blind $2
Hero: posts big blind $4
*** HOLE CARDS ***
Dealt to b7d51a53 
Dealt to a819d9b2 
Dealt to Hero [Qd Kh]
a819d9b2: raises $8 to $12
b7d51a53: folds
Hero: calls $8
*** FLOP *** [9c 5c 6s]
Hero: checks
a819d9b2: bets $8.58
Hero: calls $8.58
*** TURN *** [9c 5c 6s] [2s]
Hero: checks
a819d9b2: bets $21.58
Hero: folds
Uncalled bet ($21.58) returned to a819d9b2
*** SHOWDOWN ***
a819d9b2 collected $43.16 from pot
*** SUMMARY ***
Total pot $43.16
Board [9c 5c 6s 2s]
Seat 3: b7d51a53(small blind) folded before Flop
Seat 1: a819d9b2won ($43.16) with Pair of Sixes
Seat 7: Hero(big blind) folded on the Turn



Poker Hand #ring_987801118: NLH No Limit ($2/$4) - 2025/07/12 23:09:08
Table 'MR NLH 2/4' 7-max Seat #7 is the button
Seat 3: b7d51a53 ($929.36 in chips)
Seat 1: a819d9b2 ($987.93 in chips)
Seat 4: 96a4233d ($392.92 in chips)
Seat 7: Hero ($547.05 in chips)
a819d9b2: posts small blind $2
b7d51a53: posts big blind $4
*** HOLE CARDS ***
Dealt to b7d51a53 
Dealt to a819d9b2 
Dealt to 96a4233d 
Dealt to Hero [Ah Ad]
96a4233d: raises $6 to $10
Hero: raises $20.8 to $30.8
a819d9b2: folds
b7d51a53: folds
96a4233d: calls $20.8
*** FLOP *** [8d 3h Ac]
96a4233d: checks
Hero: bets $20.28
96a4233d: raises $35.7 to $55.98
Hero: calls $35.7
*** TURN *** [8d 3h Ac] [2c]
96a4233d: bets $89.78
Hero: calls $89.78
*** RIVER *** [8d 3h Ac 2c] [9c]
96a4233d: checks
Hero: bets $370.49 and is all-in
96a4233d: calls $216.36 and is all-in
Uncalled bet ($154.13) returned to Hero
96a4233d: shows [As Kc]
Hero: shows [Ah Ad]
*** SHOWDOWN ***
Hero collected $791.84 from pot
*** SUMMARY ***
Total pot $791.84
Board [8d 3h Ac 2c 9c]
Seat 3: b7d51a53(big blind) folded before Flop
Seat 1: a819d9b2(small blind) folded before Flop
Seat 4: 96a4233d showed [As Kc] and lost with Pair of Aces
Seat 7: Hero showed [Ah Ad] and won ($791.84) with Three Aces



Poker Hand #ring_987800672: NLH No Limit ($2/$4) - 2025/07/12 23:08:52
Table 'MR NLH 2/4' 7-max Seat #4 is the button
Seat 3: b7d51a53 ($929.36 in chips)
Seat 1: a819d9b2 ($991.93 in chips)
Seat 4: 96a4233d ($386.92 in chips)
Seat 7: Hero ($549.05 in chips)
Hero: posts small blind $2
a819d9b2: posts big blind $4
*** HOLE CARDS ***
Dealt to b7d51a53 
Dealt to a819d9b2 
Dealt to 96a4233d 
Dealt to Hero [Kc 6d]
b7d51a53: folds
96a4233d: raises $10 to $14
Hero: folds
a819d9b2: folds
Uncalled bet ($10) returned to 96a4233d
*** SHOWDOWN ***
96a4233d collected $10 from pot
*** SUMMARY ***
Total pot $10
Seat 3: b7d51a53 folded before Flop (didn't bet)
Seat 1: a819d9b2(big blind) folded before Flop
Seat 4: 96a4233dwon ($10)
Seat 7: Hero(small blind) folded before Flop



Poker Hand #ring_987800265: NLH No Limit ($2/$4) - 2025/07/12 23:08:38
Table 'MR NLH 2/4' 7-max Seat #3 is the button
Seat 3: b7d51a53 ($929.36 in chips)
Seat 1: a819d9b2 ($991.93 in chips)
Seat 4: 96a4233d ($388.92 in chips)
Seat 7: Hero ($547.05 in chips)
96a4233d: posts small blind $2
Hero: posts big blind $4
*** HOLE CARDS ***
Dealt to b7d51a53 
Dealt to a819d9b2 
Dealt to 96a4233d 
Dealt to Hero [Jc 7d]
a819d9b2: folds
b7d51a53: folds
96a4233d: folds
*** SHOWDOWN ***
Hero collected $6 from pot
*** SUMMARY ***
Total pot $6
Seat 3: b7d51a53 folded before Flop (didn't bet)
Seat 1: a819d9b2 folded before Flop (didn't bet)
Seat 4: 96a4233d(small blind) folded before Flop
Seat 7: Hero(big blind)won ($6)



Poker Hand #ring_987799782: NLH No Limit ($2/$4) - 2025/07/12 23:08:20
Table 'MR NLH 2/4' 7-max Seat #1 is the button
Seat 3: b7d51a53 ($931.36 in chips)
Seat 1: a819d9b2 ($985.93 in chips)
Seat 4: 96a4233d ($392.92 in chips)
Seat 7: Hero ($547.05 in chips)
b7d51a53: posts small blind $2
96a4233d: posts big blind $4
*** HOLE CARDS ***
Dealt to b7d51a53 
Dealt to a819d9b2 
Dealt to 96a4233d 
Dealt to Hero [7h 5s]
Hero: folds
a819d9b2: raises $8 to $12
b7d51a53: folds
96a4233d: folds
Uncalled bet ($8) returned to a819d9b2
*** SHOWDOWN ***
a819d9b2 collected $10 from pot
*** SUMMARY ***
Total pot $10
Seat 3: b7d51a53(small blind) folded before Flop
Seat 1: a819d9b2won ($10)
Seat 4: 96a4233d(big blind) folded before Flop
Seat 7: Hero folded before Flop (didn't bet)



Poker Hand #ring_987798779: NLH No Limit ($2/$4) - 2025/07/12 23:07:45
Table 'MR NLH 2/4' 7-max Seat #7 is the button
Seat 3: b7d51a53 ($943.36 in chips)
Seat 1: a819d9b2 ($975.01 in chips)
Seat 4: 96a4233d ($392.92 in chips)
Seat 7: Hero ($547.05 in chips)
a819d9b2: posts small blind $2
b7d51a53: posts big blind $4
*** HOLE CARDS ***
Dealt to b7d51a53 
Dealt to a819d9b2 
Dealt to 96a4233d 
Dealt to Hero [3h Qc]
96a4233d: folds
Hero: folds
a819d9b2: calls $2
b7d51a53: raises $8 to $12
a819d9b2: calls $8
*** FLOP *** [4d 6h 8c]
a819d9b2: checks
b7d51a53: checks
*** TURN *** [4d 6h 8c] [Jd]
a819d9b2: bets $18
b7d51a53: folds
Uncalled bet ($18) returned to a819d9b2
*** SHOWDOWN ***
a819d9b2 collected $24 from pot
*** SUMMARY ***
Total pot $24
Board [4d 6h 8c Jd]
Seat 3: b7d51a53(big blind) folded on the Turn
Seat 1: a819d9b2(small blind)won ($24) with Pair of Eights
Seat 4: 96a4233d folded before Flop (didn't bet)
Seat 7: Hero folded before Flop (didn't bet)



Poker Hand #ring_987797732: NLH No Limit ($2/$4) - 2025/07/12 23:07:09
Table 'MR NLH 2/4' 7-max Seat #4 is the button
Seat 3: b7d51a53 ($943.36 in chips)
Seat 1: a819d9b2 ($987.01 in chips)
Seat 4: 96a4233d ($392.92 in chips)
Seat 7: Hero ($536.13 in chips)
Hero: posts small blind $2
a819d9b2: posts big blind $4
*** HOLE CARDS ***
Dealt to b7d51a53 
Dealt to a819d9b2 
Dealt to 96a4233d 
Dealt to Hero [7c 6h]
b7d51a53: folds
96a4233d: folds
Hero: calls $2
a819d9b2: raises $8 to $12
Hero: calls $8
*** FLOP *** [7d 8s 3d]
Hero: checks
a819d9b2: checks
*** TURN *** [7d 8s 3d] [6s]
Hero: bets $19.2
a819d9b2: folds
Uncalled bet ($19.2) returned to Hero
*** SHOWDOWN ***
Hero collected $24 from pot
*** SUMMARY ***
Total pot $24
Board [7d 8s 3d 6s]
Seat 3: b7d51a53 folded before Flop (didn't bet)
Seat 1: a819d9b2(big blind) folded on the Turn
Seat 4: 96a4233d folded before Flop (didn't bet)
Seat 7: Hero(small blind)won ($24) with Pair of Sevens and Pair of Sixes



Poker Hand #ring_987797110: NLH No Limit ($2/$4) - 2025/07/12 23:06:46
Table 'MR NLH 2/4' 7-max Seat #3 is the button
Seat 3: b7d51a53 ($943.36 in chips)
Seat 1: a819d9b2 ($987.01 in chips)
Seat 4: 96a4233d ($382 in chips)
Seat 7: Hero ($548.13 in chips)
96a4233d: posts small blind $2
Hero: posts big blind $4
*** HOLE CARDS ***
Dealt to b7d51a53 
Dealt to a819d9b2 
Dealt to 96a4233d 
Dealt to Hero [6s Kd]
a819d9b2: folds
b7d51a53: folds
96a4233d: raises $8 to $12
Hero: calls $8
*** FLOP *** [5s Ah 7d]
96a4233d: bets $12
Hero: folds
Uncalled bet ($12) returned to 96a4233d
*** SHOWDOWN ***
96a4233d collected $24 from pot
*** SUMMARY ***
Total pot $24
Board [5s Ah 7d]
Seat 3: b7d51a53 folded before Flop (didn't bet)
Seat 1: a819d9b2 folded before Flop (didn't bet)
Seat 4: 96a4233d(small blind)won ($24) with Ace-High
Seat 7: Hero(big blind) folded on the Flop



Poker Hand #ring_987796683: NLH No Limit ($2/$4) - 2025/07/12 23:06:30
Table 'MR NLH 2/4' 7-max Seat #1 is the button
Seat 3: b7d51a53 ($945.36 in chips)
Seat 1: a819d9b2 ($987.01 in chips)
Seat 4: 96a4233d ($386 in chips)
Seat 7: Hero ($542.13 in chips)
b7d51a53: posts small blind $2
96a4233d: posts big blind $4
*** HOLE CARDS ***
Dealt to b7d51a53 
Dealt to a819d9b2 
Dealt to 96a4233d 
Dealt to Hero [Kd Ks]
Hero: raises $8 to $12
a819d9b2: folds
b7d51a53: folds
96a4233d: folds
Uncalled bet ($8) returned to Hero
*** SHOWDOWN ***
Hero collected $10 from pot
*** SUMMARY ***
Total pot $10
Seat 3: b7d51a53(small blind) folded before Flop
Seat 1: a819d9b2 folded before Flop (didn't bet)
Seat 4: 96a4233d(big blind) folded before Flop
Seat 7: Herowon ($10)



Poker Hand #ring_987796162: NLH No Limit ($2/$4) - 2025/07/12 23:06:13
Table 'MR NLH 2/4' 7-max Seat #7 is the button
Seat 3: b7d51a53 ($949.36 in chips)
Seat 1: a819d9b2 ($989.01 in chips)
Seat 4: 96a4233d ($386 in chips)
Seat 7: Hero ($536.13 in chips)
a819d9b2: posts small blind $2
b7d51a53: posts big blind $4
*** HOLE CARDS ***
Dealt to b7d51a53 
Dealt to a819d9b2 
Dealt to 96a4233d 
Dealt to Hero [8s 9s]
96a4233d: folds
Hero: raises $8 to $12
a819d9b2: folds
b7d51a53: folds
Uncalled bet ($8) returned to Hero
*** SHOWDOWN ***
Hero collected $10 from pot
*** SUMMARY ***
Total pot $10
Seat 3: b7d51a53(big blind) folded before Flop
Seat 1: a819d9b2(small blind) folded before Flop
Seat 4: 96a4233d folded before Flop (didn't bet)
Seat 7: Herowon ($10)



Poker Hand #ring_987795194: NLH No Limit ($2/$4) - 2025/07/12 23:05:39
Table 'MR NLH 2/4' 7-max Seat #4 is the button
Seat 3: b7d51a53 ($949.36 in chips)
Seat 1: a819d9b2 ($971.81 in chips)
Seat 4: 96a4233d ($386 in chips)
Seat 7: Hero ($556.13 in chips)
Hero: posts small blind $2
a819d9b2: posts big blind $4
*** HOLE CARDS ***
Dealt to b7d51a53 
Dealt to a819d9b2 
Dealt to 96a4233d 
Dealt to Hero [9h 7s]
b7d51a53: folds
96a4233d: folds
Hero: raises $6 to $10
a819d9b2: calls $6
*** FLOP *** [3s 6s Jh]
Hero: bets $10
a819d9b2: raises $20 to $30
Hero: folds
Uncalled bet ($20) returned to a819d9b2
*** SHOWDOWN ***
a819d9b2 collected $40 from pot
*** SUMMARY ***
Total pot $40
Board [3s 6s Jh]
Seat 3: b7d51a53 folded before Flop (didn't bet)
Seat 1: a819d9b2(big blind)won ($40) with Pair of Fours
Seat 4: 96a4233d folded before Flop (didn't bet)
Seat 7: Hero(small blind) folded on the Flop



Poker Hand #ring_987794806: NLH No Limit ($2/$4) - 2025/07/12 23:05:25
Table 'MR NLH 2/4' 7-max Seat #3 is the button
Seat 3: b7d51a53 ($949.36 in chips)
Seat 1: a819d9b2 ($971.81 in chips)
Seat 4: 96a4233d ($388 in chips)
Seat 7: Hero ($554.13 in chips)
96a4233d: posts small blind $2
Hero: posts big blind $4
*** HOLE CARDS ***
Dealt to b7d51a53 
Dealt to a819d9b2 
Dealt to 96a4233d 
Dealt to Hero [9s 7h]
a819d9b2: folds
b7d51a53: folds
96a4233d: folds
*** SHOWDOWN ***
Hero collected $6 from pot
*** SUMMARY ***
Total pot $6
Seat 3: b7d51a53 folded before Flop (didn't bet)
Seat 1: a819d9b2 folded before Flop (didn't bet)
Seat 4: 96a4233d(small blind) folded before Flop
Seat 7: Hero(big blind)won ($6)



Poker Hand #ring_987794363: NLH No Limit ($2/$4) - 2025/07/12 23:05:09
Table 'MR NLH 2/4' 7-max Seat #1 is the button
Seat 3: b7d51a53 ($951.36 in chips)
Seat 1: a819d9b2 ($965.81 in chips)
Seat 4: 96a4233d ($392 in chips)
Seat 7: Hero ($554.13 in chips)
b7d51a53: posts small blind $2
96a4233d: posts big blind $4
*** HOLE CARDS ***
Dealt to b7d51a53 
Dealt to a819d9b2 
Dealt to 96a4233d 
Dealt to Hero [7d Ah]
Hero: folds
a819d9b2: raises $8 to $12
b7d51a53: folds
96a4233d: folds
Uncalled bet ($8) returned to a819d9b2
*** SHOWDOWN ***
a819d9b2 collected $10 from pot
*** SUMMARY ***
Total pot $10
Seat 3: b7d51a53(small blind) folded before Flop
Seat 1: a819d9b2won ($10)
Seat 4: 96a4233d(big blind) folded before Flop
Seat 7: Hero folded before Flop (didn't bet)



Poker Hand #ring_987793395: NLH No Limit ($2/$4) - 2025/07/12 23:04:34
Table 'MR NLH 2/4' 7-max Seat #7 is the button
Seat 3: b7d51a53 ($955.36 in chips)
Seat 1: a819d9b2 ($952.89 in chips)
Seat 4: 96a4233d ($402 in chips)
Seat 7: Hero ($554.13 in chips)
a819d9b2: posts small blind $2
b7d51a53: posts big blind $4
*** HOLE CARDS ***
Dealt to b7d51a53 
Dealt to a819d9b2 
Dealt to 96a4233d 
Dealt to Hero [3d Ah]
96a4233d: raises $6 to $10
Hero: folds
a819d9b2: calls $8
b7d51a53: folds
*** FLOP *** [Ts 9c Ks]
a819d9b2: checks
96a4233d: checks
*** TURN *** [Ts 9c Ks] [7s]
a819d9b2: checks
96a4233d: checks
*** RIVER *** [Ts 9c Ks 7s] [Js]
a819d9b2: checks
96a4233d: checks
a819d9b2: shows [2h 2s]
96a4233d: shows [4h 4d]
*** SHOWDOWN ***
a819d9b2 collected $24 from pot
*** SUMMARY ***
Total pot $24
Board [Ts 9c Ks 7s Js]
Seat 3: b7d51a53(big blind) folded before Flop
Seat 1: a819d9b2(small blind) showed [2h 2s] and won ($24) with King High Flush
Seat 4: 96a4233d showed [4h 4d] and lost with Pair of Fours
Seat 7: Hero folded before Flop (didn't bet)



Poker Hand #ring_987790635: NLH No Limit ($2/$4) - 2025/07/12 23:02:57
Table 'MR NLH 2/4' 7-max Seat #4 is the button
Seat 3: b7d51a53 ($782 in chips)
Seat 1: a819d9b2 ($1,142.39 in chips)
Seat 4: 96a4233d ($402 in chips)
Seat 7: Hero ($556.13 in chips)
Hero: posts small blind $2
a819d9b2: posts big blind $4
*** HOLE CARDS ***
Dealt to b7d51a53 
Dealt to a819d9b2 
Dealt to 96a4233d 
Dealt to Hero [9h Ts]
b7d51a53: raises $8 to $12
96a4233d: folds
Hero: folds
a819d9b2: raises $36 to $48
b7d51a53: raises $73.5 to $121.5
a819d9b2: calls $73.5
*** FLOP *** [5d 5s 9d]
a819d9b2: checks
b7d51a53: bets $68
a819d9b2: calls $68
*** TURN *** [5d 5s 9d] [Kd]
a819d9b2: checks
b7d51a53: bets $208
a819d9b2: folds
Uncalled bet ($208) returned to b7d51a53
*** SHOWDOWN ***
b7d51a53 collected $381 from pot
*** SUMMARY ***
Total pot $381
Board [5d 5s 9d Kd]
Seat 3: b7d51a53won ($381) with Pair of Kings and Pair of Fives
Seat 1: a819d9b2(big blind) folded on the Turn
Seat 4: 96a4233d folded before Flop (didn't bet)
Seat 7: Hero(small blind) folded before Flop



Poker Hand #ring_987789780: NLH No Limit ($2/$4) - 2025/07/12 23:02:25
Table 'MR NLH 2/4' 7-max Seat #3 is the button
Seat 3: b7d51a53 ($794 in chips)
Seat 1: a819d9b2 ($1,142.39 in chips)
Seat 4: 96a4233d ($404 in chips)
Seat 7: Hero ($542.13 in chips)
96a4233d: posts small blind $2
Hero: posts big blind $4
*** HOLE CARDS ***
Dealt to b7d51a53 
Dealt to a819d9b2 
Dealt to 96a4233d 
Dealt to Hero [Qh Ac]
a819d9b2: folds
b7d51a53: raises $8 to $12
96a4233d: folds
Hero: raises $29.9 to $41.9
b7d51a53: folds
Uncalled bet ($29.9) returned to Hero
*** SHOWDOWN ***
Hero collected $26 from pot
*** SUMMARY ***
Total pot $26
Seat 3: b7d51a53 folded before Flop
Seat 1: a819d9b2 folded before Flop (didn't bet)
Seat 4: 96a4233d(small blind) folded before Flop
Seat 7: Hero(big blind)won ($26)



Poker Hand #ring_987789323: NLH No Limit ($2/$4) - 2025/07/12 23:02:10
Table 'MR NLH 2/4' 7-max Seat #1 is the button
Seat 3: b7d51a53 ($796 in chips)
Seat 1: a819d9b2 ($1,136.39 in chips)
Seat 4: 96a4233d ($408 in chips)
Seat 7: Hero ($542.13 in chips)
b7d51a53: posts small blind $2
96a4233d: posts big blind $4
*** HOLE CARDS ***
Dealt to b7d51a53 
Dealt to a819d9b2 
Dealt to 96a4233d 
Dealt to Hero [Qd Tc]
Hero: folds
a819d9b2: raises $8 to $12
b7d51a53: folds
96a4233d: folds
Uncalled bet ($8) returned to a819d9b2
*** SHOWDOWN ***
a819d9b2 collected $10 from pot
*** SUMMARY ***
Total pot $10
Seat 3: b7d51a53(small blind) folded before Flop
Seat 1: a819d9b2won ($10)
Seat 4: 96a4233d(big blind) folded before Flop
Seat 7: Hero folded before Flop (didn't bet)



Poker Hand #ring_987788576: NLH No Limit ($2/$4) - 2025/07/12 23:01:43
Table 'MR NLH 2/4' 7-max Seat #7 is the button
Seat 3: b7d51a53 ($800 in chips)
Seat 1: a819d9b2 ($1,122.39 in chips)
Seat 4: 96a4233d ($418 in chips)
Seat 7: Hero ($542.13 in chips)
a819d9b2: posts small blind $2
b7d51a53: posts big blind $4
*** HOLE CARDS ***
Dealt to b7d51a53 
Dealt to a819d9b2 
Dealt to 96a4233d 
Dealt to Hero [Ad 9h]
96a4233d: raises $6 to $10
Hero: folds
a819d9b2: raises $30 to $40
b7d51a53: folds
96a4233d: folds
Uncalled bet ($30) returned to a819d9b2
*** SHOWDOWN ***
a819d9b2 collected $24 from pot
*** SUMMARY ***
Total pot $24
Seat 3: b7d51a53(big blind) folded before Flop
Seat 1: a819d9b2(small blind)won ($24)
Seat 4: 96a4233d folded before Flop
Seat 7: Hero folded before Flop (didn't bet)



Poker Hand #ring_987788160: NLH No Limit ($2/$4) - 2025/07/12 23:01:28
Table 'MR NLH 2/4' 7-max Seat #4 is the button
Seat 3: b7d51a53 ($354.98 in chips)
Seat 1: a819d9b2 ($1,120.39 in chips)
Seat 4: 96a4233d ($418 in chips)
Seat 7: Hero ($544.13 in chips)
Hero: posts small blind $2
a819d9b2: posts big blind $4
*** HOLE CARDS ***
Dealt to b7d51a53 
Dealt to a819d9b2 
Dealt to 96a4233d 
Dealt to Hero [9c 5h]
b7d51a53: folds
96a4233d: folds
Hero: folds
*** SHOWDOWN ***
a819d9b2 collected $6 from pot
*** SUMMARY ***
Total pot $6
Seat 3: b7d51a53 folded before Flop (didn't bet)
Seat 1: a819d9b2(big blind)won ($6)
Seat 4: 96a4233d folded before Flop (didn't bet)
Seat 7: Hero(small blind) folded before Flop



Poker Hand #ring_987785704: NLH No Limit ($2/$4) - 2025/07/12 23:00:01
Table 'MR NLH 2/4' 7-max Seat #3 is the button
Seat 3: b7d51a53 ($725.48 in chips)
Seat 1: a819d9b2 ($778.5 in chips)
Seat 4: 96a4233d ($420 in chips)
Seat 7: Hero ($548.13 in chips)
96a4233d: posts small blind $2
Hero: posts big blind $4
*** HOLE CARDS ***
Dealt to b7d51a53 
Dealt to a819d9b2 
Dealt to 96a4233d 
Dealt to Hero [Kh 2c]
a819d9b2: raises $8 to $12
b7d51a53: calls $12
96a4233d: folds
Hero: folds
*** FLOP *** [9c Tc Td]
a819d9b2: bets $9.9
b7d51a53: calls $9.9
*** TURN *** [9c Tc Td] [8d]
a819d9b2: bets $24.9
b7d51a53: raises $74.7 to $99.6
a819d9b2: calls $74.7
*** RIVER *** [9c Tc Td 8d] [7d]
a819d9b2: checks
b7d51a53: bets $249
a819d9b2: calls $249
a819d9b2: shows [8c 6c]
b7d51a53: shows [Ks Qd]
*** SHOWDOWN ***
a819d9b2 collected $747 from pot
*** SUMMARY ***
Total pot $747
Board [9c Tc Td 8d 7d]
Seat 3: b7d51a53 showed [Ks Qd] and lost with Pair of Tens
Seat 1: a819d9b2 showed [8c 6c] and won ($747) with Tens-High Straight
Seat 4: 96a4233d(small blind) folded before Flop
Seat 7: Hero(big blind) folded before Flop



Poker Hand #ring_987785167: NLH No Limit ($2/$4) - 2025/07/12 22:59:43
Table 'MR NLH 2/4' 7-max Seat #1 is the button
Seat 3: b7d51a53 ($727.48 in chips)
Seat 1: a819d9b2 ($778.5 in chips)
Seat 4: 96a4233d ($418 in chips)
Seat 7: Hero ($548.13 in chips)
b7d51a53: posts small blind $2
96a4233d: posts big blind $4
*** HOLE CARDS ***
Dealt to b7d51a53 
Dealt to a819d9b2 
Dealt to 96a4233d 
Dealt to Hero [Jc 2h]
Hero: folds
a819d9b2: folds
b7d51a53: folds
*** SHOWDOWN ***
96a4233d collected $6 from pot
*** SUMMARY ***
Total pot $6
Seat 3: b7d51a53(small blind) folded before Flop
Seat 1: a819d9b2 folded before Flop (didn't bet)
Seat 4: 96a4233d(big blind)won ($6)
Seat 7: Hero folded before Flop (didn't bet)



Poker Hand #ring_987783871: NLH No Limit ($2/$4) - 2025/07/12 22:58:58
Table 'MR NLH 2/4' 7-max Seat #7 is the button
Seat 3: b7d51a53 ($757.48 in chips)
Seat 1: a819d9b2 ($752.2 in chips)
Seat 4: 96a4233d ($418 in chips)
Seat 7: Hero ($548.13 in chips)
a819d9b2: posts small blind $2
b7d51a53: posts big blind $4
*** HOLE CARDS ***
Dealt to b7d51a53 
Dealt to a819d9b2 
Dealt to 96a4233d 
Dealt to Hero [5h 3c]
96a4233d: folds
Hero: folds
a819d9b2: calls $2
b7d51a53: raises $8 to $12
a819d9b2: calls $8
*** FLOP *** [9d 9c 8h]
a819d9b2: checks
b7d51a53: bets $18
a819d9b2: raises $45 to $63
b7d51a53: folds
Uncalled bet ($45) returned to a819d9b2
*** SHOWDOWN ***
a819d9b2 collected $60 from pot
*** SUMMARY ***
Total pot $60
Board [9d 9c 8h]
Seat 3: b7d51a53(big blind) folded on the Flop
Seat 1: a819d9b2(small blind)won ($60) with Three Nines
Seat 4: 96a4233d folded before Flop (didn't bet)
Seat 7: Hero folded before Flop (didn't bet)



Poker Hand #ring_987783498: NLH No Limit ($2/$4) - 2025/07/12 22:58:45
Table 'MR NLH 2/4' 7-max Seat #4 is the button
Seat 3: b7d51a53 ($757.48 in chips)
Seat 1: a819d9b2 ($750.2 in chips)
Seat 4: 96a4233d ($418 in chips)
Seat 7: Hero ($550.13 in chips)
Hero: posts small blind $2
a819d9b2: posts big blind $4
*** HOLE CARDS ***
Dealt to b7d51a53 
Dealt to a819d9b2 
Dealt to 96a4233d 
Dealt to Hero [4c Qd]
b7d51a53: folds
96a4233d: folds
Hero: folds
*** SHOWDOWN ***
a819d9b2 collected $6 from pot
*** SUMMARY ***
Total pot $6
Seat 3: b7d51a53 folded before Flop (didn't bet)
Seat 1: a819d9b2(big blind)won ($6)
Seat 4: 96a4233d folded before Flop (didn't bet)
Seat 7: Hero(small blind) folded before Flop



Poker Hand #ring_987782867: NLH No Limit ($2/$4) - 2025/07/12 22:58:22
Table 'MR NLH 2/4' 7-max Seat #3 is the button
Seat 3: b7d51a53 ($769.48 in chips)
Seat 1: a819d9b2 ($750.2 in chips)
Seat 4: 96a4233d ($402 in chips)
Seat 7: Hero ($554.13 in chips)
96a4233d: posts small blind $2
Hero: posts big blind $4
*** HOLE CARDS ***
Dealt to b7d51a53 
Dealt to a819d9b2 
Dealt to 96a4233d 
Dealt to Hero [9s 2h]
a819d9b2: folds
b7d51a53: raises $8 to $12
96a4233d: raises $21 to $33
Hero: folds
b7d51a53: folds
Uncalled bet ($21) returned to 96a4233d
*** SHOWDOWN ***
96a4233d collected $28 from pot
*** SUMMARY ***
Total pot $28
Seat 3: b7d51a53 folded before Flop
Seat 1: a819d9b2 folded before Flop (didn't bet)
Seat 4: 96a4233d(small blind)won ($28)
Seat 7: Hero(big blind) folded before Flop



Poker Hand #ring_987782332: NLH No Limit ($2/$4) - 2025/07/12 22:58:05
Table 'MR NLH 2/4' 7-max Seat #1 is the button
Seat 3: b7d51a53 ($771.48 in chips)
Seat 1: a819d9b2 ($750.2 in chips)
Seat 4: 96a4233d ($400 in chips)
Seat 7: Hero ($554.13 in chips)
b7d51a53: posts small blind $2
96a4233d: posts big blind $4
*** HOLE CARDS ***
Dealt to b7d51a53 
Dealt to a819d9b2 
Dealt to 96a4233d 
Dealt to Hero [6d 3h]
Hero: folds
a819d9b2: folds
b7d51a53: folds
*** SHOWDOWN ***
96a4233d collected $6 from pot
*** SUMMARY ***
Total pot $6
Seat 3: b7d51a53(small blind) folded before Flop
Seat 1: a819d9b2 folded before Flop (didn't bet)
Seat 4: 96a4233d(big blind)won ($6)
Seat 7: Hero folded before Flop (didn't bet)



Poker Hand #ring_987780725: NLH No Limit ($2/$4) - 2025/07/12 22:57:10
Table 'MR NLH 2/4' 7-max Seat #7 is the button
Seat 3: b7d51a53 ($775.48 in chips)
Seat 1: a819d9b2 ($810.6 in chips)
Seat 7: Hero ($495.34 in chips)
a819d9b2: posts small blind $2
b7d51a53: posts big blind $4
*** HOLE CARDS ***
Dealt to b7d51a53 
Dealt to a819d9b2 
Dealt to Hero [Qh Ts]
Hero: raises $6 to $10
a819d9b2: calls $8
b7d51a53: folds
*** FLOP *** [Qd Th 3d]
a819d9b2: checks
Hero: bets $12
a819d9b2: calls $12
*** TURN *** [Qd Th 3d] [Jh]
a819d9b2: checks
Hero: bets $38.4
a819d9b2: calls $38.4
*** RIVER *** [Qd Th 3d Jh] [4s]
a819d9b2: checks
Hero: bets $62.4
a819d9b2: folds
Uncalled bet ($62.4) returned to Hero
*** SHOWDOWN ***
Hero collected $124.8 from pot
*** SUMMARY ***
Total pot $124.8
Board [Qd Th 3d Jh 4s]
Seat 3: b7d51a53(big blind) folded before Flop
Seat 1: a819d9b2(small blind) folded on the River
Seat 7: Herowon ($124.8) with Pair of Queens and Pair of Tens



Poker Hand #ring_987779648: NLH No Limit ($2/$4) - 2025/07/12 22:56:33
Table 'MR NLH 2/4' 7-max Seat #3 is the button
Seat 3: b7d51a53 ($748 in chips)
Seat 1: a819d9b2 ($814.6 in chips)
Seat 7: Hero ($521.34 in chips)
Hero: posts small blind $2
a819d9b2: posts big blind $4
*** HOLE CARDS ***
Dealt to b7d51a53 
Dealt to a819d9b2 
Dealt to Hero [Jc Qc]
b7d51a53: raises $8 to $12
Hero: calls $10
a819d9b2: folds
*** FLOP *** [Qs Ah 9s]
Hero: checks
b7d51a53: bets $14
Hero: calls $14
*** TURN *** [Qs Ah 9s] [5h]
Hero: checks
b7d51a53: bets $56
Hero: folds
Uncalled bet ($56) returned to b7d51a53
*** SHOWDOWN ***
b7d51a53 collected $56 from pot
*** SUMMARY ***
Total pot $56
Board [Qs Ah 9s 5h]
Seat 3: b7d51a53won ($56) with Pair of Aces
Seat 1: a819d9b2(big blind) folded before Flop
Seat 7: Hero(small blind) folded on the Turn



Poker Hand #ring_987779266: NLH No Limit ($2/$4) - 2025/07/12 22:56:19
Table 'MR NLH 2/4' 7-max Seat #1 is the button
Seat 3: b7d51a53 ($744 in chips)
Seat 1: a819d9b2 ($814.6 in chips)
Seat 7: Hero ($525.34 in chips)
b7d51a53: posts small blind $2
Hero: posts big blind $4
*** HOLE CARDS ***
Dealt to b7d51a53 
Dealt to a819d9b2 
Dealt to Hero [2s 5h]
a819d9b2: folds
b7d51a53: raises $8 to $12
Hero: folds
Uncalled bet ($8) returned to b7d51a53
*** SHOWDOWN ***
b7d51a53 collected $8 from pot
*** SUMMARY ***
Total pot $8
Seat 3: b7d51a53(small blind)won ($8)
Seat 1: a819d9b2 folded before Flop (didn't bet)
Seat 7: Hero(big blind) folded before Flop



Poker Hand #ring_987777765: NLH No Limit ($2/$4) - 2025/07/12 22:55:28
Table 'MR NLH 2/4' 7-max Seat #7 is the button
Seat 3: b7d51a53 ($559.64 in chips)
Seat 1: a819d9b2 ($760 in chips)
Seat 7: Hero ($525.34 in chips)
a819d9b2: posts small blind $2
b7d51a53: posts big blind $4
*** HOLE CARDS ***
Dealt to b7d51a53 
Dealt to a819d9b2 
Dealt to Hero [5c 3s]
Hero: folds
a819d9b2: raises $8 to $12
b7d51a53: calls $8
*** FLOP *** [6s Jc 8h]
a819d9b2: bets $12
b7d51a53: calls $12
*** TURN *** [6s Jc 8h] [8s]
a819d9b2: checks
b7d51a53: bets $36
a819d9b2: calls $36
*** RIVER *** [6s Jc 8h 8s] [6h]
a819d9b2: checks
b7d51a53: checks
a819d9b2: shows [Kh Jd]
b7d51a53: shows [Tc Qc]
*** SHOWDOWN ***
a819d9b2 collected $120 from pot
*** SUMMARY ***
Total pot $120
Board [6s Jc 8h 8s 6h]
Seat 3: b7d51a53(big blind) showed [Tc Qc] and lost with Pair of Eights and Pair of Sixes
Seat 1: a819d9b2(small blind) showed [Kh Jd] and won ($120) with Pair of Jacks and Pair of Eights
Seat 7: Hero folded before Flop (didn't bet)



Poker Hand #ring_987774705: NLH No Limit ($2/$4) - 2025/07/12 22:53:43
Table 'MR NLH 2/4' 7-max Seat #3 is the button
Seat 3: b7d51a53 ($709.64 in chips)
Seat 1: a819d9b2 ($764 in chips)
Seat 2: 2f7a4d1b ($298.38 in chips)
Seat 7: Hero ($386.02 in chips)
Hero: posts small blind $2
a819d9b2: posts big blind $4
*** HOLE CARDS ***
Dealt to b7d51a53 
Dealt to a819d9b2 
Dealt to 2f7a4d1b 
Dealt to Hero [Kd Qs]
2f7a4d1b: folds
b7d51a53: raises $8 to $12
Hero: calls $10
a819d9b2: folds
*** FLOP *** [Th Td 7d]
Hero: checks
b7d51a53: checks
*** TURN *** [Th Td 7d] [2s]
Hero: bets $14
b7d51a53: calls $14
*** RIVER *** [Th Td 7d 2s] [Qc]
Hero: bets $28
b7d51a53: raises $96 to $124
Hero: calls $96
b7d51a53: shows [3d As]
Hero: shows [Kd Qs]
*** SHOWDOWN ***
Hero collected $304 from pot
*** SUMMARY ***
Total pot $304
Board [Th Td 7d 2s Qc]
Seat 3: b7d51a53 showed [3d As] and lost with Pair of Tens
Seat 1: a819d9b2(big blind) folded before Flop
Seat 2: 2f7a4d1b folded before Flop (didn't bet)
Seat 7: Hero(small blind) showed [Kd Qs] and won ($304) with Pair of Queens and Pair of Tens



Poker Hand #ring_987774156: NLH No Limit ($2/$4) - 2025/07/12 22:53:25
Table 'MR NLH 2/4' 7-max Seat #2 is the button
Seat 3: b7d51a53 ($711.64 in chips)
Seat 1: a819d9b2 ($764 in chips)
Seat 2: 2f7a4d1b ($298.38 in chips)
Seat 7: Hero ($384.02 in chips)
b7d51a53: posts small blind $2
Hero: posts big blind $4
*** HOLE CARDS ***
Dealt to b7d51a53 
Dealt to a819d9b2 
Dealt to 2f7a4d1b 
Dealt to Hero [7d 7h]
a819d9b2: folds
2f7a4d1b: folds
b7d51a53: folds
*** SHOWDOWN ***
Hero collected $6 from pot
*** SUMMARY ***
Total pot $6
Seat 3: b7d51a53(small blind) folded before Flop
Seat 1: a819d9b2 folded before Flop (didn't bet)
Seat 2: 2f7a4d1b folded before Flop (didn't bet)
Seat 7: Hero(big blind)won ($6)



Poker Hand #ring_987773062: NLH No Limit ($2/$4) - 2025/07/12 22:52:48
Table 'MR NLH 2/4' 7-max Seat #1 is the button
Seat 3: b7d51a53 ($708 in chips)
Seat 1: a819d9b2 ($764 in chips)
Seat 2: 2f7a4d1b ($302.38 in chips)
Seat 7: Hero ($384.02 in chips)
2f7a4d1b: posts small blind $2
b7d51a53: posts big blind $4
*** HOLE CARDS ***
Dealt to b7d51a53 
Dealt to a819d9b2 
Dealt to 2f7a4d1b 
Dealt to Hero [4c 5h]
Hero: folds
a819d9b2: folds
2f7a4d1b: calls $2
b7d51a53: checks
*** FLOP *** [Td 9h Ac]
2f7a4d1b: checks
b7d51a53: checks
*** TURN *** [Td 9h Ac] [2d]
2f7a4d1b: checks
b7d51a53: checks
*** RIVER *** [Td 9h Ac 2d] [3s]
2f7a4d1b: checks
b7d51a53: bets $4
2f7a4d1b: folds
Uncalled bet ($4) returned to b7d51a53
*** SHOWDOWN ***
b7d51a53 collected $8 from pot
*** SUMMARY ***
Total pot $8
Board [Td 9h Ac 2d 3s]
Seat 3: b7d51a53(big blind)won ($8) with Pair of Treys
Seat 1: a819d9b2 folded before Flop (didn't bet)
Seat 2: 2f7a4d1b(small blind) folded on the River
Seat 7: Hero folded before Flop (didn't bet)



Poker Hand #ring_987771382: NLH No Limit ($2/$4) - 2025/07/12 22:51:52
Table 'MR NLH 2/4' 7-max Seat #7 is the button
Seat 3: b7d51a53 ($708 in chips)
Seat 1: a819d9b2 ($766 in chips)
Seat 2: 2f7a4d1b ($282.36 in chips)
Seat 7: Hero ($405.02 in chips)
a819d9b2: posts small blind $2
2f7a4d1b: posts big blind $4
*** HOLE CARDS ***
Dealt to b7d51a53 
Dealt to a819d9b2 
Dealt to 2f7a4d1b 
Dealt to Hero [6c 7s]
b7d51a53: folds
Hero: raises $6 to $10
a819d9b2: folds
2f7a4d1b: calls $6
*** FLOP *** [2c Ts 5c]
2f7a4d1b: checks
Hero: bets $11
2f7a4d1b: raises $24 to $35
Hero: folds
Uncalled bet ($24) returned to 2f7a4d1b
*** SHOWDOWN ***
2f7a4d1b collected $44 from pot
*** SUMMARY ***
Total pot $44
Board [2c Ts 5c]
Seat 3: b7d51a53 folded before Flop (didn't bet)
Seat 1: a819d9b2(small blind) folded before Flop
Seat 2: 2f7a4d1b(big blind)won ($44) with Pair of Tens
Seat 7: Hero folded on the Flop



Poker Hand #ring_987770989: NLH No Limit ($2/$4) - 2025/07/12 22:51:39
Table 'MR NLH 2/4' 7-max Seat #3 is the button
Seat 3: b7d51a53 ($708 in chips)
Seat 1: a819d9b2 ($764 in chips)
Seat 2: 2f7a4d1b ($282.36 in chips)
Seat 7: Hero ($407.02 in chips)
Hero: posts small blind $2
a819d9b2: posts big blind $4
*** HOLE CARDS ***
Dealt to b7d51a53 
Dealt to a819d9b2 
Dealt to 2f7a4d1b 
Dealt to Hero [6s 2d]
2f7a4d1b: folds
b7d51a53: folds
Hero: folds
*** SHOWDOWN ***
a819d9b2 collected $6 from pot
*** SUMMARY ***
Total pot $6
Seat 3: b7d51a53 folded before Flop (didn't bet)
Seat 1: a819d9b2(big blind)won ($6)
Seat 2: 2f7a4d1b folded before Flop (didn't bet)
Seat 7: Hero(small blind) folded before Flop



Poker Hand #ring_987770422: NLH No Limit ($2/$4) - 2025/07/12 22:51:20
Table 'MR NLH 2/4' 7-max Seat #2 is the button
Seat 3: b7d51a53 ($704 in chips)
Seat 1: a819d9b2 ($764 in chips)
Seat 2: 2f7a4d1b ($282.36 in chips)
Seat 7: Hero ($411.02 in chips)
b7d51a53: posts small blind $2
Hero: posts big blind $4
*** HOLE CARDS ***
Dealt to b7d51a53 
Dealt to a819d9b2 
Dealt to 2f7a4d1b 
Dealt to Hero [5c 8s]
a819d9b2: folds
2f7a4d1b: folds
b7d51a53: raises $8 to $12
Hero: folds
Uncalled bet ($8) returned to b7d51a53
*** SHOWDOWN ***
b7d51a53 collected $8 from pot
*** SUMMARY ***
Total pot $8
Seat 3: b7d51a53(small blind)won ($8)
Seat 1: a819d9b2 folded before Flop (didn't bet)
Seat 2: 2f7a4d1b folded before Flop (didn't bet)
Seat 7: Hero(big blind) folded before Flop



Poker Hand #ring_987768402: NLH No Limit ($2/$4) - 2025/07/12 22:50:12
Table 'MR NLH 2/4' 7-max Seat #1 is the button
Seat 3: b7d51a53 ($800 in chips)
Seat 1: a819d9b2 ($764 in chips)
Seat 2: 2f7a4d1b ($196 in chips)
Seat 6: 11e66086 ($408 in chips)
Seat 7: Hero ($411.02 in chips)
2f7a4d1b: posts small blind $2
b7d51a53: posts big blind $4
*** HOLE CARDS ***
Dealt to b7d51a53 
Dealt to a819d9b2 
Dealt to 2f7a4d1b 
Dealt to 11e66086 
Dealt to Hero [4s 6c]
11e66086: folds
Hero: folds
a819d9b2: folds
2f7a4d1b: raises $8 to $12
b7d51a53: calls $8
*** FLOP *** [Jd 9h 5s]
2f7a4d1b: bets $12
b7d51a53: calls $12
*** TURN *** [Jd 9h 5s] [6s]
2f7a4d1b: bets $24
b7d51a53: calls $24
*** RIVER *** [Jd 9h 5s 6s] [Ts]
2f7a4d1b: bets $48
b7d51a53: calls $48
2f7a4d1b: shows [Qh Kd]
b7d51a53: shows [9c Qd]
*** SHOWDOWN ***
2f7a4d1b collected $192 from pot
*** SUMMARY ***
Total pot $192
Board [Jd 9h 5s 6s Ts]
Seat 3: b7d51a53(big blind) showed [9c Qd] and lost with Pair of Nines
Seat 1: a819d9b2 folded before Flop (didn't bet)
Seat 2: 2f7a4d1b(small blind) showed [Qh Kd] and won ($192) with Kings-High Straight
Seat 6: 11e66086 folded before Flop (didn't bet)
Seat 7: Hero folded before Flop (didn't bet)



Poker Hand #ring_987767778: NLH No Limit ($2/$4) - 2025/07/12 22:49:51
Table 'MR NLH 2/4' 7-max Seat #7 is the button
Seat 1: a819d9b2 ($766 in chips)
Seat 2: 2f7a4d1b ($200 in chips)
Seat 5: 11c618c3 ($623.47 in chips)
Seat 6: 11e66086 ($408 in chips)
Seat 7: Hero ($405.02 in chips)
a819d9b2: posts small blind $2
2f7a4d1b: posts big blind $4
*** HOLE CARDS ***
Dealt to a819d9b2 
Dealt to 2f7a4d1b 
Dealt to 11c618c3 
Dealt to 11e66086 
Dealt to Hero [5h 6h]
11c618c3: folds
11e66086: folds
Hero: raises $8 to $12
a819d9b2: folds
2f7a4d1b: folds
Uncalled bet ($8) returned to Hero
*** SHOWDOWN ***
Hero collected $10 from pot
*** SUMMARY ***
Total pot $10
Seat 1: a819d9b2(small blind) folded before Flop
Seat 2: 2f7a4d1b(big blind) folded before Flop
Seat 5: 11c618c3 folded before Flop (didn't bet)
Seat 6: 11e66086 folded before Flop (didn't bet)
Seat 7: Herowon ($10)



Poker Hand #ring_987766188: NLH No Limit ($2/$4) - 2025/07/12 22:48:58
Table 'MR NLH 2/4' 7-max Seat #6 is the button
Seat 1: a819d9b2 ($778 in chips)
Seat 5: 11c618c3 ($601.09 in chips)
Seat 6: 11e66086 ($408 in chips)
Seat 7: Hero ($417.02 in chips)
Hero: posts small blind $2
a819d9b2: posts big blind $4
*** HOLE CARDS ***
Dealt to a819d9b2 
Dealt to 11c618c3 
Dealt to 11e66086 
Dealt to Hero [Th Ah]
11c618c3: raises $8 to $12
11e66086: folds
Hero: calls $10
a819d9b2: calls $8
*** FLOP *** [3d 5d 6s]
Hero: checks
a819d9b2: checks
11c618c3: checks
*** TURN *** [3d 5d 6s] [7s]
Hero: checks
a819d9b2: checks
11c618c3: checks
*** RIVER *** [3d 5d 6s 7s] [8s]
Hero: checks
a819d9b2: checks
11c618c3: checks
a819d9b2: shows [Jd Ks]
11c618c3: shows [Jc As]
Hero: shows [Th Ah]
*** SHOWDOWN ***
11c618c3 collected $36 from pot
*** SUMMARY ***
Total pot $36
Board [3d 5d 6s 7s 8s]
Seat 1: a819d9b2(big blind) showed [Jd Ks] and lost with King-High
Seat 5: 11c618c3 showed [Jc As] and won ($36) with Ace-High
Seat 6: 11e66086 folded before Flop (didn't bet)
Seat 7: Hero(small blind) showed [Th Ah] and lost with Ace-High



Poker Hand #ring_987764080: NLH No Limit ($2/$4) - 2025/07/12 22:47:48
Table 'MR NLH 2/4' 7-max Seat #5 is the button
Seat 1: a819d9b2 ($778 in chips)
Seat 5: 11c618c3 ($481.32 in chips)
Seat 6: 11e66086 ($408 in chips)
Seat 7: Hero ($441.02 in chips)
11e66086: posts small blind $2
Hero: posts big blind $4
*** HOLE CARDS ***
Dealt to a819d9b2 
Dealt to 11c618c3 
Dealt to 11e66086 
Dealt to Hero [Kh Jh]
a819d9b2: folds
11c618c3: calls $4
11e66086: raises $20 to $24
Hero: calls $20
11c618c3: calls $20
*** FLOP *** [7h 3s 8c]
11e66086: bets $23.76
Hero: folds
11c618c3: calls $23.76
*** TURN *** [7h 3s 8c] [6d]
11e66086: bets $59.76
11c618c3: calls $59.76
*** RIVER *** [7h 3s 8c 6d] [5d]
11e66086: checks
11c618c3: bets $119.52
11e66086: folds
Uncalled bet ($119.52) returned to 11c618c3
*** SHOWDOWN ***
11c618c3 collected $239.04 from pot
*** SUMMARY ***
Total pot $239.04
Board [7h 3s 8c 6d 5d]
Seat 1: a819d9b2 folded before Flop (didn't bet)
Seat 5: 11c618c3won ($239.04) with Nines-High Straight
Seat 6: 11e66086(small blind) folded on the River
Seat 7: Hero(big blind) folded on the Flop



Poker Hand #ring_987762591: NLH No Limit ($2/$4) - 2025/07/12 22:46:58
Table 'MR NLH 2/4' 7-max Seat #1 is the button
Seat 1: a819d9b2 ($778 in chips)
Seat 5: 11c618c3 ($418.62 in chips)
Seat 6: 11e66086 ($402 in chips)
Seat 7: Hero ($441.02 in chips)
11c618c3: posts small blind $2
11e66086: posts big blind $4
*** HOLE CARDS ***
Dealt to a819d9b2 
Dealt to 11c618c3 
Dealt to 11e66086 
Dealt to Hero [3c 7h]
Hero: folds
a819d9b2: folds
11c618c3: calls $2
11e66086: checks
*** FLOP *** [9s 4c 7c]
11c618c3: bets $6
11e66086: raises $18 to $24
11c618c3: calls $18
*** TURN *** [9s 4c 7c] [8s]
11c618c3: checks
11e66086: bets $42
11c618c3: calls $42
*** RIVER *** [9s 4c 7c 8s] [6d]
11c618c3: checks
11e66086: checks
11c618c3: shows [Td 8h]
11e66086: shows [Jd 9d]
*** SHOWDOWN ***
11c618c3 collected $140 from pot
*** SUMMARY ***
Total pot $140
Board [9s 4c 7c 8s 6d]
Seat 1: a819d9b2 folded before Flop (didn't bet)
Seat 5: 11c618c3(small blind) showed [Td 8h] and won ($140) with Tens-High Straight
Seat 6: 11e66086(big blind) showed [Jd 9d] and lost with Pair of Nines
Seat 7: Hero folded before Flop (didn't bet)



Poker Hand #ring_987761130: NLH No Limit ($2/$4) - 2025/07/12 22:46:09
Table 'MR NLH 2/4' 7-max Seat #7 is the button
Seat 1: a819d9b2 ($790 in chips)
Seat 5: 11c618c3 ($448.62 in chips)
Seat 6: 11e66086 ($402 in chips)
Seat 7: Hero ($403.26 in chips)
a819d9b2: posts small blind $2
11c618c3: posts big blind $4
*** HOLE CARDS ***
Dealt to a819d9b2 
Dealt to 11c618c3 
Dealt to 11e66086 
Dealt to Hero [2s 2c]
11e66086: folds
Hero: raises $8 to $12
a819d9b2: calls $10
11c618c3: calls $8
*** FLOP *** [Qh 5s 7h]
a819d9b2: checks
11c618c3: checks
Hero: bets $18
a819d9b2: folds
11c618c3: calls $18
*** TURN *** [Qh 5s 7h] [2d]
11c618c3: checks
Hero: bets $57.6
11c618c3: folds
Uncalled bet ($57.6) returned to Hero
*** SHOWDOWN ***
Hero collected $72 from pot
*** SUMMARY ***
Total pot $72
Board [Qh 5s 7h 2d]
Seat 1: a819d9b2(small blind) folded on the Flop
Seat 5: 11c618c3(big blind) folded on the Turn
Seat 6: 11e66086 folded before Flop (didn't bet)
Seat 7: Herowon ($72) with Three Twos



Poker Hand #ring_987760538: NLH No Limit ($2/$4) - 2025/07/12 22:45:49
Table 'MR NLH 2/4' 7-max Seat #6 is the button
Seat 1: a819d9b2 ($794 in chips)
Seat 5: 11c618c3 ($442.62 in chips)
Seat 6: 11e66086 ($402 in chips)
Seat 7: Hero ($405.26 in chips)
Hero: posts small blind $2
a819d9b2: posts big blind $4
*** HOLE CARDS ***
Dealt to a819d9b2 
Dealt to 11c618c3 
Dealt to 11e66086 
Dealt to Hero [9c 5d]
11c618c3: raises $8 to $12
11e66086: folds
Hero: folds
a819d9b2: folds
Uncalled bet ($8) returned to 11c618c3
*** SHOWDOWN ***
11c618c3 collected $10 from pot
*** SUMMARY ***
Total pot $10
Seat 1: a819d9b2(big blind) folded before Flop
Seat 5: 11c618c3won ($10)
Seat 6: 11e66086 folded before Flop (didn't bet)
Seat 7: Hero(small blind) folded before Flop



Poker Hand #ring_987759990: NLH No Limit ($2/$4) - 2025/07/12 22:45:29
Table 'MR NLH 2/4' 7-max Seat #5 is the button
Seat 1: a819d9b2 ($794 in chips)
Seat 5: 11c618c3 ($442.62 in chips)
Seat 6: 11e66086 ($404 in chips)
Seat 7: Hero ($403.26 in chips)
11e66086: posts small blind $2
Hero: posts big blind $4
*** HOLE CARDS ***
Dealt to a819d9b2 
Dealt to 11c618c3 
Dealt to 11e66086 
Dealt to Hero [4h Tc]
a819d9b2: folds
11c618c3: folds
11e66086: folds
*** SHOWDOWN ***
Hero collected $6 from pot
*** SUMMARY ***
Total pot $6
Seat 1: a819d9b2 folded before Flop (didn't bet)
Seat 5: 11c618c3 folded before Flop (didn't bet)
Seat 6: 11e66086(small blind) folded before Flop
Seat 7: Hero(big blind)won ($6)



Poker Hand #ring_987759093: NLH No Limit ($2/$4) - 2025/07/12 22:44:58
Table 'MR NLH 2/4' 7-max Seat #1 is the button
Seat 1: a819d9b2 ($794 in chips)
Seat 5: 11c618c3 ($454.62 in chips)
Seat 6: 11e66086 ($408 in chips)
Seat 7: Hero ($388.52 in chips)
11c618c3: posts small blind $2
11e66086: posts big blind $4
*** HOLE CARDS ***
Dealt to a819d9b2 
Dealt to 11c618c3 
Dealt to 11e66086 
Dealt to Hero [Kh Jd]
Hero: raises $8 to $12
a819d9b2: folds
11c618c3: calls $10
11e66086: folds
*** FLOP *** [Qs Kc Qc]
11c618c3: checks
Hero: checks
*** TURN *** [Qs Kc Qc] [3c]
11c618c3: checks
Hero: bets $14
11c618c3: folds
Uncalled bet ($14) returned to Hero
*** SHOWDOWN ***
Hero collected $28 from pot
*** SUMMARY ***
Total pot $28
Board [Qs Kc Qc 3c]
Seat 1: a819d9b2 folded before Flop (didn't bet)
Seat 5: 11c618c3(small blind) folded on the Turn
Seat 6: 11e66086(big blind) folded before Flop
Seat 7: Herowon ($28) with Pair of Kings and Pair of Queens



Poker Hand #ring_987758031: NLH No Limit ($2/$4) - 2025/07/12 22:44:21
Table 'MR NLH 2/4' 7-max Seat #7 is the button
Seat 1: a819d9b2 ($796 in chips)
Seat 5: 11c618c3 ($429.59 in chips)
Seat 6: 11e66086 ($416.94 in chips)
Seat 7: Hero ($388.52 in chips)
a819d9b2: posts small blind $2
11c618c3: posts big blind $4
*** HOLE CARDS ***
Dealt to a819d9b2 
Dealt to 11c618c3 
Dealt to 11e66086 
Dealt to Hero [5d 9h]
11e66086: raises $6 to $10
Hero: folds
a819d9b2: folds
11c618c3: raises $16.5 to $26.5
11e66086: calls $16.5
*** FLOP *** [Qs 6s 4h]
11c618c3: bets $27.5
11e66086: folds
Uncalled bet ($27.5) returned to 11c618c3
11c618c3: shows [Jh Jc]
*** SHOWDOWN ***
11c618c3 collected $55 from pot
*** SUMMARY ***
Total pot $55
Board [Qs 6s 4h]
Seat 1: a819d9b2(small blind) folded before Flop
Seat 5: 11c618c3(big blind) showed [Jh Jc] and won ($55) with Pair of Jacks
Seat 6: 11e66086 folded on the Flop
Seat 7: Hero folded before Flop (didn't bet)



Poker Hand #ring_987757304: NLH No Limit ($2/$4) - 2025/07/12 22:43:57
Table 'MR NLH 2/4' 7-max Seat #6 is the button
Seat 1: a819d9b2 ($800 in chips)
Seat 5: 11c618c3 ($429.59 in chips)
Seat 6: 11e66086 ($426.94 in chips)
Seat 7: Hero ($374.52 in chips)
Hero: posts small blind $2
a819d9b2: posts big blind $4
*** HOLE CARDS ***
Dealt to a819d9b2 
Dealt to 11c618c3 
Dealt to 11e66086 
Dealt to Hero [Ac Jc]
11c618c3: folds
11e66086: raises $6 to $10
Hero: raises $27.6 to $37.6
a819d9b2: folds
11e66086: folds
Uncalled bet ($27.6) returned to Hero
*** SHOWDOWN ***
Hero collected $24 from pot
*** SUMMARY ***
Total pot $24
Seat 1: a819d9b2(big blind) folded before Flop
Seat 5: 11c618c3 folded before Flop (didn't bet)
Seat 6: 11e66086 folded before Flop
Seat 7: Hero(small blind)won ($24)



Poker Hand #ring_987756489: NLH No Limit ($2/$4) - 2025/07/12 22:43:30
Table 'MR NLH 2/4' 7-max Seat #5 is the button
Seat 5: 11c618c3 ($424.04 in chips)
Seat 6: 11e66086 ($428.94 in chips)
Seat 7: Hero ($378.52 in chips)
11e66086: posts small blind $2
Hero: posts big blind $4
*** HOLE CARDS ***
Dealt to 11c618c3 
Dealt to 11e66086 
Dealt to Hero [Js 3s]
11c618c3: calls $4
11e66086: folds
Hero: checks
*** FLOP *** [5d 7c Qd]
Hero: checks
11c618c3: bets $5
Hero: folds
Uncalled bet ($5) returned to 11c618c3
*** SHOWDOWN ***
11c618c3 collected $10 from pot
*** SUMMARY ***
Total pot $10
Board [5d 7c Qd]
Seat 5: 11c618c3won ($10) with Pair of Fives
Seat 6: 11e66086(small blind) folded before Flop
Seat 7: Hero(big blind) folded on the Flop



Poker Hand #ring_987754750: NLH No Limit ($2/$4) - 2025/07/12 22:42:29
Table 'MR NLH 2/4' 7-max Seat #7 is the button
Seat 5: 11c618c3 ($434.04 in chips)
Seat 6: 11e66086 ($419.84 in chips)
Seat 7: Hero ($378.52 in chips)
11c618c3: posts small blind $2
11e66086: posts big blind $4
*** HOLE CARDS ***
Dealt to 11c618c3 
Dealt to 11e66086 
Dealt to Hero [Kh 2c]
Hero: folds
11c618c3: calls $2
11e66086: checks
*** FLOP *** [8d 6d 2d]
11c618c3: checks
11e66086: bets $6
11c618c3: calls $6
*** TURN *** [8d 6d 2d] [Jd]
11c618c3: checks
11e66086: checks
*** RIVER *** [8d 6d 2d Jd] [4s]
11c618c3: checks
11e66086: checks
11c618c3: shows [4c 5c]
11e66086: shows [8h 6c]
*** SHOWDOWN ***
11e66086 collected $20 from pot
*** SUMMARY ***
Total pot $20
Board [8d 6d 2d Jd 4s]
Seat 5: 11c618c3(small blind) showed [4c 5c] and lost with Pair of Fours
Seat 6: 11e66086(big blind) showed [8h 6c] and won ($20) with Pair of Eights and Pair of Sixes
Seat 7: Hero folded before Flop (didn't bet)



Poker Hand #ring_987753772: NLH No Limit ($2/$4) - 2025/07/12 22:41:56
Table 'MR NLH 2/4' 7-max Seat #6 is the button
Seat 5: 11c618c3 ($454.04 in chips)
Seat 6: 11e66086 ($419.84 in chips)
Seat 7: Hero ($360.32 in chips)
Hero: posts small blind $2
11c618c3: posts big blind $4
*** HOLE CARDS ***
Dealt to 11c618c3 
Dealt to 11e66086 
Dealt to Hero [As Qs]
11e66086: folds
Hero: raises $6 to $10
11c618c3: calls $6
*** FLOP *** [Kd Qd 5d]
Hero: bets $10
11c618c3: calls $10
*** TURN *** [Kd Qd 5d] [7s]
Hero: bets $32
11c618c3: folds
Uncalled bet ($32) returned to Hero
*** SHOWDOWN ***
Hero collected $40 from pot
*** SUMMARY ***
Total pot $40
Board [Kd Qd 5d 7s]
Seat 5: 11c618c3(big blind) folded on the Turn
Seat 6: 11e66086 folded before Flop (didn't bet)
Seat 7: Hero(small blind)won ($40) with Pair of Queens



Poker Hand #ring_987753409: NLH No Limit ($2/$4) - 2025/07/12 22:41:43
Table 'MR NLH 2/4' 7-max Seat #5 is the button
Seat 5: 11c618c3 ($454.04 in chips)
Seat 6: 11e66086 ($421.84 in chips)
Seat 7: Hero ($358.32 in chips)
11e66086: posts small blind $2
Hero: posts big blind $4
*** HOLE CARDS ***
Dealt to 11c618c3 
Dealt to 11e66086 
Dealt to Hero [5c 7d]
11c618c3: folds
11e66086: folds
*** SHOWDOWN ***
Hero collected $6 from pot
*** SUMMARY ***
Total pot $6
Seat 5: 11c618c3 folded before Flop (didn't bet)
Seat 6: 11e66086(small blind) folded before Flop
Seat 7: Hero(big blind)won ($6)



Poker Hand #ring_987752831: NLH No Limit ($2/$4) - 2025/07/12 22:41:23
Table 'MR NLH 2/4' 7-max Seat #7 is the button
Seat 5: 11c618c3 ($450.04 in chips)
Seat 6: 11e66086 ($425.84 in chips)
Seat 7: Hero ($358.32 in chips)
11c618c3: posts small blind $2
11e66086: posts big blind $4
*** HOLE CARDS ***
Dealt to 11c618c3 
Dealt to 11e66086 
Dealt to Hero [8d 6h]
Hero: folds
11c618c3: raises $12 to $16
11e66086: folds
Uncalled bet ($12) returned to 11c618c3
*** SHOWDOWN ***
11c618c3 collected $8 from pot
*** SUMMARY ***
Total pot $8
Seat 5: 11c618c3(small blind)won ($8)
Seat 6: 11e66086(big blind) folded before Flop
Seat 7: Hero folded before Flop (didn't bet)



Poker Hand #ring_987752152: NLH No Limit ($2/$4) - 2025/07/12 22:41:00
Table 'MR NLH 2/4' 7-max Seat #6 is the button
Seat 5: 11c618c3 ($454.04 in chips)
Seat 6: 11e66086 ($425.84 in chips)
Seat 7: Hero ($354.32 in chips)
Hero: posts small blind $2
11c618c3: posts big blind $4
*** HOLE CARDS ***
Dealt to 11c618c3 
Dealt to 11e66086 
Dealt to Hero [Td Ad]
11e66086: folds
Hero: raises $8 to $12
11c618c3: folds
Uncalled bet ($8) returned to Hero
*** SHOWDOWN ***
Hero collected $8 from pot
*** SUMMARY ***
Total pot $8
Seat 5: 11c618c3(big blind) folded before Flop
Seat 6: 11e66086 folded before Flop (didn't bet)
Seat 7: Hero(small blind)won ($8)



Poker Hand #ring_987750150: NLH No Limit ($2/$4) - 2025/07/12 22:39:51
Table 'MR NLH 2/4' 7-max Seat #5 is the button
Seat 5: 11c618c3 ($454.04 in chips)
Seat 6: 11e66086 ($404 in chips)
Seat 7: Hero ($378.32 in chips)
11e66086: posts small blind $2
Hero: posts big blind $4
*** HOLE CARDS ***
Dealt to 11c618c3 
Dealt to 11e66086 
Dealt to Hero [2c As]
11c618c3: folds
11e66086: raises $8 to $12
Hero: calls $8
*** FLOP *** [2h 5s Th]
11e66086: bets $12
Hero: calls $12
*** TURN *** [2h 5s Th] [7c]
11e66086: checks
Hero: checks
*** RIVER *** [2h 5s Th 7c] [Kd]
11e66086: bets $24
Hero: folds
Uncalled bet ($24) returned to 11e66086
*** SHOWDOWN ***
11e66086 collected $48 from pot
*** SUMMARY ***
Total pot $48
Board [2h 5s Th 7c Kd]
Seat 5: 11c618c3 folded before Flop (didn't bet)
Seat 6: 11e66086(small blind)won ($48) with Pair of Tens
Seat 7: Hero(big blind) folded on the River



Poker Hand #ring_987749206: NLH No Limit ($2/$4) - 2025/07/12 22:39:18
Table 'MR NLH 2/4' 7-max Seat #7 is the button
Seat 5: 11c618c3 ($450.4 in chips)
Seat 6: 11e66086 ($408 in chips)
Seat 7: Hero ($378.32 in chips)
11c618c3: posts small blind $2
11e66086: posts big blind $4
*** HOLE CARDS ***
Dealt to 11c618c3 
Dealt to 11e66086 
Dealt to Hero [7d Qc]
Hero: folds
11c618c3: calls $2
11e66086: checks
*** FLOP *** [Th Ks 5d]
11c618c3: bets $6
11e66086: folds
Uncalled bet ($6) returned to 11c618c3
*** SHOWDOWN ***
11c618c3 collected $8 from pot
*** SUMMARY ***
Total pot $8
Board [Th Ks 5d]
Seat 5: 11c618c3(small blind)won ($8) with King-High
Seat 6: 11e66086(big blind) folded on the Flop
Seat 7: Hero folded before Flop (didn't bet)



Poker Hand #ring_987748235: NLH No Limit ($2/$4) - 2025/07/12 22:38:44
Table 'MR NLH 2/4' 7-max Seat #6 is the button
Seat 5: 11c618c3 ($460.4 in chips)
Seat 6: 11e66086 ($408 in chips)
Seat 7: Hero ($369.22 in chips)
Hero: posts small blind $2
11c618c3: posts big blind $4
*** HOLE CARDS ***
Dealt to 11c618c3 
Dealt to 11e66086 
Dealt to Hero [4d Ac]
11e66086: folds
Hero: raises $6 to $10
11c618c3: calls $6
*** FLOP *** [Qh As 3c]
Hero: bets $10
11c618c3: folds
Uncalled bet ($10) returned to Hero
*** SHOWDOWN ***
Hero collected $20 from pot
*** SUMMARY ***
Total pot $20
Board [Qh As 3c]
Seat 5: 11c618c3(big blind) folded on the Flop
Seat 6: 11e66086 folded before Flop (didn't bet)
Seat 7: Hero(small blind)won ($20) with Pair of Aces



Poker Hand #ring_987746743: NLH No Limit ($2/$4) - 2025/07/12 22:37:53
Table 'MR NLH 2/4' 7-max Seat #5 is the button
Seat 5: 11c618c3 ($460.4 in chips)
Seat 6: 11e66086 ($404 in chips)
Seat 7: Hero ($358.3 in chips)
11e66086: posts small blind $2
Hero: posts big blind $4
*** HOLE CARDS ***
Dealt to 11c618c3 
Dealt to 11e66086 
Dealt to Hero [8c Jd]
11c618c3: folds
11e66086: raises $8 to $12
Hero: calls $8
*** FLOP *** [9d 6d Kc]
11e66086: checks
Hero: checks
*** TURN *** [9d 6d Kc] [6h]
11e66086: checks
Hero: bets $12
11e66086: folds
Uncalled bet ($12) returned to Hero
*** SHOWDOWN ***
Hero collected $24 from pot
*** SUMMARY ***
Total pot $24
Board [9d 6d Kc 6h]
Seat 5: 11c618c3 folded before Flop (didn't bet)
Seat 6: 11e66086(small blind) folded on the Turn
Seat 7: Hero(big blind)won ($24) with Pair of Sixes



Poker Hand #ring_987746294: NLH No Limit ($2/$4) - 2025/07/12 22:37:39
Table 'MR NLH 2/4' 7-max Seat #7 is the button
Seat 5: 11c618c3 ($456.4 in chips)
Seat 6: 11e66086 ($408 in chips)
Seat 7: Hero ($358.3 in chips)
11c618c3: posts small blind $2
11e66086: posts big blind $4
*** HOLE CARDS ***
Dealt to 11c618c3 
Dealt to 11e66086 
Dealt to Hero [6s Jh]
Hero: folds
11c618c3: raises $8 to $12
11e66086: folds
Uncalled bet ($8) returned to 11c618c3
*** SHOWDOWN ***
11c618c3 collected $8 from pot
*** SUMMARY ***
Total pot $8
Seat 5: 11c618c3(small blind)won ($8)
Seat 6: 11e66086(big blind) folded before Flop
Seat 7: Hero folded before Flop (didn't bet)



Poker Hand #ring_987743680: NLH No Limit ($2/$4) - 2025/07/12 22:36:09
Table 'MR NLH 2/4' 7-max Seat #6 is the button
Seat 5: 11c618c3 ($409.08 in chips)
Seat 6: 11e66086 ($408 in chips)
Seat 7: Hero ($410.3 in chips)
Hero: posts small blind $2
11c618c3: posts big blind $4
*** HOLE CARDS ***
Dealt to 11c618c3 
Dealt to 11e66086 
Dealt to Hero [Ks 8h]
11e66086: folds
Hero: raises $6 to $10
11c618c3: calls $6
*** FLOP *** [9c Kd Jd]
Hero: bets $10
11c618c3: calls $10
*** TURN *** [9c Kd Jd] [7h]
Hero: bets $32
11c618c3: calls $32
*** RIVER *** [9c Kd Jd 7h] [6s]
Hero: checks
11c618c3: bets $104
Hero: folds
Uncalled bet ($104) returned to 11c618c3
*** SHOWDOWN ***
11c618c3 collected $104 from pot
*** SUMMARY ***
Total pot $104
Board [9c Kd Jd 7h 6s]
Seat 5: 11c618c3(big blind)won ($104) with Jacks-High Straight
Seat 6: 11e66086 folded before Flop (didn't bet)
Seat 7: Hero(small blind) folded on the River



Poker Hand #ring_987741918: NLH No Limit ($2/$4) - 2025/07/12 22:35:07
Table 'MR NLH 2/4' 7-max Seat #5 is the button
Seat 5: 11c618c3 ($429.08 in chips)
Seat 6: 11e66086 ($412 in chips)
Seat 7: Hero ($388.28 in chips)
11e66086: posts small blind $2
Hero: posts big blind $4
*** HOLE CARDS ***
Dealt to 11c618c3 
Dealt to 11e66086 
Dealt to Hero [Ad Td]
11c618c3: calls $4
11e66086: calls $2
Hero: raises $16 to $20
11c618c3: calls $16
11e66086: folds
*** FLOP *** [Ts 3d 3s]
Hero: checks
11c618c3: checks
*** TURN *** [Ts 3d 3s] [Qh]
Hero: checks
11c618c3: checks
*** RIVER *** [Ts 3d 3s Qh] [As]
Hero: bets $22
11c618c3: folds
Uncalled bet ($22) returned to Hero
*** SHOWDOWN ***
Hero collected $44 from pot
*** SUMMARY ***
Total pot $44
Board [Ts 3d 3s Qh As]
Seat 5: 11c618c3 folded on the River
Seat 6: 11e66086(small blind) folded before Flop
Seat 7: Hero(big blind)won ($44) with Pair of Aces and Pair of Tens



Poker Hand #ring_987740628: NLH No Limit ($2/$4) - 2025/07/12 22:34:23
Table 'MR NLH 2/4' 7-max Seat #7 is the button
Seat 5: 11c618c3 ($483.08 in chips)
Seat 6: 11e66086 ($416 in chips)
Seat 7: Hero ($335.32 in chips)
11c618c3: posts small blind $2
11e66086: posts big blind $4
*** HOLE CARDS ***
Dealt to 11c618c3 
Dealt to 11e66086 
Dealt to Hero [As Ac]
Hero: raises $8 to $12
11c618c3: calls $10
11e66086: folds
*** FLOP *** [8h Ts 5h]
11c618c3: bets $14
Hero: calls $14
*** TURN *** [8h Ts 5h] [7c]
11c618c3: bets $28
Hero: raises $89.6 to $117.6
11c618c3: folds
Uncalled bet ($89.6) returned to Hero
*** SHOWDOWN ***
Hero collected $112 from pot
*** SUMMARY ***
Total pot $112
Board [8h Ts 5h 7c]
Seat 5: 11c618c3(small blind) folded on the Turn
Seat 6: 11e66086(big blind) folded before Flop
Seat 7: Herowon ($112) with Pair of Aces



Poker Hand #ring_987739982: NLH No Limit ($2/$4) - 2025/07/12 22:34:02
Table 'MR NLH 2/4' 7-max Seat #6 is the button
Seat 5: 11c618c3 ($481.08 in chips)
Seat 6: 11e66086 ($416 in chips)
Seat 7: Hero ($337.32 in chips)
Hero: posts small blind $2
11c618c3: posts big blind $4
*** HOLE CARDS ***
Dealt to 11c618c3 
Dealt to 11e66086 
Dealt to Hero [Tc 5h]
11e66086: folds
Hero: folds
*** SHOWDOWN ***
11c618c3 collected $6 from pot
*** SUMMARY ***
Total pot $6
Seat 5: 11c618c3(big blind)won ($6)
Seat 6: 11e66086 folded before Flop (didn't bet)
Seat 7: Hero(small blind) folded before Flop



Poker Hand #ring_987739411: NLH No Limit ($2/$4) - 2025/07/12 22:33:42
Table 'MR NLH 2/4' 7-max Seat #5 is the button
Seat 5: 11c618c3 ($481.08 in chips)
Seat 6: 11e66086 ($412 in chips)
Seat 7: Hero ($341.32 in chips)
11e66086: posts small blind $2
Hero: posts big blind $4
*** HOLE CARDS ***
Dealt to 11c618c3 
Dealt to 11e66086 
Dealt to Hero [9d 4s]
11c618c3: folds
11e66086: raises $8 to $12
Hero: folds
Uncalled bet ($8) returned to 11e66086
*** SHOWDOWN ***
11e66086 collected $8 from pot
*** SUMMARY ***
Total pot $8
Seat 5: 11c618c3 folded before Flop (didn't bet)
Seat 6: 11e66086(small blind)won ($8)
Seat 7: Hero(big blind) folded before Flop



Poker Hand #ring_987738820: NLH No Limit ($2/$4) - 2025/07/12 22:33:23
Table 'MR NLH 2/4' 7-max Seat #7 is the button
Seat 5: 11c618c3 ($485.08 in chips)
Seat 6: 11e66086 ($408 in chips)
Seat 7: Hero ($341.32 in chips)
11c618c3: posts small blind $2
11e66086: posts big blind $4
*** HOLE CARDS ***
Dealt to 11c618c3 
Dealt to 11e66086 
Dealt to Hero [Qh 3s]
Hero: folds
11c618c3: calls $2
11e66086: raises $16 to $20
11c618c3: folds
Uncalled bet ($16) returned to 11e66086
*** SHOWDOWN ***
11e66086 collected $8 from pot
*** SUMMARY ***
Total pot $8
Seat 5: 11c618c3(small blind) folded before Flop
Seat 6: 11e66086(big blind)won ($8)
Seat 7: Hero folded before Flop (didn't bet)



Poker Hand #ring_987737894: NLH No Limit ($2/$4) - 2025/07/12 22:32:50
Table 'MR NLH 2/4' 7-max Seat #6 is the button
Seat 5: 11c618c3 ($522.68 in chips)
Seat 6: 11e66086 ($406 in chips)
Seat 7: Hero ($297.55 in chips)
Hero: posts small blind $2
11c618c3: posts big blind $4
*** HOLE CARDS ***
Dealt to 11c618c3 
Dealt to 11e66086 
Dealt to Hero [Ac Ks]
11e66086: raises $6 to $10
Hero: raises $27.6 to $37.6
11c618c3: calls $33.6
11e66086: folds
*** FLOP *** [Tc Jc Jd]
Hero: bets $25.56
11c618c3: folds
Uncalled bet ($25.56) returned to Hero
*** SHOWDOWN ***
Hero collected $85.2 from pot
*** SUMMARY ***
Total pot $85.2
Board [Tc Jc Jd]
Seat 5: 11c618c3(big blind) folded on the Flop
Seat 6: 11e66086 folded before Flop
Seat 7: Hero(small blind)won ($85.2) with Pair of Jacks



Poker Hand #ring_987736621: NLH No Limit ($2/$4) - 2025/07/12 22:32:07
Table 'MR NLH 2/4' 7-max Seat #5 is the button
Seat 5: 11c618c3 ($526.68 in chips)
Seat 6: 11e66086 ($408 in chips)
Seat 7: Hero ($292 in chips)
11e66086: posts small blind $2
Hero: posts big blind $4
*** HOLE CARDS ***
Dealt to 11c618c3 
Dealt to 11e66086 
Dealt to Hero [8h 3c]
11c618c3: calls $4
11e66086: folds
Hero: checks
*** FLOP *** [Ad Tc 8s]
Hero: checks
11c618c3: checks
*** TURN *** [Ad Tc 8s] [Jc]
Hero: checks
11c618c3: checks
*** RIVER *** [Ad Tc 8s Jc] [3h]
Hero: checks
11c618c3: checks
11c618c3: shows [4h Qc]
Hero: shows [8h 3c]
*** SHOWDOWN ***
Hero collected $10 from pot
*** SUMMARY ***
Total pot $10
Board [Ad Tc 8s Jc 3h]
Seat 5: 11c618c3 showed [4h Qc] and lost with Ace-High
Seat 6: 11e66086(small blind) folded before Flop
Seat 7: Hero(big blind) showed [8h 3c] and won ($10) with Pair of Eights and Pair of Treys



Poker Hand #ring_987735599: NLH No Limit ($2/$4) - 2025/07/12 22:31:32
Table 'MR NLH 2/4' 7-max Seat #7 is the button
Seat 5: 11c618c3 ($490.28 in chips)
Seat 6: 11e66086 ($408 in chips)
Seat 7: Hero ($292 in chips)
11c618c3: posts small blind $2
11e66086: posts big blind $4
*** HOLE CARDS ***
Dealt to 11c618c3 
Dealt to 11e66086 
Dealt to Hero [Kc 4d]
Hero: folds
11c618c3: calls $2
11e66086: raises $16 to $20
11c618c3: calls $16
*** FLOP *** [Qs Ac 8s]
11c618c3: checks
11e66086: bets $20
11c618c3: calls $20
*** TURN *** [Qs Ac 8s] [2h]
11c618c3: bets $40
11e66086: folds
Uncalled bet ($40) returned to 11c618c3
*** SHOWDOWN ***
11c618c3 collected $80 from pot
*** SUMMARY ***
Total pot $80
Board [Qs Ac 8s 2h]
Seat 5: 11c618c3(small blind)won ($80) with Pair of Aces and Pair of Eights
Seat 6: 11e66086(big blind) folded on the Turn
Seat 7: Hero folded before Flop (didn't bet)



Poker Hand #ring_987733869: NLH No Limit ($2/$4) - 2025/07/12 22:30:34
Table 'MR NLH 2/4' 7-max Seat #6 is the button
Seat 5: 11c618c3 ($348.23 in chips)
Seat 6: 11e66086 ($426.92 in chips)
Seat 7: Hero ($294 in chips)
Hero: posts small blind $2
11c618c3: posts big blind $4
*** HOLE CARDS ***
Dealt to 11c618c3 
Dealt to 11e66086 
Dealt to Hero [7d Qc]
11e66086: raises $6 to $10
Hero: folds
11c618c3: calls $6
*** FLOP *** [3d 2s 8c]
11c618c3: bets $16.5
11e66086: raises $39.5 to $56
11c618c3: calls $39.5
*** TURN *** [3d 2s 8c] [2c]
11c618c3: checks
11e66086: bets $88
11c618c3: calls $88
*** RIVER *** [3d 2s 8c 2c] [6s]
11c618c3: checks
11e66086: checks
11c618c3: shows [9s 9c]
11e66086: shows [8d Ks]
*** SHOWDOWN ***
11c618c3 collected $310 from pot
*** SUMMARY ***
Total pot $310
Board [3d 2s 8c 2c 6s]
Seat 5: 11c618c3(big blind) showed [9s 9c] and won ($310) with Pair of Nines and Pair of Twos
Seat 6: 11e66086 showed [8d Ks] and lost with Pair of Eights and Pair of Twos
Seat 7: Hero(small blind) folded before Flop



Poker Hand #ring_987733429: NLH No Limit ($2/$4) - 2025/07/12 22:30:20
Table 'MR NLH 2/4' 7-max Seat #5 is the button
Seat 5: 11c618c3 ($342.23 in chips)
Seat 6: 11e66086 ($428.92 in chips)
Seat 7: Hero ($298 in chips)
11e66086: posts small blind $2
Hero: posts big blind $4
*** HOLE CARDS ***
Dealt to 11c618c3 
Dealt to 11e66086 
Dealt to Hero [6c Qs]
11c618c3: raises $8 to $12
11e66086: folds
Hero: folds
Uncalled bet ($8) returned to 11c618c3
*** SHOWDOWN ***
11c618c3 collected $10 from pot
*** SUMMARY ***
Total pot $10
Seat 5: 11c618c3won ($10)
Seat 6: 11e66086(small blind) folded before Flop
Seat 7: Hero(big blind) folded before Flop



