Poker Hand #ring_962718259: NLH No Limit ($1/$2) - 2025/06/29 16:22:27
Table 'MR NLH 1/2' 7-max Seat #1 is the button
Seat 1: d3c7c271 ($198.74 in chips)
Seat 5: 7ce570ba ($202 in chips)
Seat 2: a948787 ($196.6 in chips)
Seat 6: Hero ($208.7 in chips)
a948787: posts small blind $1
7ce570ba: posts big blind $2
*** HOLE CARDS ***
Dealt to d3c7c271 
Dealt to 7ce570ba 
Dealt to a948787 
Dealt to Hero [Th 6c]
Hero: folds
d3c7c271: folds
a948787: raises $4 to $6
7ce570ba: folds
Uncalled bet ($4) returned to a948787
*** SHOWDOWN ***
a948787 collected $4 from pot
*** SUMMARY ***
Total pot $4
Seat 1: d3c7c271 folded before Flop (didn't bet)
Seat 5: 7ce570ba(big blind) folded before Flop
Seat 2: a948787(small blind)won ($4)
Seat 6: Hero folded before Flop (didn't bet)



Poker Hand #ring_962717780: NLH No Limit ($1/$2) - 2025/06/29 16:22:01
Table 'MR NLH 1/2' 7-max Seat #6 is the button
Seat 1: d3c7c271 ($199.74 in chips)
Seat 5: 7ce570ba ($199 in chips)
Seat 2: a948787 ($198.6 in chips)
Seat 6: Hero ($208.7 in chips)
d3c7c271: posts small blind $1
a948787: posts big blind $2
*** HOLE CARDS ***
Dealt to d3c7c271 
Dealt to 7ce570ba 
Dealt to a948787 
Dealt to Hero [8s 5d]
7ce570ba: raises $3 to $5
Hero: folds
d3c7c271: folds
a948787: folds
Uncalled bet ($3) returned to 7ce570ba
*** SHOWDOWN ***
7ce570ba collected $5 from pot
*** SUMMARY ***
Total pot $5
Seat 1: d3c7c271(small blind) folded before Flop
Seat 5: 7ce570bawon ($5)
Seat 2: a948787(big blind) folded before Flop
Seat 6: Hero folded before Flop (didn't bet)



Poker Hand #ring_962717247: NLH No Limit ($1/$2) - 2025/06/29 16:21:32
Table 'MR NLH 1/2' 7-max Seat #5 is the button
Seat 1: d3c7c271 ($203.74 in chips)
Seat 5: 7ce570ba ($199 in chips)
Seat 2: a948787 ($194 in chips)
Seat 6: Hero ($209.7 in chips)
Hero: posts small blind $1
d3c7c271: posts big blind $2
*** HOLE CARDS ***
Dealt to d3c7c271 
Dealt to 7ce570ba 
Dealt to a948787 
Dealt to Hero [2c 3c]
a948787: raises $2 to $4
7ce570ba: folds
Hero: folds
d3c7c271: calls $2
*** FLOP *** [3h Ac 7h]
d3c7c271: checks
a948787: bets $2.97
d3c7c271: folds
Uncalled bet ($2.97) returned to a948787
*** SHOWDOWN ***
a948787 collected $9 from pot
*** SUMMARY ***
Total pot $9
Board [3h Ac 7h]
Seat 1: d3c7c271(big blind) folded on the Flop
Seat 5: 7ce570ba folded before Flop (didn't bet)
Seat 2: a948787won ($9) with Ace-High
Seat 6: Hero(small blind) folded before Flop



Poker Hand #ring_962716850: NLH No Limit ($1/$2) - 2025/06/29 16:21:11
Table 'MR NLH 1/2' 7-max Seat #3 is the button
Seat 3: 72872c78 ($202.83 in chips)
Seat 1: d3c7c271 ($203.74 in chips)
Seat 5: 7ce570ba ($200 in chips)
Seat 2: a948787 ($191 in chips)
Seat 6: Hero ($211.7 in chips)
7ce570ba: posts small blind $1
Hero: posts big blind $2
*** HOLE CARDS ***
Dealt to 72872c78 
Dealt to d3c7c271 
Dealt to 7ce570ba 
Dealt to a948787 
Dealt to Hero [2c 6h]
d3c7c271: folds
a948787: raises $2 to $4
72872c78: folds
7ce570ba: folds
Hero: folds
Uncalled bet ($2) returned to a948787
*** SHOWDOWN ***
a948787 collected $5 from pot
*** SUMMARY ***
Total pot $5
Seat 3: 72872c78 folded before Flop (didn't bet)
Seat 1: d3c7c271 folded before Flop (didn't bet)
Seat 5: 7ce570ba(small blind) folded before Flop
Seat 2: a948787won ($5)
Seat 6: Hero(big blind) folded before Flop



Poker Hand #ring_962716304: NLH No Limit ($1/$2) - 2025/06/29 16:20:40
Table 'MR NLH 1/2' 7-max Seat #2 is the button
Seat 3: 72872c78 ($199.1 in chips)
Seat 1: d3c7c271 ($203.74 in chips)
Seat 5: 7ce570ba ($200 in chips)
Seat 2: a948787 ($191 in chips)
Seat 6: Hero ($213.7 in chips)
72872c78: posts small blind $1
7ce570ba: posts big blind $2
*** HOLE CARDS ***
Dealt to 72872c78 
Dealt to d3c7c271 
Dealt to 7ce570ba 
Dealt to a948787 
Dealt to Hero [6d Qs]
Hero: calls $2
d3c7c271: folds
a948787: folds
72872c78: calls $1
7ce570ba: checks
*** FLOP *** [Js 4s 8h]
72872c78: bets $4.5
7ce570ba: folds
Hero: folds
Uncalled bet ($4.5) returned to 72872c78
*** SHOWDOWN ***
72872c78 collected $6 from pot
*** SUMMARY ***
Total pot $6
Board [Js 4s 8h]
Seat 3: 72872c78(small blind)won ($6) with Jack-High
Seat 1: d3c7c271 folded before Flop (didn't bet)
Seat 5: 7ce570ba(big blind) folded on the Flop
Seat 2: a948787 folded before Flop (didn't bet)
Seat 6: Hero folded on the Flop



Poker Hand #ring_962715320: NLH No Limit ($1/$2) - 2025/06/29 16:19:44
Table 'MR NLH 1/2' 7-max Seat #1 is the button
Seat 3: 72872c78 ($201.1 in chips)
Seat 1: d3c7c271 ($192.92 in chips)
Seat 5: 7ce570ba ($199 in chips)
Seat 2: a948787 ($192 in chips)
Seat 6: Hero ($213.7 in chips)
a948787: posts small blind $1
72872c78: posts big blind $2
*** HOLE CARDS ***
Dealt to 72872c78 
Dealt to d3c7c271 
Dealt to 7ce570ba 
Dealt to a948787 
Dealt to Hero [6c Td]
7ce570ba: raises $3 to $5
Hero: folds
d3c7c271: calls $5
a948787: folds
72872c78: folds
*** FLOP *** [8s 2c 6h]
7ce570ba: bets $4.29
d3c7c271: calls $4.29
*** TURN *** [8s 2c 6h] [7c]
7ce570ba: checks
d3c7c271: bets $10.79
7ce570ba: folds
Uncalled bet ($10.79) returned to d3c7c271
*** SHOWDOWN ***
d3c7c271 collected $21.58 from pot
*** SUMMARY ***
Total pot $21.58
Board [8s 2c 6h 7c]
Seat 3: 72872c78(big blind) folded before Flop
Seat 1: d3c7c271won ($21.58) with Pair of Eights
Seat 5: 7ce570ba folded on the Turn
Seat 2: a948787(small blind) folded before Flop
Seat 6: Hero folded before Flop (didn't bet)



Poker Hand #ring_962714257: NLH No Limit ($1/$2) - 2025/06/29 16:18:44
Table 'MR NLH 1/2' 7-max Seat #7 is the button
Seat 3: 72872c78 ($151.14 in chips)
Seat 1: d3c7c271 ($193.92 in chips)
Seat 7: 9ee2f224 ($46 in chips)
Seat 5: 7ce570ba ($199 in chips)
Seat 2: a948787 ($194 in chips)
Seat 6: Hero ($219.7 in chips)
d3c7c271: posts small blind $1
a948787: posts big blind $2
*** HOLE CARDS ***
Dealt to 72872c78 
Dealt to d3c7c271 
Dealt to 9ee2f224 
Dealt to 7ce570ba 
Dealt to a948787 
Dealt to Hero [7s 6s]
*** FLOP *** [8c 9s Tc]
*** TURN *** [8c 9s Tc] [9c]
*** RIVER *** [8c 9s Tc 9c] [Ks]
a948787: shows [Jd Ts]
Hero: shows [7s 6s]
72872c78: calls $2
7ce570ba: folds
Hero: raises $4 to $6
9ee2f224: raises $40 to $46 and is all-in
d3c7c271: folds
a948787: folds
72872c78: raises $105.14 to $151.14 and is all-in
Hero: folds
Uncalled bet ($105.14) returned to 72872c78
72872c78: shows [Ad Kh]
9ee2f224: shows [5c 5d]
*** SHOWDOWN ***
72872c78 collected $101 from pot
*** SUMMARY ***
Total pot $101
Board [8c 9s Tc 9c Ks]
Seat 3: 72872c78 showed [Ad Kh] and won ($101) with Pair of Kings and Pair of Nines
Seat 1: d3c7c271(small blind) folded before Flop
Seat 7: 9ee2f224 showed [5c 5d] and lost with Pair of Nines and Pair of Fives
Seat 5: 7ce570ba folded before Flop (didn't bet)
Seat 2: a948787(big blind) folded before Flop
Seat 6: Hero folded before Flop



Poker Hand #ring_962713490: NLH No Limit ($1/$2) - 2025/06/29 16:18:00
Table 'MR NLH 1/2' 7-max Seat #6 is the button
Seat 3: 72872c78 ($157.14 in chips)
Seat 1: d3c7c271 ($195.92 in chips)
Seat 7: 9ee2f224 ($52 in chips)
Seat 5: 7ce570ba ($199 in chips)
Seat 2: a948787 ($200 in chips)
Seat 6: Hero ($201.37 in chips)
9ee2f224: posts small blind $1
d3c7c271: posts big blind $2
a948787: posts big blind $2
*** HOLE CARDS ***
Dealt to 72872c78 
Dealt to d3c7c271 
Dealt to 9ee2f224 
Dealt to 7ce570ba 
Dealt to a948787 
Dealt to Hero [7s As]
a948787: checks
72872c78: raises $4 to $6
7ce570ba: folds
Hero: calls $6
9ee2f224: calls $5
d3c7c271: folds
a948787: calls $4
*** FLOP *** [Jc 6s 6d]
9ee2f224: checks
a948787: checks
72872c78: checks
Hero: bets $13
9ee2f224: folds
a948787: folds
72872c78: folds
Uncalled bet ($13) returned to Hero
*** SHOWDOWN ***
Hero collected $26 from pot
*** SUMMARY ***
Total pot $26
Board [Jc 6s 6d]
Seat 3: 72872c78 folded on the Flop
Seat 1: d3c7c271(big blind) folded before Flop
Seat 7: 9ee2f224(small blind) folded on the Flop
Seat 5: 7ce570ba folded before Flop (didn't bet)
Seat 2: a948787 folded on the Flop
Seat 6: Herowon ($26) with Pair of Sixes



Poker Hand #ring_962713190: NLH No Limit ($1/$2) - 2025/06/29 16:17:44
Table 'MR NLH 1/2' 7-max Seat #5 is the button
Seat 3: 72872c78 ($157.14 in chips)
Seat 1: d3c7c271 ($195.92 in chips)
Seat 7: 9ee2f224 ($51 in chips)
Seat 5: 7ce570ba ($199 in chips)
Seat 6: Hero ($202.37 in chips)
Hero: posts small blind $1
9ee2f224: posts big blind $2
*** HOLE CARDS ***
Dealt to 72872c78 
Dealt to d3c7c271 
Dealt to 9ee2f224 
Dealt to 7ce570ba 
Dealt to Hero [9s Qd]
d3c7c271: folds
72872c78: folds
7ce570ba: folds
Hero: folds
*** SHOWDOWN ***
9ee2f224 collected $3 from pot
*** SUMMARY ***
Total pot $3
Seat 3: 72872c78 folded before Flop (didn't bet)
Seat 1: d3c7c271 folded before Flop (didn't bet)
Seat 7: 9ee2f224(big blind)won ($3)
Seat 5: 7ce570ba folded before Flop (didn't bet)
Seat 6: Hero(small blind) folded before Flop



Poker Hand #ring_962712863: NLH No Limit ($1/$2) - 2025/06/29 16:17:25
Table 'MR NLH 1/2' 7-max Seat #0 is the button
Seat 3: 72872c78 ($157.14 in chips)
Seat 1: d3c7c271 ($195.92 in chips)
Seat 7: 9ee2f224 ($48 in chips)
Seat 5: 7ce570ba ($200 in chips)
Seat 6: Hero ($204.37 in chips)
7ce570ba: posts small blind $1
Hero: posts big blind $2
*** HOLE CARDS ***
Dealt to 72872c78 
Dealt to d3c7c271 
Dealt to 9ee2f224 
Dealt to 7ce570ba 
Dealt to Hero [9c 4h]
9ee2f224: raises $2 to $4
d3c7c271: folds
72872c78: folds
7ce570ba: folds
Hero: folds
Uncalled bet ($2) returned to 9ee2f224
*** SHOWDOWN ***
9ee2f224 collected $5 from pot
*** SUMMARY ***
Total pot $5
Seat 3: 72872c78 folded before Flop (didn't bet)
Seat 1: d3c7c271 folded before Flop (didn't bet)
Seat 7: 9ee2f224won ($5)
Seat 5: 7ce570ba(small blind) folded before Flop
Seat 6: Hero(big blind) folded before Flop



Poker Hand #ring_962712002: NLH No Limit ($1/$2) - 2025/06/29 16:16:35
Table 'MR NLH 1/2' 7-max Seat #3 is the button
Seat 3: 72872c78 ($155.32 in chips)
Seat 1: d3c7c271 ($195.92 in chips)
Seat 7: 9ee2f224 ($48 in chips)
Seat 5: 7ce570ba ($200 in chips)
Seat 6: Hero ($204.37 in chips)
7ce570ba: posts big blind $2
*** HOLE CARDS ***
Dealt to 72872c78 
Dealt to d3c7c271 
Dealt to 9ee2f224 
Dealt to 7ce570ba 
Dealt to Hero [5c 8s]
Hero: folds
9ee2f224: folds
d3c7c271: folds
72872c78: calls $2
7ce570ba: checks
*** FLOP *** [Kc 2d Ks]
7ce570ba: checks
72872c78: checks
*** TURN *** [Kc 2d Ks] [Tc]
7ce570ba: checks
72872c78: checks
*** RIVER *** [Kc 2d Ks Tc] [2c]
7ce570ba: checks
72872c78: checks
72872c78: shows [7d Ah]
7ce570ba: shows [3h 9c]
*** SHOWDOWN ***
72872c78 collected $4 from pot
*** SUMMARY ***
Total pot $4
Board [Kc 2d Ks Tc 2c]
Seat 3: 72872c78 showed [7d Ah] and won ($4) with Pair of Kings and Pair of Twos
Seat 1: d3c7c271 folded before Flop (didn't bet)
Seat 7: 9ee2f224 folded before Flop (didn't bet)
Seat 5: 7ce570ba(big blind) showed [3h 9c] and lost with Pair of Kings and Pair of Twos
Seat 6: Hero folded before Flop (didn't bet)



Poker Hand #ring_962710991: NLH No Limit ($1/$2) - 2025/06/29 16:15:34
Table 'MR NLH 1/2' 7-max Seat #0 is the button
Seat 3: 72872c78 ($113.87 in chips)
Seat 1: d3c7c271 ($195.92 in chips)
Seat 7: 9ee2f224 ($92 in chips)
Seat 5: 7ce570ba ($200 in chips)
Seat 6: Hero ($204.37 in chips)
Seat 4: 48e358b5 ($170.51 in chips)
72872c78: posts small blind $1
48e358b5: posts big blind $2
*** HOLE CARDS ***
Dealt to 72872c78 
Dealt to d3c7c271 
Dealt to 9ee2f224 
Dealt to 7ce570ba 
Dealt to Hero [Qd 4s]
Dealt to 48e358b5 
7ce570ba: folds
Hero: folds
9ee2f224: raises $6 to $8
d3c7c271: folds
72872c78: raises $13.5 to $21.5
48e358b5: folds
9ee2f224: calls $13.5
*** FLOP *** [2h Td 4c]
72872c78: bets $22.5
9ee2f224: calls $22.5
*** TURN *** [2h Td 4c] [Kc]
72872c78: bets $69.87 and is all-in
9ee2f224: folds
Uncalled bet ($69.87) returned to 72872c78
*** SHOWDOWN ***
72872c78 collected $90 from pot
*** SUMMARY ***
Total pot $90
Board [2h Td 4c Kc]
Seat 3: 72872c78(small blind)won ($90) with Pair of Tens
Seat 1: d3c7c271 folded before Flop (didn't bet)
Seat 7: 9ee2f224 folded on the Turn
Seat 5: 7ce570ba folded before Flop (didn't bet)
Seat 6: Hero folded before Flop (didn't bet)
Seat 4: 48e358b5(big blind) folded before Flop



Poker Hand #ring_962710253: NLH No Limit ($1/$2) - 2025/06/29 16:14:52
Table 'MR NLH 1/2' 7-max Seat #1 is the button
Seat 3: 72872c78 ($115.87 in chips)
Seat 1: d3c7c271 ($186.73 in chips)
Seat 7: 9ee2f224 ($100 in chips)
Seat 5: 7ce570ba ($200 in chips)
Seat 6: Hero ($204.37 in chips)
Seat 4: 48e358b5 ($170.51 in chips)
72872c78: posts big blind $2
9ee2f224: posts big blind $2
*** HOLE CARDS ***
Dealt to 72872c78 
Dealt to d3c7c271 
Dealt to 9ee2f224 
Dealt to 7ce570ba 
Dealt to Hero [8d Jc]
Dealt to 48e358b5 
48e358b5: folds
7ce570ba: folds
Hero: folds
9ee2f224: checks
d3c7c271: raises $6 to $8
72872c78: folds
9ee2f224: calls $6
*** FLOP *** [Ac Kh 5s]
9ee2f224: checks
d3c7c271: bets $5.94
9ee2f224: folds
Uncalled bet ($5.94) returned to d3c7c271
*** SHOWDOWN ***
d3c7c271 collected $18 from pot
*** SUMMARY ***
Total pot $18
Board [Ac Kh 5s]
Seat 3: 72872c78(big blind) folded before Flop
Seat 1: d3c7c271won ($18) with Pair of Treys
Seat 7: 9ee2f224 folded on the Flop
Seat 5: 7ce570ba folded before Flop (didn't bet)
Seat 6: Hero folded before Flop (didn't bet)
Seat 4: 48e358b5 folded before Flop (didn't bet)



Poker Hand #ring_962709782: NLH No Limit ($1/$2) - 2025/06/29 16:14:25
Table 'MR NLH 1/2' 7-max Seat #6 is the button
Seat 3: 72872c78 ($115.87 in chips)
Seat 1: d3c7c271 ($192.73 in chips)
Seat 2: ca746ee7 ($225 in chips)
Seat 5: 7ce570ba ($200 in chips)
Seat 6: Hero ($197 in chips)
Seat 4: 48e358b5 ($170.51 in chips)
d3c7c271: posts small blind $1
ca746ee7: posts big blind $2
*** HOLE CARDS ***
Dealt to 72872c78 
Dealt to d3c7c271 
Dealt to ca746ee7 
Dealt to 7ce570ba 
Dealt to Hero [5h 6h]
Dealt to 48e358b5 
72872c78: folds
48e358b5: folds
7ce570ba: folds
Hero: raises $4 to $6
d3c7c271: calls $5
ca746ee7: folds
*** FLOP *** [3s 2d 8h]
d3c7c271: checks
Hero: bets $7
d3c7c271: folds
Uncalled bet ($7) returned to Hero
*** SHOWDOWN ***
Hero collected $14 from pot
*** SUMMARY ***
Total pot $14
Board [3s 2d 8h]
Seat 3: 72872c78 folded before Flop (didn't bet)
Seat 1: d3c7c271(small blind) folded on the Flop
Seat 2: ca746ee7(big blind) folded before Flop
Seat 5: 7ce570ba folded before Flop (didn't bet)
Seat 6: Herowon ($14) with Eight-High
Seat 4: 48e358b5 folded before Flop (didn't bet)



Poker Hand #ring_962708998: NLH No Limit ($1/$2) - 2025/06/29 16:13:40
Table 'MR NLH 1/2' 7-max Seat #5 is the button
Seat 3: 72872c78 ($129.37 in chips)
Seat 1: d3c7c271 ($194.73 in chips)
Seat 2: ca746ee7 ($225 in chips)
Seat 5: 7ce570ba ($200 in chips)
Seat 6: Hero ($198 in chips)
Seat 4: 48e358b5 ($155.86 in chips)
Hero: posts small blind $1
d3c7c271: posts big blind $2
*** HOLE CARDS ***
Dealt to 72872c78 
Dealt to d3c7c271 
Dealt to ca746ee7 
Dealt to 7ce570ba 
Dealt to Hero [8h 2s]
Dealt to 48e358b5 
ca746ee7: folds
72872c78: raises $4 to $6
48e358b5: calls $6
7ce570ba: folds
Hero: folds
d3c7c271: folds
*** FLOP *** [2h 7d 6s]
72872c78: checks
48e358b5: bets $7.5
72872c78: calls $7.5
*** TURN *** [2h 7d 6s] [6c]
72872c78: checks
48e358b5: bets $24
72872c78: folds
Uncalled bet ($24) returned to 48e358b5
*** SHOWDOWN ***
48e358b5 collected $30 from pot
*** SUMMARY ***
Total pot $30
Board [2h 7d 6s 6c]
Seat 3: 72872c78 folded on the Turn
Seat 1: d3c7c271(big blind) folded before Flop
Seat 2: ca746ee7 folded before Flop (didn't bet)
Seat 5: 7ce570ba folded before Flop (didn't bet)
Seat 6: Hero(small blind) folded before Flop
Seat 4: 48e358b5won ($30) with Pair of Sevens and Pair of Sixes



Poker Hand #ring_962708123: NLH No Limit ($1/$2) - 2025/06/29 16:12:50
Table 'MR NLH 1/2' 7-max Seat #4 is the button
Seat 3: 72872c78 ($98.84 in chips)
Seat 1: d3c7c271 ($194.73 in chips)
Seat 2: ca746ee7 ($225 in chips)
Seat 5: 7ce570ba ($200 in chips)
Seat 6: Hero ($200 in chips)
Seat 4: 48e358b5 ($155.86 in chips)
7ce570ba: posts small blind $1
Hero: posts big blind $2
*** HOLE CARDS ***
Dealt to 72872c78 
Dealt to d3c7c271 
Dealt to ca746ee7 
Dealt to 7ce570ba 
Dealt to Hero [5s 3h]
Dealt to 48e358b5 
d3c7c271: folds
ca746ee7: folds
72872c78: raises $4 to $6
48e358b5: folds
7ce570ba: raises $18 to $24
Hero: folds
72872c78: calls $18
*** FLOP *** [Qd 6h 3d]
7ce570ba: bets $8
72872c78: raises $33 to $41
7ce570ba: folds
Uncalled bet ($33) returned to 72872c78
*** SHOWDOWN ***
72872c78 collected $66 from pot
*** SUMMARY ***
Total pot $66
Board [Qd 6h 3d]
Seat 3: 72872c78won ($66) with Pair of Queens and Pair of Treys
Seat 1: d3c7c271 folded before Flop (didn't bet)
Seat 2: ca746ee7 folded before Flop (didn't bet)
Seat 5: 7ce570ba(small blind) folded on the Flop
Seat 6: Hero(big blind) folded before Flop
Seat 4: 48e358b5 folded before Flop (didn't bet)



