Poker Hand #ring_912936943: NLH No Limit ($1/$2) - 2025/06/02 18:37:31
Table 'MR NLH BOMBPOT 1/2' 7-max Seat #5 is the button
Seat 7: be8d56b ($261 in chips)
Seat 4: 16ba9729 ($439.95 in chips)
Seat 6: 804bd4ad ($401.83 in chips)
Seat 3: cf93eedf ($110.79 in chips)
Seat 2: 5ad0af16 ($235.91 in chips)
Seat 5: 28aea9d7 ($399 in chips)
Seat 1: Hero ($236.77 in chips)
804bd4ad: posts small blind $1
be8d56b: posts big blind $2
*** HOLE CARDS ***
Dealt to be8d56b 
Dealt to 16ba9729 
Dealt to 804bd4ad 
Dealt to cf93eedf 
Dealt to 5ad0af16 
Dealt to 28aea9d7 
Dealt to Hero [Ts 7h]
Hero: folds
5ad0af16: folds
cf93eedf: raises $2 to $4
16ba9729: calls $4
28aea9d7: folds
804bd4ad: raises $20 to $24
be8d56b: raises $56 to $80
cf93eedf: folds
16ba9729: folds
804bd4ad: folds
Uncalled bet ($56) returned to be8d56b
*** SHOWDOWN ***
be8d56b collected $56 from pot
*** SUMMARY ***
Total pot $56
Seat 7: be8d56b(big blind)won ($56)
Seat 4: 16ba9729 folded before Flop
Seat 6: 804bd4ad(small blind) folded before Flop
Seat 3: cf93eedf folded before Flop
Seat 2: 5ad0af16 folded before Flop (didn't bet)
Seat 5: 28aea9d7 folded before Flop (didn't bet)
Seat 1: Hero folded before Flop (didn't bet)



Poker Hand #ring_912935776: NLH No Limit ($1/$2) - 2025/06/02 18:36:40
Table 'MR NLH BOMBPOT 1/2' 7-max Seat #4 is the button
Seat 7: be8d56b ($261 in chips)
Seat 4: 16ba9729 ($445.95 in chips)
Seat 6: 804bd4ad ($407.83 in chips)
Seat 3: cf93eedf ($110.79 in chips)
Seat 2: 5ad0af16 ($235.91 in chips)
Seat 5: 28aea9d7 ($400 in chips)
Seat 1: Hero ($224.62 in chips)
28aea9d7: posts small blind $1
804bd4ad: posts big blind $2
*** HOLE CARDS ***
Dealt to be8d56b 
Dealt to 16ba9729 
Dealt to 804bd4ad 
Dealt to cf93eedf 
Dealt to 5ad0af16 
Dealt to 28aea9d7 
Dealt to Hero [Ac Qs]
be8d56b: folds
Hero: raises $4 to $6
5ad0af16: folds
cf93eedf: folds
16ba9729: calls $6
28aea9d7: folds
804bd4ad: calls $4
*** FLOP *** [3h Jh As]
804bd4ad: checks
Hero: bets $9.5
16ba9729: folds
804bd4ad: folds
Uncalled bet ($9.5) returned to Hero
*** SHOWDOWN ***
Hero collected $19 from pot
*** SUMMARY ***
Total pot $19
Board [3h Jh As]
Seat 7: be8d56b folded before Flop (didn't bet)
Seat 4: 16ba9729 folded on the Flop
Seat 6: 804bd4ad(big blind) folded on the Flop
Seat 3: cf93eedf folded before Flop (didn't bet)
Seat 2: 5ad0af16 folded before Flop (didn't bet)
Seat 5: 28aea9d7(small blind) folded before Flop
Seat 1: Herowon ($19) with Pair of Aces



Poker Hand #ring_912934908: NLH No Limit ($1/$2) - 2025/06/02 18:36:02
Table 'MR NLH BOMBPOT 1/2' 7-max Seat #3 is the button
Seat 7: be8d56b ($261 in chips)
Seat 4: 16ba9729 ($446.95 in chips)
Seat 6: 804bd4ad ($412.83 in chips)
Seat 3: cf93eedf ($102.79 in chips)
Seat 2: 5ad0af16 ($235.91 in chips)
Seat 5: 28aea9d7 ($400 in chips)
Seat 1: Hero ($224.62 in chips)
16ba9729: posts small blind $1
28aea9d7: posts big blind $2
*** HOLE CARDS ***
Dealt to be8d56b 
Dealt to 16ba9729 
Dealt to 804bd4ad 
Dealt to cf93eedf 
Dealt to 5ad0af16 
Dealt to 28aea9d7 
Dealt to Hero [Jc Ah]
804bd4ad: raises $3 to $5
be8d56b: folds
Hero: folds
5ad0af16: folds
cf93eedf: raises $13 to $18
16ba9729: folds
28aea9d7: folds
804bd4ad: folds
Uncalled bet ($13) returned to cf93eedf
*** SHOWDOWN ***
cf93eedf collected $13 from pot
*** SUMMARY ***
Total pot $13
Seat 7: be8d56b folded before Flop (didn't bet)
Seat 4: 16ba9729(small blind) folded before Flop
Seat 6: 804bd4ad folded before Flop
Seat 3: cf93eedfwon ($13)
Seat 2: 5ad0af16 folded before Flop (didn't bet)
Seat 5: 28aea9d7(big blind) folded before Flop
Seat 1: Hero folded before Flop (didn't bet)



Poker Hand #ring_912933928: NLH No Limit ($1/$2) - 2025/06/02 18:35:18
Table 'MR NLH BOMBPOT 1/2' 7-max Seat #2 is the button
Seat 7: be8d56b ($261 in chips)
Seat 4: 16ba9729 ($448.95 in chips)
Seat 6: 804bd4ad ($400 in chips)
Seat 3: cf93eedf ($103.79 in chips)
Seat 2: 5ad0af16 ($235.91 in chips)
Seat 1: Hero ($236.12 in chips)
cf93eedf: posts small blind $1
16ba9729: posts big blind $2
*** HOLE CARDS ***
Dealt to be8d56b 
Dealt to 16ba9729 
Dealt to 804bd4ad 
Dealt to cf93eedf 
Dealt to 5ad0af16 
Dealt to Hero [4c 4h]
804bd4ad: raises $3 to $5
be8d56b: folds
Hero: calls $5
5ad0af16: folds
cf93eedf: folds
16ba9729: folds
*** FLOP *** [Kh 8c Jd]
804bd4ad: bets $6.5
Hero: calls $6.5
*** TURN *** [Kh 8c Jd] [3s]
804bd4ad: bets $19.5
Hero: folds
Uncalled bet ($19.5) returned to 804bd4ad
*** SHOWDOWN ***
804bd4ad collected $26 from pot
*** SUMMARY ***
Total pot $26
Board [Kh 8c Jd 3s]
Seat 7: be8d56b folded before Flop (didn't bet)
Seat 4: 16ba9729(big blind) folded before Flop
Seat 6: 804bd4adwon ($26) with Pair of Kings
Seat 3: cf93eedf(small blind) folded before Flop
Seat 2: 5ad0af16 folded before Flop (didn't bet)
Seat 1: Hero folded on the Turn



Poker Hand #ring_912932444: NLH No Limit ($1/$2) - 2025/06/02 18:34:10
Table 'MR NLH BOMBPOT 1/2' 7-max Seat #1 is the button
Seat 7: be8d56b ($261 in chips)
Seat 4: 16ba9729 ($448.95 in chips)
Seat 6: 804bd4ad ($400 in chips)
Seat 3: cf93eedf ($105.79 in chips)
Seat 2: 5ad0af16 ($181.04 in chips)
Seat 1: Hero ($289.62 in chips)
5ad0af16: posts small blind $1
cf93eedf: posts big blind $2
*** HOLE CARDS ***
Dealt to be8d56b 
Dealt to 16ba9729 
Dealt to 804bd4ad 
Dealt to cf93eedf 
Dealt to 5ad0af16 
Dealt to Hero [5d 4d]
16ba9729: folds
804bd4ad: raises $3 to $5
be8d56b: folds
Hero: calls $5
5ad0af16: raises $20 to $25
cf93eedf: folds
804bd4ad: folds
Hero: calls $20
*** FLOP *** [Qc 6d 4h]
5ad0af16: bets $28.5
Hero: calls $28.5
*** TURN *** [Qc 6d 4h] [Qd]
5ad0af16: checks
Hero: checks
*** RIVER *** [Qc 6d 4h Qd] [9s]
5ad0af16: checks
Hero: checks
Hero: shows [5d 4d]
5ad0af16: shows [6s 6c]
*** SHOWDOWN ***
5ad0af16 collected $114 from pot
*** SUMMARY ***
Total pot $114
Board [Qc 6d 4h Qd 9s]
Seat 7: be8d56b folded before Flop (didn't bet)
Seat 4: 16ba9729 folded before Flop (didn't bet)
Seat 6: 804bd4ad folded before Flop
Seat 3: cf93eedf(big blind) folded before Flop
Seat 2: 5ad0af16(small blind) showed [6s 6c] and won ($114) with Sixes Full over Queens
Seat 1: Hero showed [5d 4d] and lost with Pair of Queens and Pair of Fours



Poker Hand #ring_912931104: NLH No Limit ($1/$2) - 2025/06/02 18:33:11
Table 'MR NLH BOMBPOT 1/2' 7-max Seat #7 is the button
Seat 7: be8d56b ($261 in chips)
Seat 4: 16ba9729 ($448.95 in chips)
Seat 6: 804bd4ad ($400 in chips)
Seat 2: 5ad0af16 ($200.2 in chips)
Seat 1: Hero ($228.23 in chips)
Hero: posts small blind $1
5ad0af16: posts big blind $2
*** HOLE CARDS ***
Dealt to be8d56b 
Dealt to 16ba9729 
Dealt to 804bd4ad 
Dealt to 5ad0af16 
Dealt to Hero [Jh Js]
16ba9729: folds
804bd4ad: raises $3 to $5
be8d56b: folds
Hero: raises $14.16 to $19.16
5ad0af16: calls $17.16
804bd4ad: calls $14.16
*** FLOP *** [Qh 5h 8d]
Hero: bets $28.74
5ad0af16: folds
804bd4ad: calls $28.74
*** TURN *** [Qh 5h 8d] [7h]
Hero: bets $57.48
804bd4ad: folds
Uncalled bet ($57.48) returned to Hero
*** SHOWDOWN ***
Hero collected $114.96 from pot
*** SUMMARY ***
Total pot $114.96
Board [Qh 5h 8d 7h]
Seat 7: be8d56b folded before Flop (didn't bet)
Seat 4: 16ba9729 folded before Flop (didn't bet)
Seat 6: 804bd4ad folded on the Turn
Seat 2: 5ad0af16(big blind) folded on the Flop
Seat 1: Hero(small blind)won ($114.96) with Pair of Jacks



Poker Hand #ring_912930415: NLH No Limit ($1/$2) - 2025/06/02 18:32:39
Table 'MR NLH BOMBPOT 1/2' 7-max Seat #6 is the button
Seat 7: be8d56b ($262 in chips)
Seat 4: 16ba9729 ($454.25 in chips)
Seat 6: 804bd4ad ($400 in chips)
Seat 2: 5ad0af16 ($200.2 in chips)
Seat 1: Hero ($221.93 in chips)
be8d56b: posts small blind $1
Hero: posts big blind $2
*** HOLE CARDS ***
Dealt to be8d56b 
Dealt to 16ba9729 
Dealt to 804bd4ad 
Dealt to 5ad0af16 
Dealt to Hero [Ks Ah]
5ad0af16: folds
16ba9729: raises $3.3 to $5.3
804bd4ad: folds
be8d56b: folds
Hero: raises $13.7 to $19
16ba9729: folds
Uncalled bet ($13.7) returned to Hero
*** SHOWDOWN ***
Hero collected $11.6 from pot
*** SUMMARY ***
Total pot $11.6
Seat 7: be8d56b(small blind) folded before Flop
Seat 4: 16ba9729 folded before Flop
Seat 6: 804bd4ad folded before Flop (didn't bet)
Seat 2: 5ad0af16 folded before Flop (didn't bet)
Seat 1: Hero(big blind)won ($11.6)



Poker Hand #ring_912929382: NLH No Limit ($1/$2) - 2025/06/02 18:31:54
Table 'MR NLH BOMBPOT 1/2' 7-max Seat #4 is the button
Seat 7: be8d56b ($272 in chips)
Seat 4: 16ba9729 ($464.25 in chips)
Seat 6: 804bd4ad ($400 in chips)
Seat 3: cf93eedf ($74.17 in chips)
Seat 2: 5ad0af16 ($95 in chips)
Seat 1: Hero ($231.93 in chips)
804bd4ad: posts the ante $10
be8d56b: posts the ante $10
Hero: posts the ante $10
5ad0af16: posts the ante $10
cf93eedf: posts the ante $10
16ba9729: posts the ante $10
*** HOLE CARDS ***
Dealt to be8d56b 
Dealt to 16ba9729 
Dealt to 804bd4ad 
Dealt to cf93eedf 
Dealt to 5ad0af16 
Dealt to Hero [4s 9s]
*** FLOP *** [Qh Ts 5h]
804bd4ad: checks
be8d56b: checks
Hero: checks
5ad0af16: bets $30
cf93eedf: raises $34.17 to $64.17 and is all-in
16ba9729: folds
804bd4ad: folds
be8d56b: folds
Hero: folds
5ad0af16: calls $34.17
5ad0af16: shows [Jc Qc] (Pair of Queens)
cf93eedf: shows [Qs 2h] (Pair of Queens)
*** TURN *** [Qh Ts 5h] [Ad]
*** RIVER *** [Qh Ts 5h Ad] [Qd]
*** SHOWDOWN ***
5ad0af16 collected $188.34 from pot
*** SUMMARY ***
Total pot $188.34
Board [Qh Ts 5h Ad Qd]
Seat 7: be8d56b(big blind) folded on the Flop
Seat 4: 16ba9729 folded on the Flop
Seat 6: 804bd4ad(small blind) folded on the Flop
Seat 3: cf93eedf showed [Qs 2h] and lost with Three Queens
Seat 2: 5ad0af16 showed [Jc Qc] and won ($188.34) with Three Queens
Seat 1: Hero folded on the Flop



Poker Hand #ring_912927239: NLH No Limit ($1/$2) - 2025/06/02 18:30:17
Table 'MR NLH BOMBPOT 1/2' 7-max Seat #3 is the button
Seat 4: 16ba9729 ($425.98 in chips)
Seat 6: 804bd4ad ($405.72 in chips)
Seat 3: cf93eedf ($74.17 in chips)
Seat 2: 5ad0af16 ($97 in chips)
Seat 1: Hero ($231.93 in chips)
16ba9729: posts small blind $1
804bd4ad: posts big blind $2
*** HOLE CARDS ***
Dealt to 16ba9729 
Dealt to 804bd4ad 
Dealt to cf93eedf 
Dealt to 5ad0af16 
Dealt to Hero [7d Tc]
Hero: folds
5ad0af16: calls $2
cf93eedf: folds
16ba9729: raises $6 to $8
804bd4ad: raises $16 to $24
5ad0af16: folds
16ba9729: calls $16
*** FLOP *** [5d Jc 2s]
16ba9729: checks
804bd4ad: bets $16.5
16ba9729: calls $16.5
*** TURN *** [5d Jc 2s] [Qs]
16ba9729: checks
804bd4ad: checks
*** RIVER *** [5d Jc 2s Qs] [Ah]
16ba9729: checks
804bd4ad: checks
16ba9729: shows [Kc Ac]
804bd4ad: shows [Qc Ts]
*** SHOWDOWN ***
16ba9729 collected $83 from pot
*** SUMMARY ***
Total pot $83
Board [5d Jc 2s Qs Ah]
Seat 4: 16ba9729(small blind) showed [Kc Ac] and won ($83) with Pair of Aces
Seat 6: 804bd4ad(big blind) showed [Qc Ts] and lost with Pair of Queens
Seat 3: cf93eedf folded before Flop (didn't bet)
Seat 2: 5ad0af16 folded before Flop
Seat 1: Hero folded before Flop (didn't bet)



Poker Hand #ring_912926526: NLH No Limit ($1/$2) - 2025/06/02 18:29:45
Table 'MR NLH BOMBPOT 1/2' 7-max Seat #2 is the button
Seat 4: 16ba9729 ($427.98 in chips)
Seat 6: 804bd4ad ($405.72 in chips)
Seat 3: cf93eedf ($75.17 in chips)
Seat 2: 5ad0af16 ($97 in chips)
Seat 1: Hero ($228.93 in chips)
cf93eedf: posts small blind $1
16ba9729: posts big blind $2
*** HOLE CARDS ***
Dealt to 16ba9729 
Dealt to 804bd4ad 
Dealt to cf93eedf 
Dealt to 5ad0af16 
Dealt to Hero [4d 6d]
804bd4ad: folds
Hero: raises $4 to $6
5ad0af16: folds
cf93eedf: folds
16ba9729: folds
Uncalled bet ($4) returned to Hero
*** SHOWDOWN ***
Hero collected $5 from pot
*** SUMMARY ***
Total pot $5
Seat 4: 16ba9729(big blind) folded before Flop
Seat 6: 804bd4ad folded before Flop (didn't bet)
Seat 3: cf93eedf(small blind) folded before Flop
Seat 2: 5ad0af16 folded before Flop (didn't bet)
Seat 1: Herowon ($5)



Poker Hand #ring_912925681: NLH No Limit ($1/$2) - 2025/06/02 18:29:06
Table 'MR NLH BOMBPOT 1/2' 7-max Seat #1 is the button
Seat 6: 804bd4ad ($422.72 in chips)
Seat 3: cf93eedf ($77.17 in chips)
Seat 5: 97654c8 ($188.5 in chips)
Seat 2: 5ad0af16 ($98 in chips)
Seat 1: Hero ($211.09 in chips)
5ad0af16: posts small blind $1
cf93eedf: posts big blind $2
*** HOLE CARDS ***
Dealt to 804bd4ad 
Dealt to cf93eedf 
Dealt to 97654c8 
Dealt to 5ad0af16 
Dealt to Hero [9d 9s]
97654c8: folds
804bd4ad: raises $3 to $5
Hero: raises $12 to $17
5ad0af16: folds
cf93eedf: folds
804bd4ad: calls $12
*** FLOP *** [6c 4h 2c]
804bd4ad: checks
Hero: bets $18.5
804bd4ad: folds
Uncalled bet ($18.5) returned to Hero
804bd4ad: shows [Js]
*** SHOWDOWN ***
Hero collected $37 from pot
*** SUMMARY ***
Total pot $37
Board [6c 4h 2c]
Seat 6: 804bd4ad folded on the Flop
Seat 3: cf93eedf(big blind) folded before Flop
Seat 5: 97654c8 folded before Flop (didn't bet)
Seat 2: 5ad0af16(small blind) folded before Flop
Seat 1: Herowon ($37) with Pair of Nines



Poker Hand #ring_912925079: NLH No Limit ($1/$2) - 2025/06/02 18:28:40
Table 'MR NLH BOMBPOT 1/2' 7-max Seat #6 is the button
Seat 6: 804bd4ad ($419.72 in chips)
Seat 3: cf93eedf ($77.17 in chips)
Seat 5: 97654c8 ($188.5 in chips)
Seat 2: 5ad0af16 ($100 in chips)
Seat 1: Hero ($212.09 in chips)
Hero: posts small blind $1
5ad0af16: posts big blind $2
*** HOLE CARDS ***
Dealt to 804bd4ad 
Dealt to cf93eedf 
Dealt to 97654c8 
Dealt to 5ad0af16 
Dealt to Hero [7s 5h]
cf93eedf: folds
97654c8: folds
804bd4ad: raises $3 to $5
Hero: folds
5ad0af16: folds
Uncalled bet ($3) returned to 804bd4ad
*** SHOWDOWN ***
804bd4ad collected $5 from pot
*** SUMMARY ***
Total pot $5
Seat 6: 804bd4adwon ($5)
Seat 3: cf93eedf folded before Flop (didn't bet)
Seat 5: 97654c8 folded before Flop (didn't bet)
Seat 2: 5ad0af16(big blind) folded before Flop
Seat 1: Hero(small blind) folded before Flop



Poker Hand #ring_912924327: NLH No Limit ($1/$2) - 2025/06/02 18:28:07
Table 'MR NLH BOMBPOT 1/2' 7-max Seat #5 is the button
Seat 6: 804bd4ad ($420.72 in chips)
Seat 3: cf93eedf ($68.75 in chips)
Seat 5: 97654c8 ($192.5 in chips)
Seat 1: Hero ($216.09 in chips)
804bd4ad: posts small blind $1
Hero: posts big blind $2
*** HOLE CARDS ***
Dealt to 804bd4ad 
Dealt to cf93eedf 
Dealt to 97654c8 
Dealt to Hero [2d 7d]
cf93eedf: raises $2 to $4
97654c8: calls $4
804bd4ad: folds
Hero: calls $2
*** FLOP *** [Kc 3h As]
Hero: checks
cf93eedf: bets $9.75
97654c8: folds
Hero: folds
Uncalled bet ($9.75) returned to cf93eedf
*** SHOWDOWN ***
cf93eedf collected $13 from pot
*** SUMMARY ***
Total pot $13
Board [Kc 3h As]
Seat 6: 804bd4ad(small blind) folded before Flop
Seat 3: cf93eedfwon ($13) with Ace-High
Seat 5: 97654c8 folded on the Flop
Seat 1: Hero(big blind) folded on the Flop



Poker Hand #ring_912922855: NLH No Limit ($1/$2) - 2025/06/02 18:27:00
Table 'MR NLH BOMBPOT 1/2' 7-max Seat #0 is the button
Seat 6: 804bd4ad ($410.07 in chips)
Seat 3: cf93eedf ($68.75 in chips)
Seat 5: 97654c8 ($193.5 in chips)
Seat 1: Hero ($227.29 in chips)
97654c8: posts small blind $1
804bd4ad: posts big blind $2
*** HOLE CARDS ***
Dealt to 804bd4ad 
Dealt to cf93eedf 
Dealt to 97654c8 
Dealt to Hero [Qh Ad]
Hero: raises $4 to $6
cf93eedf: folds
97654c8: folds
804bd4ad: calls $4
*** FLOP *** [7c Th 6c]
804bd4ad: checks
Hero: checks
*** TURN *** [7c Th 6c] [7d]
804bd4ad: bets $5.2
Hero: calls $5.2
*** RIVER *** [7c Th 6c 7d] [8s]
804bd4ad: checks
Hero: checks
Hero: shows [Qh Ad]
804bd4ad: shows [8h 6h]
*** SHOWDOWN ***
804bd4ad collected $23.4 from pot
*** SUMMARY ***
Total pot $23.4
Board [7c Th 6c 7d 8s]
Seat 6: 804bd4ad(big blind) showed [8h 6h] and won ($23.4) with Pair of Eights and Pair of Sevens
Seat 3: cf93eedf folded before Flop (didn't bet)
Seat 5: 97654c8(small blind) folded before Flop
Seat 1: Hero showed [Qh Ad] and lost with Pair of Sevens



Poker Hand #ring_912921880: NLH No Limit ($1/$2) - 2025/06/02 18:26:16
Table 'MR NLH BOMBPOT 1/2' 7-max Seat #3 is the button
Seat 6: 804bd4ad ($400 in chips)
Seat 3: cf93eedf ($68.75 in chips)
Seat 5: 97654c8 ($195.5 in chips)
Seat 1: Hero ($236.25 in chips)
97654c8: posts big blind $2
*** HOLE CARDS ***
Dealt to 804bd4ad 
Dealt to cf93eedf 
Dealt to 97654c8 
Dealt to Hero [Qd Jd]
804bd4ad: raises $3 to $5
Hero: calls $5
cf93eedf: folds
97654c8: folds
*** FLOP *** [5d Th Ac]
804bd4ad: bets $3.96
Hero: calls $3.96
*** TURN *** [5d Th Ac] [7h]
804bd4ad: bets $14.94
Hero: folds
Uncalled bet ($14.94) returned to 804bd4ad
*** SHOWDOWN ***
804bd4ad collected $19.92 from pot
*** SUMMARY ***
Total pot $19.92
Board [5d Th Ac 7h]
Seat 6: 804bd4adwon ($19.92) with Pair of Aces
Seat 3: cf93eedf folded before Flop (didn't bet)
Seat 5: 97654c8(big blind) folded before Flop
Seat 1: Hero folded on the Turn



Poker Hand #ring_912920722: NLH No Limit ($1/$2) - 2025/06/02 18:25:23
Table 'MR NLH BOMBPOT 1/2' 7-max Seat #1 is the button
Seat 4: 16ba9729 ($429.98 in chips)
Seat 6: 804bd4ad ($400 in chips)
Seat 3: cf93eedf ($64.75 in chips)
Seat 5: 97654c8 ($197.5 in chips)
Seat 1: Hero ($236.25 in chips)
cf93eedf: posts small blind $1
16ba9729: posts big blind $2
*** HOLE CARDS ***
Dealt to 16ba9729 
Dealt to 804bd4ad 
Dealt to cf93eedf 
Dealt to 97654c8 
Dealt to Hero [8d 6c]
97654c8: calls $2
804bd4ad: folds
Hero: folds
cf93eedf: raises $62.75 to $64.75 and is all-in
16ba9729: folds
97654c8: folds
Uncalled bet ($62.75) returned to cf93eedf
*** SHOWDOWN ***
cf93eedf collected $6 from pot
*** SUMMARY ***
Total pot $6
Seat 4: 16ba9729(big blind) folded before Flop
Seat 6: 804bd4ad folded before Flop (didn't bet)
Seat 3: cf93eedf(small blind)won ($6)
Seat 5: 97654c8 folded before Flop
Seat 1: Hero folded before Flop (didn't bet)



Poker Hand #ring_912920258: NLH No Limit ($1/$2) - 2025/06/02 18:25:01
Table 'MR NLH BOMBPOT 1/2' 7-max Seat #6 is the button
Seat 4: 16ba9729 ($429.98 in chips)
Seat 6: 804bd4ad ($400 in chips)
Seat 3: cf93eedf ($66.75 in chips)
Seat 5: 97654c8 ($194.5 in chips)
Seat 1: Hero ($237.25 in chips)
Hero: posts small blind $1
cf93eedf: posts big blind $2
*** HOLE CARDS ***
Dealt to 16ba9729 
Dealt to 804bd4ad 
Dealt to cf93eedf 
Dealt to 97654c8 
Dealt to Hero [Kc 9h]
16ba9729: folds
97654c8: raises $6 to $8
804bd4ad: folds
Hero: folds
cf93eedf: folds
Uncalled bet ($6) returned to 97654c8
*** SHOWDOWN ***
97654c8 collected $5 from pot
*** SUMMARY ***
Total pot $5
Seat 4: 16ba9729 folded before Flop (didn't bet)
Seat 6: 804bd4ad folded before Flop (didn't bet)
Seat 3: cf93eedf(big blind) folded before Flop
Seat 5: 97654c8won ($5)
Seat 1: Hero(small blind) folded before Flop



Poker Hand #ring_912919221: NLH No Limit ($1/$2) - 2025/06/02 18:24:15
Table 'MR NLH BOMBPOT 1/2' 7-max Seat #5 is the button
Seat 4: 16ba9729 ($439.98 in chips)
Seat 6: 804bd4ad ($400 in chips)
Seat 3: cf93eedf ($76.75 in chips)
Seat 5: 97654c8 ($204.5 in chips)
Seat 1: Hero ($200 in chips)
804bd4ad: posts the ante $10
Hero: posts the ante $10
cf93eedf: posts the ante $10
16ba9729: posts the ante $10
97654c8: posts the ante $10
*** HOLE CARDS ***
Dealt to 16ba9729 
Dealt to 804bd4ad 
Dealt to cf93eedf 
Dealt to 97654c8 
Dealt to Hero [Qs Jd]
*** FLOP *** [Jh Jc 2s]
804bd4ad: checks
Hero: checks
cf93eedf: checks
16ba9729: checks
97654c8: checks
*** TURN *** [Jh Jc 2s] [Ks]
804bd4ad: checks
Hero: bets $15
cf93eedf: folds
16ba9729: folds
97654c8: folds
804bd4ad: folds
Uncalled bet ($15) returned to Hero
*** SHOWDOWN ***
Hero collected $50 from pot
*** SUMMARY ***
Total pot $50
Board [Jh Jc 2s Ks]
Seat 4: 16ba9729 folded on the Turn
Seat 6: 804bd4ad(small blind) folded on the Turn
Seat 3: cf93eedf folded on the Turn
Seat 5: 97654c8 folded on the Turn
Seat 1: Hero(big blind)won ($50) with Three Jacks



Poker Hand #ring_912918431: NLH No Limit ($1/$2) - 2025/06/02 18:23:39
Table 'MR NLH BOMBPOT 1/2' 7-max Seat #4 is the button
Seat 4: 16ba9729 ($445.13 in chips)
Seat 6: 804bd4ad ($402 in chips)
Seat 3: cf93eedf ($76.75 in chips)
Seat 5: 97654c8 ($197.9 in chips)
Seat 1: Hero ($200 in chips)
97654c8: posts small blind $1
804bd4ad: posts big blind $2
*** HOLE CARDS ***
Dealt to 16ba9729 
Dealt to 804bd4ad 
Dealt to cf93eedf 
Dealt to 97654c8 
Dealt to Hero [9c 2c]
Hero: folds
cf93eedf: folds
16ba9729: raises $3.15 to $5.15
97654c8: calls $4.15
804bd4ad: folds
*** FLOP *** [Th 9s Ts]
97654c8: checks
16ba9729: checks
*** TURN *** [Th 9s Ts] [4d]
97654c8: bets $4.05
16ba9729: folds
Uncalled bet ($4.05) returned to 97654c8
*** SHOWDOWN ***
97654c8 collected $12.3 from pot
*** SUMMARY ***
Total pot $12.3
Board [Th 9s Ts 4d]
Seat 4: 16ba9729 folded on the Turn
Seat 6: 804bd4ad(big blind) folded before Flop
Seat 3: cf93eedf folded before Flop (didn't bet)
Seat 5: 97654c8(small blind)won ($12.3) with Pair of Tens
Seat 1: Hero folded before Flop (didn't bet)



Poker Hand #ring_912917930: NLH No Limit ($1/$2) - 2025/06/02 18:23:17
Table 'MR NLH BOMBPOT 1/2' 7-max Seat #3 is the button
Seat 4: 16ba9729 ($446.13 in chips)
Seat 6: 804bd4ad ($399 in chips)
Seat 3: cf93eedf ($76.75 in chips)
Seat 5: 97654c8 ($199.9 in chips)
Seat 1: Hero ($200 in chips)
16ba9729: posts small blind $1
97654c8: posts big blind $2
*** HOLE CARDS ***
Dealt to 16ba9729 
Dealt to 804bd4ad 
Dealt to cf93eedf 
Dealt to 97654c8 
Dealt to Hero [Jd 8c]
804bd4ad: raises $3 to $5
Hero: folds
cf93eedf: folds
16ba9729: folds
97654c8: folds
Uncalled bet ($3) returned to 804bd4ad
*** SHOWDOWN ***
804bd4ad collected $5 from pot
*** SUMMARY ***
Total pot $5
Seat 4: 16ba9729(small blind) folded before Flop
Seat 6: 804bd4adwon ($5)
Seat 3: cf93eedf folded before Flop (didn't bet)
Seat 5: 97654c8(big blind) folded before Flop
Seat 1: Hero folded before Flop (didn't bet)



Poker Hand #ring_912917508: NLH No Limit ($1/$2) - 2025/06/02 18:22:57
Table 'MR NLH BOMBPOT 1/2' 7-max Seat #1 is the button
Seat 4: 16ba9729 ($445.13 in chips)
Seat 6: 804bd4ad ($399 in chips)
Seat 3: cf93eedf ($77.75 in chips)
Seat 5: 97654c8 ($199.9 in chips)
Seat 1: Hero ($200 in chips)
cf93eedf: posts small blind $1
16ba9729: posts big blind $2
*** HOLE CARDS ***
Dealt to 16ba9729 
Dealt to 804bd4ad 
Dealt to cf93eedf 
Dealt to 97654c8 
Dealt to Hero [6h As]
97654c8: folds
804bd4ad: folds
Hero: folds
cf93eedf: folds
*** SHOWDOWN ***
16ba9729 collected $3 from pot
*** SUMMARY ***
Total pot $3
Seat 4: 16ba9729(big blind)won ($3)
Seat 6: 804bd4ad folded before Flop (didn't bet)
Seat 3: cf93eedf(small blind) folded before Flop
Seat 5: 97654c8 folded before Flop (didn't bet)
Seat 1: Hero folded before Flop (didn't bet)



Poker Hand #ring_912916941: NLH No Limit ($1/$2) - 2025/06/02 18:22:32
Table 'MR NLH BOMBPOT 1/2' 7-max Seat #6 is the button
Seat 4: 16ba9729 ($445.13 in chips)
Seat 6: 804bd4ad ($399 in chips)
Seat 3: cf93eedf ($79.75 in chips)
Seat 5: 97654c8 ($199.9 in chips)
Seat 1: Hero ($198 in chips)
Hero: posts small blind $1
cf93eedf: posts big blind $2
*** HOLE CARDS ***
Dealt to 16ba9729 
Dealt to 804bd4ad 
Dealt to cf93eedf 
Dealt to 97654c8 
Dealt to Hero [8d Jd]
16ba9729: folds
97654c8: folds
804bd4ad: folds
Hero: raises $4 to $6
cf93eedf: folds
Uncalled bet ($4) returned to Hero
*** SHOWDOWN ***
Hero collected $4 from pot
*** SUMMARY ***
Total pot $4
Seat 4: 16ba9729 folded before Flop (didn't bet)
Seat 6: 804bd4ad folded before Flop (didn't bet)
Seat 3: cf93eedf(big blind) folded before Flop
Seat 5: 97654c8 folded before Flop (didn't bet)
Seat 1: Hero(small blind)won ($4)



Poker Hand #ring_912916374: NLH No Limit ($1/$2) - 2025/06/02 18:22:08
Table 'MR NLH BOMBPOT 1/2' 7-max Seat #5 is the button
Seat 4: 16ba9729 ($445.13 in chips)
Seat 6: 804bd4ad ($400 in chips)
Seat 3: cf93eedf ($79.75 in chips)
Seat 5: 97654c8 ($197.12 in chips)
Seat 1: Hero ($200 in chips)
804bd4ad: posts small blind $1
Hero: posts big blind $2
*** HOLE CARDS ***
Dealt to 16ba9729 
Dealt to 804bd4ad 
Dealt to cf93eedf 
Dealt to 97654c8 
Dealt to Hero [4s 5c]
cf93eedf: folds
16ba9729: folds
97654c8: calls $2
804bd4ad: folds
Hero: checks
*** FLOP *** [3h 8c Jd]
Hero: checks
97654c8: bets $2.5
Hero: folds
Uncalled bet ($2.5) returned to 97654c8
*** SHOWDOWN ***
97654c8 collected $5 from pot
*** SUMMARY ***
Total pot $5
Board [3h 8c Jd]
Seat 4: 16ba9729 folded before Flop (didn't bet)
Seat 6: 804bd4ad(small blind) folded before Flop
Seat 3: cf93eedf folded before Flop (didn't bet)
Seat 5: 97654c8won ($5) with Queen-High
Seat 1: Hero(big blind) folded on the Flop



