Poker Hand #ring_963363373: NLH No Limit ($2/$4) - 2025/06/29 23:54:35
Table 'MR NLH 2/4' 7-max Seat #4 is the button
Seat 7: d55f8b96 ($1,688.97 in chips)
Seat 2: c2fe696a ($297.73 in chips)
Seat 5: cd8cc200 ($988.01 in chips)
Seat 3: 9fc9b8b3 ($283.46 in chips)
Seat 4: 3aa4f9f9 ($1,513.1 in chips)
Seat 1: Hero ($641.27 in chips)
cd8cc200: posts small blind $2
d55f8b96: posts big blind $4
*** HOLE CARDS ***
Dealt to d55f8b96 
Dealt to c2fe696a 
Dealt to cd8cc200 
Dealt to 9fc9b8b3 
Dealt to 3aa4f9f9 
Dealt to Hero [9s 2h]
Hero: folds
c2fe696a: folds
9fc9b8b3: folds
3aa4f9f9: raises $8 to $12
cd8cc200: folds
d55f8b96: folds
Uncalled bet ($8) returned to 3aa4f9f9
*** SHOWDOWN ***
3aa4f9f9 collected $10 from pot
*** SUMMARY ***
Total pot $10
Seat 7: d55f8b96(big blind) folded before Flop
Seat 2: c2fe696a folded before Flop (didn't bet)
Seat 5: cd8cc200(small blind) folded before Flop
Seat 3: 9fc9b8b3 folded before Flop (didn't bet)
Seat 4: 3aa4f9f9won ($10)
Seat 1: Hero folded before Flop (didn't bet)



Poker Hand #ring_963361563: NLH No Limit ($2/$4) - 2025/06/29 23:53:38
Table 'MR NLH 2/4' 7-max Seat #3 is the button
Seat 7: d55f8b96 ($1,726.97 in chips)
Seat 2: c2fe696a ($297.73 in chips)
Seat 5: cd8cc200 ($952.52 in chips)
Seat 3: 9fc9b8b3 ($283.46 in chips)
Seat 4: 3aa4f9f9 ($1,515.1 in chips)
Seat 1: Hero ($641.27 in chips)
3aa4f9f9: posts small blind $2
cd8cc200: posts big blind $4
*** HOLE CARDS ***
Dealt to d55f8b96 
Dealt to c2fe696a 
Dealt to cd8cc200 
Dealt to 9fc9b8b3 
Dealt to 3aa4f9f9 
Dealt to Hero [Th Qs]
d55f8b96: raises $8 to $12
Hero: folds
c2fe696a: folds
9fc9b8b3: folds
3aa4f9f9: folds
cd8cc200: calls $8
*** FLOP *** [2c 3h 6h]
cd8cc200: checks
d55f8b96: checks
*** TURN *** [2c 3h 6h] [Ah]
cd8cc200: checks
d55f8b96: checks
*** RIVER *** [2c 3h 6h Ah] [7c]
cd8cc200: bets $26
d55f8b96: calls $26
cd8cc200: shows [Ac Ks]
d55f8b96: shows [9s As]
*** SHOWDOWN ***
cd8cc200 collected $78 from pot
*** SUMMARY ***
Total pot $78
Board [2c 3h 6h Ah 7c]
Seat 7: d55f8b96 showed [9s As] and lost with Pair of Aces
Seat 2: c2fe696a folded before Flop (didn't bet)
Seat 5: cd8cc200(big blind) showed [Ac Ks] and won ($78) with Pair of Aces
Seat 3: 9fc9b8b3 folded before Flop (didn't bet)
Seat 4: 3aa4f9f9(small blind) folded before Flop
Seat 1: Hero folded before Flop (didn't bet)



Poker Hand #ring_963361063: NLH No Limit ($2/$4) - 2025/06/29 23:53:22
Table 'MR NLH 2/4' 7-max Seat #2 is the button
Seat 7: d55f8b96 ($1,726.97 in chips)
Seat 2: c2fe696a ($297.73 in chips)
Seat 5: cd8cc200 ($952.52 in chips)
Seat 3: 9fc9b8b3 ($285.46 in chips)
Seat 4: 3aa4f9f9 ($1,513.1 in chips)
Seat 1: Hero ($641.27 in chips)
9fc9b8b3: posts small blind $2
3aa4f9f9: posts big blind $4
*** HOLE CARDS ***
Dealt to d55f8b96 
Dealt to c2fe696a 
Dealt to cd8cc200 
Dealt to 9fc9b8b3 
Dealt to 3aa4f9f9 
Dealt to Hero [3c Tc]
cd8cc200: folds
d55f8b96: folds
Hero: folds
c2fe696a: folds
9fc9b8b3: folds
*** SHOWDOWN ***
3aa4f9f9 collected $6 from pot
*** SUMMARY ***
Total pot $6
Seat 7: d55f8b96 folded before Flop (didn't bet)
Seat 2: c2fe696a folded before Flop (didn't bet)
Seat 5: cd8cc200 folded before Flop (didn't bet)
Seat 3: 9fc9b8b3(small blind) folded before Flop
Seat 4: 3aa4f9f9(big blind)won ($6)
Seat 1: Hero folded before Flop (didn't bet)



Poker Hand #ring_963360030: NLH No Limit ($2/$4) - 2025/06/29 23:52:50
Table 'MR NLH 2/4' 7-max Seat #1 is the button
Seat 7: d55f8b96 ($1,726.97 in chips)
Seat 2: c2fe696a ($299.73 in chips)
Seat 5: cd8cc200 ($952.52 in chips)
Seat 3: 9fc9b8b3 ($289.46 in chips)
Seat 4: 3aa4f9f9 ($1,513.1 in chips)
Seat 1: Hero ($635.27 in chips)
c2fe696a: posts small blind $2
9fc9b8b3: posts big blind $4
*** HOLE CARDS ***
Dealt to d55f8b96 
Dealt to c2fe696a 
Dealt to cd8cc200 
Dealt to 9fc9b8b3 
Dealt to 3aa4f9f9 
Dealt to Hero [2h Ah]
3aa4f9f9: folds
cd8cc200: folds
d55f8b96: folds
Hero: raises $8 to $12
c2fe696a: folds
9fc9b8b3: folds
Uncalled bet ($8) returned to Hero
*** SHOWDOWN ***
Hero collected $10 from pot
*** SUMMARY ***
Total pot $10
Seat 7: d55f8b96 folded before Flop (didn't bet)
Seat 2: c2fe696a(small blind) folded before Flop
Seat 5: cd8cc200 folded before Flop (didn't bet)
Seat 3: 9fc9b8b3(big blind) folded before Flop
Seat 4: 3aa4f9f9 folded before Flop (didn't bet)
Seat 1: Herowon ($10)



Poker Hand #ring_963358524: NLH No Limit ($2/$4) - 2025/06/29 23:52:01
Table 'MR NLH 2/4' 7-max Seat #7 is the button
Seat 7: d55f8b96 ($1,726.97 in chips)
Seat 2: c2fe696a ($308.53 in chips)
Seat 5: cd8cc200 ($936.1 in chips)
Seat 3: 9fc9b8b3 ($289.46 in chips)
Seat 4: 3aa4f9f9 ($1,513.1 in chips)
Seat 1: Hero ($644.07 in chips)
Seat 6: 915d99b6 ($1,167.01 in chips)
Hero: posts small blind $2
c2fe696a: posts big blind $4
*** HOLE CARDS ***
Dealt to d55f8b96 
Dealt to c2fe696a 
Dealt to cd8cc200 
Dealt to 9fc9b8b3 
Dealt to 3aa4f9f9 
Dealt to Hero [Ks Tc]
Dealt to 915d99b6 
9fc9b8b3: folds
3aa4f9f9: folds
cd8cc200: raises $4.8 to $8.8
915d99b6: folds
d55f8b96: folds
Hero: calls $6.8
c2fe696a: calls $4.8
*** FLOP *** [Qh 4c 8d]
Hero: checks
c2fe696a: checks
cd8cc200: bets $13.2
Hero: folds
c2fe696a: folds
Uncalled bet ($13.2) returned to cd8cc200
*** SHOWDOWN ***
cd8cc200 collected $26.4 from pot
*** SUMMARY ***
Total pot $26.4
Board [Qh 4c 8d]
Seat 7: d55f8b96 folded before Flop (didn't bet)
Seat 2: c2fe696a(big blind) folded on the Flop
Seat 5: cd8cc200won ($26.4) with Pair of Queens
Seat 3: 9fc9b8b3 folded before Flop (didn't bet)
Seat 4: 3aa4f9f9 folded before Flop (didn't bet)
Seat 1: Hero(small blind) folded on the Flop
Seat 6: 915d99b6 folded before Flop (didn't bet)



Poker Hand #ring_963356957: NLH No Limit ($2/$4) - 2025/06/29 23:51:09
Table 'MR NLH 2/4' 7-max Seat #6 is the button
Seat 7: d55f8b96 ($1,728.97 in chips)
Seat 2: c2fe696a ($295.7 in chips)
Seat 5: cd8cc200 ($936.1 in chips)
Seat 3: 9fc9b8b3 ($289.46 in chips)
Seat 4: 3aa4f9f9 ($1,513.1 in chips)
Seat 1: Hero ($656.07 in chips)
Seat 6: 915d99b6 ($1,167.01 in chips)
d55f8b96: posts small blind $2
Hero: posts big blind $4
*** HOLE CARDS ***
Dealt to d55f8b96 
Dealt to c2fe696a 
Dealt to cd8cc200 
Dealt to 9fc9b8b3 
Dealt to 3aa4f9f9 
Dealt to Hero [As 9h]
Dealt to 915d99b6 
c2fe696a: calls $4
9fc9b8b3: folds
3aa4f9f9: folds
cd8cc200: folds
915d99b6: folds
d55f8b96: folds
Hero: raises $8 to $12
c2fe696a: calls $8
*** FLOP *** [Jd 5h Js]
Hero: checks
c2fe696a: checks
*** TURN *** [Jd 5h Js] [8h]
Hero: checks
c2fe696a: bets $19.5
Hero: folds
Uncalled bet ($19.5) returned to c2fe696a
*** SHOWDOWN ***
c2fe696a collected $26 from pot
*** SUMMARY ***
Total pot $26
Board [Jd 5h Js 8h]
Seat 7: d55f8b96(small blind) folded before Flop
Seat 2: c2fe696awon ($26) with Three Jacks
Seat 5: cd8cc200 folded before Flop (didn't bet)
Seat 3: 9fc9b8b3 folded before Flop (didn't bet)
Seat 4: 3aa4f9f9 folded before Flop (didn't bet)
Seat 1: Hero(big blind) folded on the Turn
Seat 6: 915d99b6 folded before Flop (didn't bet)



Poker Hand #ring_963356065: NLH No Limit ($2/$4) - 2025/06/29 23:50:40
Table 'MR NLH 2/4' 7-max Seat #5 is the button
Seat 7: d55f8b96 ($1,732.97 in chips)
Seat 2: c2fe696a ($295.7 in chips)
Seat 5: cd8cc200 ($936.1 in chips)
Seat 3: 9fc9b8b3 ($283.46 in chips)
Seat 4: 3aa4f9f9 ($1,513.1 in chips)
Seat 1: Hero ($656.07 in chips)
Seat 6: 915d99b6 ($1,169.01 in chips)
915d99b6: posts small blind $2
d55f8b96: posts big blind $4
*** HOLE CARDS ***
Dealt to d55f8b96 
Dealt to c2fe696a 
Dealt to cd8cc200 
Dealt to 9fc9b8b3 
Dealt to 3aa4f9f9 
Dealt to Hero [4h Jc]
Dealt to 915d99b6 
Hero: folds
c2fe696a: folds
9fc9b8b3: raises $12 to $16
3aa4f9f9: folds
cd8cc200: folds
915d99b6: folds
d55f8b96: folds
Uncalled bet ($12) returned to 9fc9b8b3
*** SHOWDOWN ***
9fc9b8b3 collected $10 from pot
*** SUMMARY ***
Total pot $10
Seat 7: d55f8b96(big blind) folded before Flop
Seat 2: c2fe696a folded before Flop (didn't bet)
Seat 5: cd8cc200 folded before Flop (didn't bet)
Seat 3: 9fc9b8b3won ($10)
Seat 4: 3aa4f9f9 folded before Flop (didn't bet)
Seat 1: Hero folded before Flop (didn't bet)
Seat 6: 915d99b6(small blind) folded before Flop



Poker Hand #ring_963355210: NLH No Limit ($2/$4) - 2025/06/29 23:50:12
Table 'MR NLH 2/4' 7-max Seat #4 is the button
Seat 7: d55f8b96 ($1,726.97 in chips)
Seat 2: c2fe696a ($295.7 in chips)
Seat 5: cd8cc200 ($938.1 in chips)
Seat 3: 9fc9b8b3 ($283.46 in chips)
Seat 4: 3aa4f9f9 ($1,513.1 in chips)
Seat 1: Hero ($656.07 in chips)
Seat 6: 915d99b6 ($1,173.01 in chips)
cd8cc200: posts small blind $2
915d99b6: posts big blind $4
*** HOLE CARDS ***
Dealt to d55f8b96 
Dealt to c2fe696a 
Dealt to cd8cc200 
Dealt to 9fc9b8b3 
Dealt to 3aa4f9f9 
Dealt to Hero [Kc 3d]
Dealt to 915d99b6 
d55f8b96: raises $8 to $12
Hero: folds
c2fe696a: folds
9fc9b8b3: folds
3aa4f9f9: folds
cd8cc200: folds
915d99b6: folds
Uncalled bet ($8) returned to d55f8b96
*** SHOWDOWN ***
d55f8b96 collected $10 from pot
*** SUMMARY ***
Total pot $10
Seat 7: d55f8b96won ($10)
Seat 2: c2fe696a folded before Flop (didn't bet)
Seat 5: cd8cc200(small blind) folded before Flop
Seat 3: 9fc9b8b3 folded before Flop (didn't bet)
Seat 4: 3aa4f9f9 folded before Flop (didn't bet)
Seat 1: Hero folded before Flop (didn't bet)
Seat 6: 915d99b6(big blind) folded before Flop



Poker Hand #ring_963353055: NLH No Limit ($2/$4) - 2025/06/29 23:49:00
Table 'MR NLH 2/4' 7-max Seat #3 is the button
Seat 7: d55f8b96 ($1,726.97 in chips)
Seat 2: c2fe696a ($316.7 in chips)
Seat 5: cd8cc200 ($918.08 in chips)
Seat 3: 9fc9b8b3 ($283.46 in chips)
Seat 4: 3aa4f9f9 ($1,515.1 in chips)
Seat 1: Hero ($656.07 in chips)
Seat 6: 915d99b6 ($1,173.01 in chips)
3aa4f9f9: posts small blind $2
cd8cc200: posts big blind $4
*** HOLE CARDS ***
Dealt to d55f8b96 
Dealt to c2fe696a 
Dealt to cd8cc200 
Dealt to 9fc9b8b3 
Dealt to 3aa4f9f9 
Dealt to Hero [3s 5s]
Dealt to 915d99b6 
*** FLOP *** [9d 6h 8h]
cd8cc200: checks
c2fe696a: checks
*** TURN *** [9d 6h 8h] [Ks]
cd8cc200: checks
c2fe696a: bets $11
cd8cc200: raises $51.4 to $62.4
c2fe696a: folds
Uncalled bet ($51.4) returned to cd8cc200
915d99b6: folds
d55f8b96: folds
Hero: folds
c2fe696a: raises $6 to $10
9fc9b8b3: folds
3aa4f9f9: folds
cd8cc200: calls $6
*** SHOWDOWN ***
cd8cc200 collected $44 from pot
*** SUMMARY ***
Total pot $44
Board [9d 6h 8h Ks]
Seat 7: d55f8b96 folded before Flop (didn't bet)
Seat 2: c2fe696a folded on the Turn
Seat 5: cd8cc200(big blind)won ($44) with Pair of Sixes
Seat 3: 9fc9b8b3 folded before Flop (didn't bet)
Seat 4: 3aa4f9f9(small blind) folded before Flop
Seat 1: Hero folded before Flop (didn't bet)
Seat 6: 915d99b6 folded before Flop (didn't bet)



Poker Hand #ring_963351867: NLH No Limit ($2/$4) - 2025/06/29 23:48:20
Table 'MR NLH 2/4' 7-max Seat #2 is the button
Seat 7: d55f8b96 ($1,697.67 in chips)
Seat 2: c2fe696a ($316.7 in chips)
Seat 5: cd8cc200 ($918.08 in chips)
Seat 3: 9fc9b8b3 ($285.46 in chips)
Seat 4: 3aa4f9f9 ($1,519.1 in chips)
Seat 1: Hero ($683.07 in chips)
Seat 6: 915d99b6 ($1,173.01 in chips)
9fc9b8b3: posts small blind $2
3aa4f9f9: posts big blind $4
*** HOLE CARDS ***
Dealt to d55f8b96 
Dealt to c2fe696a 
Dealt to cd8cc200 
Dealt to 9fc9b8b3 
Dealt to 3aa4f9f9 
Dealt to Hero [3c 3s]
Dealt to 915d99b6 
cd8cc200: folds
915d99b6: folds
d55f8b96: raises $8 to $12
Hero: calls $12
c2fe696a: folds
9fc9b8b3: folds
3aa4f9f9: folds
*** FLOP *** [7d 9h 5d]
d55f8b96: bets $15
Hero: calls $15
*** TURN *** [7d 9h 5d] [Qs]
d55f8b96: bets $30
Hero: folds
Uncalled bet ($30) returned to d55f8b96
*** SHOWDOWN ***
d55f8b96 collected $60 from pot
*** SUMMARY ***
Total pot $60
Board [7d 9h 5d Qs]
Seat 7: d55f8b96won ($60) with Pair of Jacks
Seat 2: c2fe696a folded before Flop (didn't bet)
Seat 5: cd8cc200 folded before Flop (didn't bet)
Seat 3: 9fc9b8b3(small blind) folded before Flop
Seat 4: 3aa4f9f9(big blind) folded before Flop
Seat 1: Hero folded on the Turn
Seat 6: 915d99b6 folded before Flop (didn't bet)



Poker Hand #ring_963350276: NLH No Limit ($2/$4) - 2025/06/29 23:47:25
Table 'MR NLH 2/4' 7-max Seat #1 is the button
Seat 7: d55f8b96 ($1,697.67 in chips)
Seat 2: c2fe696a ($313.06 in chips)
Seat 5: cd8cc200 ($918.08 in chips)
Seat 3: 9fc9b8b3 ($289.46 in chips)
Seat 4: 3aa4f9f9 ($1,519.1 in chips)
Seat 1: Hero ($683.07 in chips)
Seat 6: 915d99b6 ($1,173.01 in chips)
c2fe696a: posts small blind $2
9fc9b8b3: posts big blind $4
*** HOLE CARDS ***
Dealt to d55f8b96 
Dealt to c2fe696a 
Dealt to cd8cc200 
Dealt to 9fc9b8b3 
Dealt to 3aa4f9f9 
Dealt to Hero [2c Qh]
Dealt to 915d99b6 
3aa4f9f9: folds
cd8cc200: folds
915d99b6: folds
d55f8b96: folds
Hero: folds
c2fe696a: calls $2
9fc9b8b3: checks
*** FLOP *** [Ks 3s 9s]
c2fe696a: checks
9fc9b8b3: checks
*** TURN *** [Ks 3s 9s] [Qd]
c2fe696a: bets $6
9fc9b8b3: folds
Uncalled bet ($6) returned to c2fe696a
*** SHOWDOWN ***
c2fe696a collected $8 from pot
*** SUMMARY ***
Total pot $8
Board [Ks 3s 9s Qd]
Seat 7: d55f8b96 folded before Flop (didn't bet)
Seat 2: c2fe696a(small blind)won ($8) with King-High
Seat 5: cd8cc200 folded before Flop (didn't bet)
Seat 3: 9fc9b8b3(big blind) folded on the Turn
Seat 4: 3aa4f9f9 folded before Flop (didn't bet)
Seat 1: Hero folded before Flop (didn't bet)
Seat 6: 915d99b6 folded before Flop (didn't bet)



Poker Hand #ring_963349411: NLH No Limit ($2/$4) - 2025/06/29 23:46:56
Table 'MR NLH 2/4' 7-max Seat #7 is the button
Seat 7: d55f8b96 ($1,697.67 in chips)
Seat 2: c2fe696a ($317.06 in chips)
Seat 5: cd8cc200 ($918.08 in chips)
Seat 3: 9fc9b8b3 ($289.46 in chips)
Seat 4: 3aa4f9f9 ($1,519.1 in chips)
Seat 1: Hero ($679.07 in chips)
Seat 6: 915d99b6 ($1,173.01 in chips)
Hero: posts small blind $2
c2fe696a: posts big blind $4
*** HOLE CARDS ***
Dealt to d55f8b96 
Dealt to c2fe696a 
Dealt to cd8cc200 
Dealt to 9fc9b8b3 
Dealt to 3aa4f9f9 
Dealt to Hero [Td 7s]
Dealt to 915d99b6 
9fc9b8b3: folds
3aa4f9f9: folds
cd8cc200: folds
915d99b6: folds
d55f8b96: folds
Hero: raises $6 to $10
c2fe696a: folds
Uncalled bet ($6) returned to Hero
*** SHOWDOWN ***
Hero collected $8 from pot
*** SUMMARY ***
Total pot $8
Seat 7: d55f8b96 folded before Flop (didn't bet)
Seat 2: c2fe696a(big blind) folded before Flop
Seat 5: cd8cc200 folded before Flop (didn't bet)
Seat 3: 9fc9b8b3 folded before Flop (didn't bet)
Seat 4: 3aa4f9f9 folded before Flop (didn't bet)
Seat 1: Hero(small blind)won ($8)
Seat 6: 915d99b6 folded before Flop (didn't bet)



Poker Hand #ring_963348746: NLH No Limit ($2/$4) - 2025/06/29 23:46:34
Table 'MR NLH 2/4' 7-max Seat #6 is the button
Seat 7: d55f8b96 ($1,699.67 in chips)
Seat 2: c2fe696a ($317.06 in chips)
Seat 5: cd8cc200 ($918.08 in chips)
Seat 3: 9fc9b8b3 ($289.46 in chips)
Seat 4: 3aa4f9f9 ($1,519.1 in chips)
Seat 1: Hero ($677.07 in chips)
Seat 6: 915d99b6 ($1,173.01 in chips)
d55f8b96: posts small blind $2
Hero: posts big blind $4
*** HOLE CARDS ***
Dealt to d55f8b96 
Dealt to c2fe696a 
Dealt to cd8cc200 
Dealt to 9fc9b8b3 
Dealt to 3aa4f9f9 
Dealt to Hero [4h Jh]
Dealt to 915d99b6 
c2fe696a: folds
9fc9b8b3: folds
3aa4f9f9: folds
cd8cc200: folds
915d99b6: folds
d55f8b96: folds
*** SHOWDOWN ***
Hero collected $6 from pot
*** SUMMARY ***
Total pot $6
Seat 7: d55f8b96(small blind) folded before Flop
Seat 2: c2fe696a folded before Flop (didn't bet)
Seat 5: cd8cc200 folded before Flop (didn't bet)
Seat 3: 9fc9b8b3 folded before Flop (didn't bet)
Seat 4: 3aa4f9f9 folded before Flop (didn't bet)
Seat 1: Hero(big blind)won ($6)
Seat 6: 915d99b6 folded before Flop (didn't bet)



Poker Hand #ring_963347959: NLH No Limit ($2/$4) - 2025/06/29 23:46:08
Table 'MR NLH 2/4' 7-max Seat #5 is the button
Seat 7: d55f8b96 ($1,703.67 in chips)
Seat 2: c2fe696a ($317.06 in chips)
Seat 5: cd8cc200 ($918.08 in chips)
Seat 3: 9fc9b8b3 ($289.46 in chips)
Seat 4: 3aa4f9f9 ($1,519.1 in chips)
Seat 1: Hero ($671.07 in chips)
Seat 6: 915d99b6 ($1,175.01 in chips)
915d99b6: posts small blind $2
d55f8b96: posts big blind $4
*** HOLE CARDS ***
Dealt to d55f8b96 
Dealt to c2fe696a 
Dealt to cd8cc200 
Dealt to 9fc9b8b3 
Dealt to 3aa4f9f9 
Dealt to Hero [Qc Ah]
Dealt to 915d99b6 
Hero: raises $8 to $12
c2fe696a: folds
9fc9b8b3: folds
3aa4f9f9: folds
cd8cc200: folds
915d99b6: folds
d55f8b96: folds
Uncalled bet ($8) returned to Hero
*** SHOWDOWN ***
Hero collected $10 from pot
*** SUMMARY ***
Total pot $10
Seat 7: d55f8b96(big blind) folded before Flop
Seat 2: c2fe696a folded before Flop (didn't bet)
Seat 5: cd8cc200 folded before Flop (didn't bet)
Seat 3: 9fc9b8b3 folded before Flop (didn't bet)
Seat 4: 3aa4f9f9 folded before Flop (didn't bet)
Seat 1: Herowon ($10)
Seat 6: 915d99b6(small blind) folded before Flop



Poker Hand #ring_963345072: NLH No Limit ($2/$4) - 2025/06/29 23:44:30
Table 'MR NLH 2/4' 7-max Seat #4 is the button
Seat 7: d55f8b96 ($1,703.67 in chips)
Seat 2: c2fe696a ($317.06 in chips)
Seat 5: cd8cc200 ($920.08 in chips)
Seat 3: 9fc9b8b3 ($289.46 in chips)
Seat 4: 3aa4f9f9 ($1,519.1 in chips)
Seat 1: Hero ($665.07 in chips)
Seat 6: 915d99b6 ($1,179.01 in chips)
cd8cc200: posts small blind $2
915d99b6: posts big blind $4
*** HOLE CARDS ***
Dealt to d55f8b96 
Dealt to c2fe696a 
Dealt to cd8cc200 
Dealt to 9fc9b8b3 
Dealt to 3aa4f9f9 
Dealt to Hero [Jc Tc]
Dealt to 915d99b6 
d55f8b96: folds
Hero: raises $8 to $12
c2fe696a: folds
9fc9b8b3: folds
3aa4f9f9: folds
cd8cc200: folds
915d99b6: folds
Uncalled bet ($8) returned to Hero
*** SHOWDOWN ***
Hero collected $10 from pot
*** SUMMARY ***
Total pot $10
Seat 7: d55f8b96 folded before Flop (didn't bet)
Seat 2: c2fe696a folded before Flop (didn't bet)
Seat 5: cd8cc200(small blind) folded before Flop
Seat 3: 9fc9b8b3 folded before Flop (didn't bet)
Seat 4: 3aa4f9f9 folded before Flop (didn't bet)
Seat 1: Herowon ($10)
Seat 6: 915d99b6(big blind) folded before Flop



Poker Hand #ring_963340688: NLH No Limit ($2/$4) - 2025/06/29 23:42:04
Table 'MR NLH 2/4' 7-max Seat #3 is the button
Seat 7: d55f8b96 ($1,703.67 in chips)
Seat 2: c2fe696a ($377.06 in chips)
Seat 5: cd8cc200 ($841.13 in chips)
Seat 3: 9fc9b8b3 ($314 in chips)
Seat 4: 3aa4f9f9 ($1,521.1 in chips)
Seat 1: Hero ($665.07 in chips)
Seat 6: 915d99b6 ($1,179.01 in chips)
3aa4f9f9: posts small blind $2
cd8cc200: posts big blind $4
*** HOLE CARDS ***
Dealt to d55f8b96 
Dealt to c2fe696a 
Dealt to cd8cc200 
Dealt to 9fc9b8b3 
Dealt to 3aa4f9f9 
Dealt to Hero [8c Ts]
Dealt to 915d99b6 
915d99b6: folds
d55f8b96: folds
Hero: folds
c2fe696a: raises $8 to $12
9fc9b8b3: calls $12
3aa4f9f9: folds
cd8cc200: calls $8
*** FLOP *** [5s Jh 9c]
cd8cc200: checks
c2fe696a: bets $12.54
9fc9b8b3: calls $12.54
cd8cc200: raises $35.46 to $48
c2fe696a: calls $35.46
9fc9b8b3: folds
*** TURN *** [5s Jh 9c] [Js]
cd8cc200: bets $96
c2fe696a: folds
Uncalled bet ($96) returned to cd8cc200
*** SHOWDOWN ***
cd8cc200 collected $146.54 from pot
*** SUMMARY ***
Total pot $146.54
Board [5s Jh 9c Js]
Seat 7: d55f8b96 folded before Flop (didn't bet)
Seat 2: c2fe696a folded on the Turn
Seat 5: cd8cc200(big blind)won ($146.54) with Pair of Jacks
Seat 3: 9fc9b8b3 folded on the Flop
Seat 4: 3aa4f9f9(small blind) folded before Flop
Seat 1: Hero folded before Flop (didn't bet)
Seat 6: 915d99b6 folded before Flop (didn't bet)



Poker Hand #ring_963339672: NLH No Limit ($2/$4) - 2025/06/29 23:41:30
Table 'MR NLH 2/4' 7-max Seat #2 is the button
Seat 7: d55f8b96 ($1,703.67 in chips)
Seat 2: c2fe696a ($371.06 in chips)
Seat 5: cd8cc200 ($841.13 in chips)
Seat 3: 9fc9b8b3 ($316 in chips)
Seat 4: 3aa4f9f9 ($1,525.1 in chips)
Seat 1: Hero ($665.07 in chips)
Seat 6: 915d99b6 ($1,179.01 in chips)
9fc9b8b3: posts small blind $2
3aa4f9f9: posts big blind $4
*** HOLE CARDS ***
Dealt to d55f8b96 
Dealt to c2fe696a 
Dealt to cd8cc200 
Dealt to 9fc9b8b3 
Dealt to 3aa4f9f9 
Dealt to Hero [7h 6c]
Dealt to 915d99b6 
cd8cc200: folds
915d99b6: folds
d55f8b96: folds
Hero: folds
c2fe696a: raises $8 to $12
9fc9b8b3: folds
3aa4f9f9: folds
Uncalled bet ($8) returned to c2fe696a
*** SHOWDOWN ***
c2fe696a collected $10 from pot
*** SUMMARY ***
Total pot $10
Seat 7: d55f8b96 folded before Flop (didn't bet)
Seat 2: c2fe696awon ($10)
Seat 5: cd8cc200 folded before Flop (didn't bet)
Seat 3: 9fc9b8b3(small blind) folded before Flop
Seat 4: 3aa4f9f9(big blind) folded before Flop
Seat 1: Hero folded before Flop (didn't bet)
Seat 6: 915d99b6 folded before Flop (didn't bet)



Poker Hand #ring_963338903: NLH No Limit ($2/$4) - 2025/06/29 23:41:04
Table 'MR NLH 2/4' 7-max Seat #1 is the button
Seat 7: d55f8b96 ($1,703.67 in chips)
Seat 2: c2fe696a ($189.06 in chips)
Seat 5: cd8cc200 ($841.13 in chips)
Seat 3: 9fc9b8b3 ($320 in chips)
Seat 4: 3aa4f9f9 ($1,519.1 in chips)
Seat 1: Hero ($665.07 in chips)
Seat 6: 915d99b6 ($1,179.01 in chips)
c2fe696a: posts small blind $2
9fc9b8b3: posts big blind $4
*** HOLE CARDS ***
Dealt to d55f8b96 
Dealt to c2fe696a 
Dealt to cd8cc200 
Dealt to 9fc9b8b3 
Dealt to 3aa4f9f9 
Dealt to Hero [Jd 6h]
Dealt to 915d99b6 
3aa4f9f9: raises $6 to $10
cd8cc200: folds
915d99b6: folds
d55f8b96: folds
Hero: folds
c2fe696a: folds
9fc9b8b3: folds
Uncalled bet ($6) returned to 3aa4f9f9
*** SHOWDOWN ***
3aa4f9f9 collected $10 from pot
*** SUMMARY ***
Total pot $10
Seat 7: d55f8b96 folded before Flop (didn't bet)
Seat 2: c2fe696a(small blind) folded before Flop
Seat 5: cd8cc200 folded before Flop (didn't bet)
Seat 3: 9fc9b8b3(big blind) folded before Flop
Seat 4: 3aa4f9f9won ($10)
Seat 1: Hero folded before Flop (didn't bet)
Seat 6: 915d99b6 folded before Flop (didn't bet)



Poker Hand #ring_963336771: NLH No Limit ($2/$4) - 2025/06/29 23:39:53
Table 'MR NLH 2/4' 7-max Seat #7 is the button
Seat 7: d55f8b96 ($1,703.67 in chips)
Seat 2: c2fe696a ($224.58 in chips)
Seat 5: cd8cc200 ($841.13 in chips)
Seat 4: 3aa4f9f9 ($1,519.1 in chips)
Seat 1: Hero ($667.07 in chips)
Seat 6: 915d99b6 ($1,145.77 in chips)
Hero: posts small blind $2
c2fe696a: posts big blind $4
*** HOLE CARDS ***
Dealt to d55f8b96 
Dealt to c2fe696a 
Dealt to cd8cc200 
Dealt to 3aa4f9f9 
Dealt to Hero [8h Ks]
Dealt to 915d99b6 
3aa4f9f9: folds
cd8cc200: folds
915d99b6: raises $6 to $10
d55f8b96: folds
Hero: folds
c2fe696a: calls $6
*** FLOP *** [Ts 7h 3c]
c2fe696a: checks
915d99b6: bets $7.26
c2fe696a: calls $7.26
*** TURN *** [Ts 7h 3c] [6s]
c2fe696a: checks
915d99b6: checks
*** RIVER *** [Ts 7h 3c 6s] [Td]
c2fe696a: bets $18.26
915d99b6: calls $18.26
c2fe696a: shows [Qd Jd]
915d99b6: shows [3s 5s]
*** SHOWDOWN ***
915d99b6 collected $73.04 from pot
*** SUMMARY ***
Total pot $73.04
Board [Ts 7h 3c 6s Td]
Seat 7: d55f8b96 folded before Flop (didn't bet)
Seat 2: c2fe696a(big blind) showed [Qd Jd] and lost with Pair of Tens
Seat 5: cd8cc200 folded before Flop (didn't bet)
Seat 4: 3aa4f9f9 folded before Flop (didn't bet)
Seat 1: Hero(small blind) folded before Flop
Seat 6: 915d99b6 showed [3s 5s] and won ($73.04) with Pair of Tens and Pair of Treys



Poker Hand #ring_963336057: NLH No Limit ($2/$4) - 2025/06/29 23:39:29
Table 'MR NLH 2/4' 7-max Seat #6 is the button
Seat 7: d55f8b96 ($1,705.67 in chips)
Seat 2: c2fe696a ($224.58 in chips)
Seat 5: cd8cc200 ($841.13 in chips)
Seat 4: 3aa4f9f9 ($1,519.1 in chips)
Seat 1: Hero ($665.07 in chips)
Seat 6: 915d99b6 ($1,145.77 in chips)
d55f8b96: posts small blind $2
Hero: posts big blind $4
*** HOLE CARDS ***
Dealt to d55f8b96 
Dealt to c2fe696a 
Dealt to cd8cc200 
Dealt to 3aa4f9f9 
Dealt to Hero [8c 2s]
Dealt to 915d99b6 
c2fe696a: folds
3aa4f9f9: folds
cd8cc200: folds
915d99b6: folds
d55f8b96: folds
*** SHOWDOWN ***
Hero collected $6 from pot
*** SUMMARY ***
Total pot $6
Seat 7: d55f8b96(small blind) folded before Flop
Seat 2: c2fe696a folded before Flop (didn't bet)
Seat 5: cd8cc200 folded before Flop (didn't bet)
Seat 4: 3aa4f9f9 folded before Flop (didn't bet)
Seat 1: Hero(big blind)won ($6)
Seat 6: 915d99b6 folded before Flop (didn't bet)



Poker Hand #ring_963332808: NLH No Limit ($2/$4) - 2025/06/29 23:37:40
Table 'MR NLH 2/4' 7-max Seat #5 is the button
Seat 7: d55f8b96 ($1,709.67 in chips)
Seat 2: c2fe696a ($264.58 in chips)
Seat 5: cd8cc200 ($800 in chips)
Seat 4: 3aa4f9f9 ($1,519.1 in chips)
Seat 1: Hero ($665.07 in chips)
Seat 6: 915d99b6 ($1,147.77 in chips)
915d99b6: posts small blind $2
d55f8b96: posts big blind $4
*** HOLE CARDS ***
Dealt to d55f8b96 
Dealt to c2fe696a 
Dealt to cd8cc200 
Dealt to 3aa4f9f9 
Dealt to Hero [4c 3h]
Dealt to 915d99b6 
Hero: folds
c2fe696a: raises $8 to $12
3aa4f9f9: folds
cd8cc200: raises $28 to $40
915d99b6: folds
d55f8b96: folds
c2fe696a: calls $28
*** FLOP *** [9h 9d Js]
c2fe696a: checks
cd8cc200: checks
*** TURN *** [9h 9d Js] [As]
c2fe696a: checks
cd8cc200: bets $64.5
c2fe696a: folds
Uncalled bet ($64.5) returned to cd8cc200
*** SHOWDOWN ***
cd8cc200 collected $86 from pot
*** SUMMARY ***
Total pot $86
Board [9h 9d Js As]
Seat 7: d55f8b96(big blind) folded before Flop
Seat 2: c2fe696a folded on the Turn
Seat 5: cd8cc200won ($86) with Pair of Aces and Pair of Nines
Seat 4: 3aa4f9f9 folded before Flop (didn't bet)
Seat 1: Hero folded before Flop (didn't bet)
Seat 6: 915d99b6(small blind) folded before Flop



Poker Hand #ring_963331731: NLH No Limit ($2/$4) - 2025/06/29 23:37:03
Table 'MR NLH 2/4' 7-max Seat #4 is the button
Seat 7: d55f8b96 ($1,709.67 in chips)
Seat 2: c2fe696a ($274.58 in chips)
Seat 5: cd8cc200 ($802 in chips)
Seat 4: 3aa4f9f9 ($1,519.1 in chips)
Seat 1: Hero ($665.07 in chips)
Seat 6: 915d99b6 ($1,135.77 in chips)
cd8cc200: posts small blind $2
915d99b6: posts big blind $4
*** HOLE CARDS ***
Dealt to d55f8b96 
Dealt to c2fe696a 
Dealt to cd8cc200 
Dealt to 3aa4f9f9 
Dealt to Hero [3h Qd]
Dealt to 915d99b6 
d55f8b96: folds
Hero: folds
c2fe696a: raises $6 to $10
3aa4f9f9: folds
cd8cc200: folds
915d99b6: raises $30 to $40
c2fe696a: folds
Uncalled bet ($30) returned to 915d99b6
*** SHOWDOWN ***
915d99b6 collected $22 from pot
*** SUMMARY ***
Total pot $22
Seat 7: d55f8b96 folded before Flop (didn't bet)
Seat 2: c2fe696a folded before Flop
Seat 5: cd8cc200(small blind) folded before Flop
Seat 4: 3aa4f9f9 folded before Flop (didn't bet)
Seat 1: Hero folded before Flop (didn't bet)
Seat 6: 915d99b6(big blind)won ($22)



Poker Hand #ring_963330889: NLH No Limit ($2/$4) - 2025/06/29 23:36:36
Table 'MR NLH 2/4' 7-max Seat #0 is the button
Seat 7: d55f8b96 ($1,709.67 in chips)
Seat 2: c2fe696a ($274.58 in chips)
Seat 5: cd8cc200 ($806 in chips)
Seat 4: 3aa4f9f9 ($1,515.1 in chips)
Seat 1: Hero ($665.07 in chips)
Seat 6: 915d99b6 ($1,135.77 in chips)
3aa4f9f9: posts small blind $2
cd8cc200: posts big blind $4
*** HOLE CARDS ***
Dealt to d55f8b96 
Dealt to c2fe696a 
Dealt to cd8cc200 
Dealt to 3aa4f9f9 
Dealt to Hero [4d 8s]
Dealt to 915d99b6 
915d99b6: folds
d55f8b96: folds
Hero: folds
c2fe696a: folds
3aa4f9f9: raises $8 to $12
cd8cc200: folds
Uncalled bet ($8) returned to 3aa4f9f9
*** SHOWDOWN ***
3aa4f9f9 collected $8 from pot
*** SUMMARY ***
Total pot $8
Seat 7: d55f8b96 folded before Flop (didn't bet)
Seat 2: c2fe696a folded before Flop (didn't bet)
Seat 5: cd8cc200(big blind) folded before Flop
Seat 4: 3aa4f9f9(small blind)won ($8)
Seat 1: Hero folded before Flop (didn't bet)
Seat 6: 915d99b6 folded before Flop (didn't bet)



Poker Hand #ring_963328232: NLH No Limit ($2/$4) - 2025/06/29 23:35:06
Table 'MR NLH 2/4' 7-max Seat #2 is the button
Seat 7: d55f8b96 ($1,365.94 in chips)
Seat 2: c2fe696a ($274.58 in chips)
Seat 5: cd8cc200 ($806 in chips)
Seat 4: 3aa4f9f9 ($1,519.1 in chips)
Seat 1: Hero ($677.07 in chips)
Seat 3: 2b723a54 ($362.03 in chips)
Seat 6: 915d99b6 ($1,135.77 in chips)
2b723a54: posts small blind $2
3aa4f9f9: posts big blind $4
*** HOLE CARDS ***
Dealt to d55f8b96 
Dealt to c2fe696a 
Dealt to cd8cc200 
Dealt to 3aa4f9f9 
Dealt to Hero [Jh Kc]
Dealt to 2b723a54 
Dealt to 915d99b6 
cd8cc200: folds
915d99b6: folds
d55f8b96: raises $8 to $12
Hero: calls $12
c2fe696a: folds
2b723a54: calls $10
3aa4f9f9: folds
*** FIRST FLOP *** [2c Tc 3h]
2b723a54: checks
d55f8b96: bets $20
Hero: folds
2b723a54: raises $40 to $60
d55f8b96: calls $40
*** FIRST TURN *** [2c Tc 3h] [6h]
2b723a54: bets $80
d55f8b96: raises $160 to $240
2b723a54: raises $50.03 to $290.03 and is all-in
d55f8b96: calls $50.03
2b723a54: shows [4c 6c]
d55f8b96: shows [4d 5d]
*** FIRST RIVER *** [2c Tc 3h 6h] [Jd]
*** SECOND RIVER *** [2c Tc 3h 6h] [Th]
*** FIRST SHOWDOWN ***
d55f8b96 collected $370.53 from pot
*** SECOND SHOWDOWN ***
d55f8b96 collected $369.53 from pot
*** SUMMARY ***
Total pot $740.06
Hand was run two timesFIRST Board [2c Tc 3h 6h Jd]
SECOND Board [Th]
Seat 7: d55f8b96 showed [4d 5d] and won ($740.06) with Sixes-High Straight / Sixes-High Straight
Seat 2: c2fe696a folded before Flop (didn't bet)
Seat 5: cd8cc200 folded before Flop (didn't bet)
Seat 4: 3aa4f9f9(big blind) folded before Flop
Seat 1: Hero folded on the Flop
Seat 3: 2b723a54(small blind) showed [4c 6c] and lost with Pair of Sixes / Pair of Tens and Pair of Sixes
Seat 6: 915d99b6 folded before Flop (didn't bet)



Poker Hand #ring_963326789: NLH No Limit ($2/$4) - 2025/06/29 23:34:17
Table 'MR NLH 2/4' 7-max Seat #1 is the button
Seat 7: d55f8b96 ($1,365.94 in chips)
Seat 2: c2fe696a ($276.58 in chips)
Seat 5: cd8cc200 ($806 in chips)
Seat 4: 3aa4f9f9 ($1,519.1 in chips)
Seat 1: Hero ($666.06 in chips)
Seat 3: 2b723a54 ($372.03 in chips)
Seat 6: 915d99b6 ($1,135.77 in chips)
c2fe696a: posts small blind $2
2b723a54: posts big blind $4
*** HOLE CARDS ***
Dealt to d55f8b96 
Dealt to c2fe696a 
Dealt to cd8cc200 
Dealt to 3aa4f9f9 
Dealt to Hero [6d 7c]
Dealt to 2b723a54 
Dealt to 915d99b6 
3aa4f9f9: folds
cd8cc200: folds
915d99b6: folds
d55f8b96: folds
Hero: raises $6 to $10
c2fe696a: folds
2b723a54: calls $6
*** FLOP *** [7d 3h Ah]
2b723a54: checks
Hero: bets $8
2b723a54: folds
Uncalled bet ($8) returned to Hero
*** SHOWDOWN ***
Hero collected $22 from pot
*** SUMMARY ***
Total pot $22
Board [7d 3h Ah]
Seat 7: d55f8b96 folded before Flop (didn't bet)
Seat 2: c2fe696a(small blind) folded before Flop
Seat 5: cd8cc200 folded before Flop (didn't bet)
Seat 4: 3aa4f9f9 folded before Flop (didn't bet)
Seat 1: Herowon ($22) with Pair of Sevens
Seat 3: 2b723a54(big blind) folded on the Flop
Seat 6: 915d99b6 folded before Flop (didn't bet)



Poker Hand #ring_963326089: NLH No Limit ($2/$4) - 2025/06/29 23:33:53
Table 'MR NLH 2/4' 7-max Seat #7 is the button
Seat 7: d55f8b96 ($1,365.94 in chips)
Seat 2: c2fe696a ($280.58 in chips)
Seat 5: cd8cc200 ($800 in chips)
Seat 4: 3aa4f9f9 ($1,519.1 in chips)
Seat 1: Hero ($668.06 in chips)
Seat 3: 2b723a54 ($372.03 in chips)
Seat 6: 915d99b6 ($1,135.77 in chips)
Hero: posts small blind $2
c2fe696a: posts big blind $4
*** HOLE CARDS ***
Dealt to d55f8b96 
Dealt to c2fe696a 
Dealt to cd8cc200 
Dealt to 3aa4f9f9 
Dealt to Hero [Js 4h]
Dealt to 2b723a54 
Dealt to 915d99b6 
2b723a54: folds
3aa4f9f9: folds
cd8cc200: raises $4.8 to $8.8
915d99b6: folds
d55f8b96: folds
Hero: folds
c2fe696a: folds
Uncalled bet ($4.8) returned to cd8cc200
*** SHOWDOWN ***
cd8cc200 collected $10 from pot
*** SUMMARY ***
Total pot $10
Seat 7: d55f8b96 folded before Flop (didn't bet)
Seat 2: c2fe696a(big blind) folded before Flop
Seat 5: cd8cc200won ($10)
Seat 4: 3aa4f9f9 folded before Flop (didn't bet)
Seat 1: Hero(small blind) folded before Flop
Seat 3: 2b723a54 folded before Flop (didn't bet)
Seat 6: 915d99b6 folded before Flop (didn't bet)



Poker Hand #ring_963324141: NLH No Limit ($2/$4) - 2025/06/29 23:32:48
Table 'MR NLH 2/4' 7-max Seat #6 is the button
Seat 7: d55f8b96 ($1,367.94 in chips)
Seat 2: c2fe696a ($280.58 in chips)
Seat 5: cd8cc200 ($800 in chips)
Seat 4: 3aa4f9f9 ($1,519.1 in chips)
Seat 1: Hero ($706.06 in chips)
Seat 3: 2b723a54 ($336.54 in chips)
Seat 6: 915d99b6 ($1,135.77 in chips)
d55f8b96: posts small blind $2
Hero: posts big blind $4
*** HOLE CARDS ***
Dealt to d55f8b96 
Dealt to c2fe696a 
Dealt to cd8cc200 
Dealt to 3aa4f9f9 
Dealt to Hero [Ah Qc]
Dealt to 2b723a54 
Dealt to 915d99b6 
c2fe696a: folds
2b723a54: raises $8 to $12
3aa4f9f9: folds
cd8cc200: folds
915d99b6: folds
d55f8b96: folds
Hero: raises $26 to $38
2b723a54: calls $26
*** FLOP *** [3s 3d 6h]
Hero: checks
2b723a54: bets $58.5
Hero: folds
Uncalled bet ($58.5) returned to 2b723a54
*** SHOWDOWN ***
2b723a54 collected $78 from pot
*** SUMMARY ***
Total pot $78
Board [3s 3d 6h]
Seat 7: d55f8b96(small blind) folded before Flop
Seat 2: c2fe696a folded before Flop (didn't bet)
Seat 5: cd8cc200 folded before Flop (didn't bet)
Seat 4: 3aa4f9f9 folded before Flop (didn't bet)
Seat 1: Hero(big blind) folded on the Flop
Seat 3: 2b723a54won ($78) with Pair of Sixes and Pair of Treys
Seat 6: 915d99b6 folded before Flop (didn't bet)



Poker Hand #ring_963322824: NLH No Limit ($2/$4) - 2025/06/29 23:32:06
Table 'MR NLH 2/4' 7-max Seat #5 is the button
Seat 7: d55f8b96 ($1,371.94 in chips)
Seat 2: c2fe696a ($280.58 in chips)
Seat 5: cd8cc200 ($800 in chips)
Seat 4: 3aa4f9f9 ($1,513.1 in chips)
Seat 1: Hero ($706.06 in chips)
Seat 3: 2b723a54 ($336.54 in chips)
Seat 6: 915d99b6 ($1,137.77 in chips)
915d99b6: posts small blind $2
d55f8b96: posts big blind $4
*** HOLE CARDS ***
Dealt to d55f8b96 
Dealt to c2fe696a 
Dealt to cd8cc200 
Dealt to 3aa4f9f9 
Dealt to Hero [8c 6h]
Dealt to 2b723a54 
Dealt to 915d99b6 
Hero: folds
c2fe696a: folds
2b723a54: folds
3aa4f9f9: raises $6 to $10
cd8cc200: folds
915d99b6: folds
d55f8b96: folds
Uncalled bet ($6) returned to 3aa4f9f9
*** SHOWDOWN ***
3aa4f9f9 collected $10 from pot
*** SUMMARY ***
Total pot $10
Seat 7: d55f8b96(big blind) folded before Flop
Seat 2: c2fe696a folded before Flop (didn't bet)
Seat 5: cd8cc200 folded before Flop (didn't bet)
Seat 4: 3aa4f9f9won ($10)
Seat 1: Hero folded before Flop (didn't bet)
Seat 3: 2b723a54 folded before Flop (didn't bet)
Seat 6: 915d99b6(small blind) folded before Flop



Poker Hand #ring_963321700: NLH No Limit ($2/$4) - 2025/06/29 23:31:29
Table 'MR NLH 2/4' 7-max Seat #4 is the button
Seat 7: d55f8b96 ($1,371.94 in chips)
Seat 2: c2fe696a ($280.58 in chips)
Seat 5: cd8cc200 ($802 in chips)
Seat 4: 3aa4f9f9 ($1,513.1 in chips)
Seat 1: Hero ($706.06 in chips)
Seat 3: 2b723a54 ($323.71 in chips)
Seat 6: 915d99b6 ($1,149.77 in chips)
cd8cc200: posts small blind $2
915d99b6: posts big blind $4
*** HOLE CARDS ***
Dealt to d55f8b96 
Dealt to c2fe696a 
Dealt to cd8cc200 
Dealt to 3aa4f9f9 
Dealt to Hero [9h 5h]
Dealt to 2b723a54 
Dealt to 915d99b6 
d55f8b96: folds
Hero: folds
c2fe696a: folds
2b723a54: raises $8 to $12
3aa4f9f9: folds
cd8cc200: folds
915d99b6: calls $8
*** FLOP *** [Th Ah 3h]
915d99b6: checks
2b723a54: bets $19.5
915d99b6: folds
Uncalled bet ($19.5) returned to 2b723a54
*** SHOWDOWN ***
2b723a54 collected $26 from pot
*** SUMMARY ***
Total pot $26
Board [Th Ah 3h]
Seat 7: d55f8b96 folded before Flop (didn't bet)
Seat 2: c2fe696a folded before Flop (didn't bet)
Seat 5: cd8cc200(small blind) folded before Flop
Seat 4: 3aa4f9f9 folded before Flop (didn't bet)
Seat 1: Hero folded before Flop (didn't bet)
Seat 3: 2b723a54won ($26) with Pair of Aces
Seat 6: 915d99b6(big blind) folded on the Flop



Poker Hand #ring_963318446: NLH No Limit ($2/$4) - 2025/06/29 23:29:41
Table 'MR NLH 2/4' 7-max Seat #3 is the button
Seat 7: d55f8b96 ($1,371.94 in chips)
Seat 2: c2fe696a ($280.58 in chips)
Seat 5: cd8cc200 ($806 in chips)
Seat 4: 3aa4f9f9 ($1,515.1 in chips)
Seat 1: Hero ($706.06 in chips)
Seat 3: 2b723a54 ($622.82 in chips)
Seat 6: 915d99b6 ($872.84 in chips)
3aa4f9f9: posts small blind $2
cd8cc200: posts big blind $4
*** HOLE CARDS ***
Dealt to d55f8b96 
Dealt to c2fe696a 
Dealt to cd8cc200 
Dealt to 3aa4f9f9 
Dealt to Hero [3s Kc]
Dealt to 2b723a54 
Dealt to 915d99b6 
915d99b6: raises $6 to $10
d55f8b96: folds
Hero: folds
c2fe696a: folds
2b723a54: raises $19.5 to $29.5
3aa4f9f9: folds
cd8cc200: folds
915d99b6: raises $58.5 to $88
2b723a54: calls $58.5
*** FLOP *** [4c 8c As]
915d99b6: bets $60.06
2b723a54: raises $151.05 to $211.11
915d99b6: calls $151.05
*** TURN *** [4c 8c As] [2d]
915d99b6: checks
2b723a54: checks
*** RIVER *** [4c 8c As 2d] [Ts]
915d99b6: bets $573.73 and is all-in
2b723a54: folds
Uncalled bet ($573.73) returned to 915d99b6
*** SHOWDOWN ***
915d99b6 collected $604.22 from pot
*** SUMMARY ***
Total pot $604.22
Board [4c 8c As 2d Ts]
Seat 7: d55f8b96 folded before Flop (didn't bet)
Seat 2: c2fe696a folded before Flop (didn't bet)
Seat 5: cd8cc200(big blind) folded before Flop
Seat 4: 3aa4f9f9(small blind) folded before Flop
Seat 1: Hero folded before Flop (didn't bet)
Seat 3: 2b723a54 folded on the River
Seat 6: 915d99b6won ($604.22) with Pair of Aces



Poker Hand #ring_963317758: NLH No Limit ($2/$4) - 2025/06/29 23:29:19
Table 'MR NLH 2/4' 7-max Seat #2 is the button
Seat 7: d55f8b96 ($1,371.94 in chips)
Seat 2: c2fe696a ($280.58 in chips)
Seat 5: cd8cc200 ($800 in chips)
Seat 4: 3aa4f9f9 ($1,519.1 in chips)
Seat 1: Hero ($706.06 in chips)
Seat 3: 2b723a54 ($624.82 in chips)
Seat 6: 915d99b6 ($872.84 in chips)
2b723a54: posts small blind $2
3aa4f9f9: posts big blind $4
*** HOLE CARDS ***
Dealt to d55f8b96 
Dealt to c2fe696a 
Dealt to cd8cc200 
Dealt to 3aa4f9f9 
Dealt to Hero [9c Jd]
Dealt to 2b723a54 
Dealt to 915d99b6 
cd8cc200: raises $4.8 to $8.8
915d99b6: folds
d55f8b96: folds
Hero: folds
c2fe696a: folds
2b723a54: folds
3aa4f9f9: folds
Uncalled bet ($4.8) returned to cd8cc200
*** SHOWDOWN ***
cd8cc200 collected $10 from pot
*** SUMMARY ***
Total pot $10
Seat 7: d55f8b96 folded before Flop (didn't bet)
Seat 2: c2fe696a folded before Flop (didn't bet)
Seat 5: cd8cc200won ($10)
Seat 4: 3aa4f9f9(big blind) folded before Flop
Seat 1: Hero folded before Flop (didn't bet)
Seat 3: 2b723a54(small blind) folded before Flop
Seat 6: 915d99b6 folded before Flop (didn't bet)



Poker Hand #ring_963315529: NLH No Limit ($2/$4) - 2025/06/29 23:28:06
Table 'MR NLH 2/4' 7-max Seat #1 is the button
Seat 7: d55f8b96 ($1,371.94 in chips)
Seat 2: c2fe696a ($282.58 in chips)
Seat 5: cd8cc200 ($800 in chips)
Seat 4: 3aa4f9f9 ($1,519.1 in chips)
Seat 1: Hero ($650.36 in chips)
Seat 3: 2b723a54 ($685.02 in chips)
Seat 6: 915d99b6 ($872.84 in chips)
c2fe696a: posts small blind $2
2b723a54: posts big blind $4
*** HOLE CARDS ***
Dealt to d55f8b96 
Dealt to c2fe696a 
Dealt to cd8cc200 
Dealt to 3aa4f9f9 
Dealt to Hero [9d Ac]
Dealt to 2b723a54 
Dealt to 915d99b6 
3aa4f9f9: folds
cd8cc200: folds
915d99b6: folds
d55f8b96: folds
Hero: raises $8 to $12
c2fe696a: folds
2b723a54: calls $8
*** FLOP *** [9c Th 7c]
2b723a54: checks
Hero: bets $13
2b723a54: calls $13
*** TURN *** [9c Th 7c] [Td]
2b723a54: checks
Hero: bets $35.2
2b723a54: calls $35.2
*** RIVER *** [9c Th 7c Td] [2h]
2b723a54: checks
Hero: checks
Hero: shows [9d Ac]
2b723a54: shows [Jh 9s]
*** SHOWDOWN ***
Hero collected $122.4 from pot
*** SUMMARY ***
Total pot $122.4
Board [9c Th 7c Td 2h]
Seat 7: d55f8b96 folded before Flop (didn't bet)
Seat 2: c2fe696a(small blind) folded before Flop
Seat 5: cd8cc200 folded before Flop (didn't bet)
Seat 4: 3aa4f9f9 folded before Flop (didn't bet)
Seat 1: Hero showed [9d Ac] and won ($122.4) with Pair of Tens and Pair of Nines
Seat 3: 2b723a54(big blind) showed [Jh 9s] and lost with Pair of Tens and Pair of Nines
Seat 6: 915d99b6 folded before Flop (didn't bet)



Poker Hand #ring_963312251: NLH No Limit ($2/$4) - 2025/06/29 23:26:16
Table 'MR NLH 2/4' 7-max Seat #7 is the button
Seat 7: d55f8b96 ($1,371.94 in chips)
Seat 2: c2fe696a ($286.58 in chips)
Seat 5: cd8cc200 ($869.23 in chips)
Seat 4: 3aa4f9f9 ($1,519.1 in chips)
Seat 1: Hero ($652.36 in chips)
Seat 3: 2b723a54 ($685.02 in chips)
Seat 6: 915d99b6 ($759.82 in chips)
Hero: posts small blind $2
c2fe696a: posts big blind $4
*** HOLE CARDS ***
Dealt to d55f8b96 
Dealt to c2fe696a 
Dealt to cd8cc200 
Dealt to 3aa4f9f9 
Dealt to Hero [Tc 5h]
Dealt to 2b723a54 
Dealt to 915d99b6 
2b723a54: folds
3aa4f9f9: folds
cd8cc200: raises $4.8 to $8.8
915d99b6: raises $17.6 to $26.4
d55f8b96: folds
Hero: folds
c2fe696a: folds
cd8cc200: calls $17.6
*** FLOP *** [Qd 2h Kh]
cd8cc200: checks
915d99b6: bets $19.4
cd8cc200: calls $19.4
*** TURN *** [Qd 2h Kh] [4c]
cd8cc200: checks
915d99b6: bets $73.2
cd8cc200: calls $73.2
*** RIVER *** [Qd 2h Kh 4c] [5s]
cd8cc200: checks
915d99b6: checks
cd8cc200: shows [As Jd]
915d99b6: shows [Jh Kc]
*** SHOWDOWN ***
915d99b6 collected $244 from pot
*** SUMMARY ***
Total pot $244
Board [Qd 2h Kh 4c 5s]
Seat 7: d55f8b96 folded before Flop (didn't bet)
Seat 2: c2fe696a(big blind) folded before Flop
Seat 5: cd8cc200 showed [As Jd] and lost with Ace-High
Seat 4: 3aa4f9f9 folded before Flop (didn't bet)
Seat 1: Hero(small blind) folded before Flop
Seat 3: 2b723a54 folded before Flop (didn't bet)
Seat 6: 915d99b6 showed [Jh Kc] and won ($244) with Pair of Kings



Poker Hand #ring_963311218: NLH No Limit ($2/$4) - 2025/06/29 23:25:41
Table 'MR NLH 2/4' 7-max Seat #6 is the button
Seat 7: d55f8b96 ($1,373.94 in chips)
Seat 2: c2fe696a ($286.58 in chips)
Seat 5: cd8cc200 ($869.23 in chips)
Seat 4: 3aa4f9f9 ($1,519.1 in chips)
Seat 1: Hero ($656.36 in chips)
Seat 3: 2b723a54 ($679.02 in chips)
Seat 6: 915d99b6 ($759.82 in chips)
d55f8b96: posts small blind $2
Hero: posts big blind $4
*** HOLE CARDS ***
Dealt to d55f8b96 
Dealt to c2fe696a 
Dealt to cd8cc200 
Dealt to 3aa4f9f9 
Dealt to Hero [3d 8s]
Dealt to 2b723a54 
Dealt to 915d99b6 
c2fe696a: folds
2b723a54: raises $4 to $8
3aa4f9f9: folds
cd8cc200: folds
915d99b6: folds
d55f8b96: folds
Hero: folds
Uncalled bet ($4) returned to 2b723a54
*** SHOWDOWN ***
2b723a54 collected $10 from pot
*** SUMMARY ***
Total pot $10
Seat 7: d55f8b96(small blind) folded before Flop
Seat 2: c2fe696a folded before Flop (didn't bet)
Seat 5: cd8cc200 folded before Flop (didn't bet)
Seat 4: 3aa4f9f9 folded before Flop (didn't bet)
Seat 1: Hero(big blind) folded before Flop
Seat 3: 2b723a54won ($10)
Seat 6: 915d99b6 folded before Flop (didn't bet)



Poker Hand #ring_963310254: NLH No Limit ($2/$4) - 2025/06/29 23:25:10
Table 'MR NLH 2/4' 7-max Seat #5 is the button
Seat 7: d55f8b96 ($1,377.94 in chips)
Seat 2: c2fe696a ($286.58 in chips)
Seat 5: cd8cc200 ($853.23 in chips)
Seat 4: 3aa4f9f9 ($1,529.1 in chips)
Seat 1: Hero ($656.36 in chips)
Seat 3: 2b723a54 ($679.02 in chips)
Seat 6: 915d99b6 ($761.82 in chips)
915d99b6: posts small blind $2
d55f8b96: posts big blind $4
*** HOLE CARDS ***
Dealt to d55f8b96 
Dealt to c2fe696a 
Dealt to cd8cc200 
Dealt to 3aa4f9f9 
Dealt to Hero [As 5c]
Dealt to 2b723a54 
Dealt to 915d99b6 
Hero: folds
c2fe696a: folds
2b723a54: folds
3aa4f9f9: raises $6 to $10
cd8cc200: raises $32 to $42
915d99b6: folds
d55f8b96: folds
3aa4f9f9: folds
Uncalled bet ($32) returned to cd8cc200
*** SHOWDOWN ***
cd8cc200 collected $26 from pot
*** SUMMARY ***
Total pot $26
Seat 7: d55f8b96(big blind) folded before Flop
Seat 2: c2fe696a folded before Flop (didn't bet)
Seat 5: cd8cc200won ($26)
Seat 4: 3aa4f9f9 folded before Flop
Seat 1: Hero folded before Flop (didn't bet)
Seat 3: 2b723a54 folded before Flop (didn't bet)
Seat 6: 915d99b6(small blind) folded before Flop



Poker Hand #ring_963309633: NLH No Limit ($2/$4) - 2025/06/29 23:24:49
Table 'MR NLH 2/4' 7-max Seat #4 is the button
Seat 7: d55f8b96 ($1,377.94 in chips)
Seat 2: c2fe696a ($286.58 in chips)
Seat 5: cd8cc200 ($855.23 in chips)
Seat 4: 3aa4f9f9 ($1,529.1 in chips)
Seat 1: Hero ($656.36 in chips)
Seat 3: 2b723a54 ($679.02 in chips)
Seat 6: 915d99b6 ($759.82 in chips)
cd8cc200: posts small blind $2
915d99b6: posts big blind $4
*** HOLE CARDS ***
Dealt to d55f8b96 
Dealt to c2fe696a 
Dealt to cd8cc200 
Dealt to 3aa4f9f9 
Dealt to Hero [8s 9h]
Dealt to 2b723a54 
Dealt to 915d99b6 
d55f8b96: folds
Hero: folds
c2fe696a: folds
2b723a54: folds
3aa4f9f9: folds
cd8cc200: folds
*** SHOWDOWN ***
915d99b6 collected $6 from pot
*** SUMMARY ***
Total pot $6
Seat 7: d55f8b96 folded before Flop (didn't bet)
Seat 2: c2fe696a folded before Flop (didn't bet)
Seat 5: cd8cc200(small blind) folded before Flop
Seat 4: 3aa4f9f9 folded before Flop (didn't bet)
Seat 1: Hero folded before Flop (didn't bet)
Seat 3: 2b723a54 folded before Flop (didn't bet)
Seat 6: 915d99b6(big blind)won ($6)



Poker Hand #ring_963307755: NLH No Limit ($2/$4) - 2025/06/29 23:23:48
Table 'MR NLH 2/4' 7-max Seat #3 is the button
Seat 7: d55f8b96 ($1,377.94 in chips)
Seat 2: c2fe696a ($261.92 in chips)
Seat 5: cd8cc200 ($859.23 in chips)
Seat 4: 3aa4f9f9 ($1,531.1 in chips)
Seat 1: Hero ($678.26 in chips)
Seat 3: 2b723a54 ($679.02 in chips)
Seat 6: 915d99b6 ($759.82 in chips)
3aa4f9f9: posts small blind $2
cd8cc200: posts big blind $4
*** HOLE CARDS ***
Dealt to d55f8b96 
Dealt to c2fe696a 
Dealt to cd8cc200 
Dealt to 3aa4f9f9 
Dealt to Hero [As 6s]
Dealt to 2b723a54 
Dealt to 915d99b6 
915d99b6: folds
d55f8b96: folds
Hero: raises $8 to $12
c2fe696a: raises $9.9 to $21.9
2b723a54: folds
3aa4f9f9: folds
cd8cc200: folds
Hero: calls $9.9
*** FLOP *** [Tc Qd 2h]
Hero: checks
c2fe696a: bets $24.9
Hero: folds
Uncalled bet ($24.9) returned to c2fe696a
*** SHOWDOWN ***
c2fe696a collected $49.8 from pot
*** SUMMARY ***
Total pot $49.8
Board [Tc Qd 2h]
Seat 7: d55f8b96 folded before Flop (didn't bet)
Seat 2: c2fe696awon ($49.8) with Pair of Queens
Seat 5: cd8cc200(big blind) folded before Flop
Seat 4: 3aa4f9f9(small blind) folded before Flop
Seat 1: Hero folded on the Flop
Seat 3: 2b723a54 folded before Flop (didn't bet)
Seat 6: 915d99b6 folded before Flop (didn't bet)



Poker Hand #ring_963306070: NLH No Limit ($2/$4) - 2025/06/29 23:22:53
Table 'MR NLH 2/4' 7-max Seat #2 is the button
Seat 7: d55f8b96 ($1,377.94 in chips)
Seat 2: c2fe696a ($273.92 in chips)
Seat 5: cd8cc200 ($859.23 in chips)
Seat 4: 3aa4f9f9 ($1,535.1 in chips)
Seat 1: Hero ($678.26 in chips)
Seat 3: 2b723a54 ($664.28 in chips)
Seat 6: 915d99b6 ($759.82 in chips)
2b723a54: posts small blind $2
3aa4f9f9: posts big blind $4
*** HOLE CARDS ***
Dealt to d55f8b96 
Dealt to c2fe696a 
Dealt to cd8cc200 
Dealt to 3aa4f9f9 
Dealt to Hero [9s 8h]
Dealt to 2b723a54 
Dealt to 915d99b6 
cd8cc200: folds
915d99b6: folds
d55f8b96: folds
Hero: folds
c2fe696a: raises $8 to $12
2b723a54: calls $10
3aa4f9f9: folds
*** FLOP *** [5s Jh 4s]
2b723a54: checks
c2fe696a: checks
*** TURN *** [5s Jh 4s] [9d]
2b723a54: bets $21
c2fe696a: folds
Uncalled bet ($21) returned to 2b723a54
*** SHOWDOWN ***
2b723a54 collected $28 from pot
*** SUMMARY ***
Total pot $28
Board [5s Jh 4s 9d]
Seat 7: d55f8b96 folded before Flop (didn't bet)
Seat 2: c2fe696a folded on the Turn
Seat 5: cd8cc200 folded before Flop (didn't bet)
Seat 4: 3aa4f9f9(big blind) folded before Flop
Seat 1: Hero folded before Flop (didn't bet)
Seat 3: 2b723a54(small blind)won ($28) with Pair of Fives and Pair of Fours
Seat 6: 915d99b6 folded before Flop (didn't bet)



Poker Hand #ring_963303420: NLH No Limit ($2/$4) - 2025/06/29 23:21:26
Table 'MR NLH 2/4' 7-max Seat #1 is the button
Seat 7: d55f8b96 ($1,407.94 in chips)
Seat 2: c2fe696a ($303.92 in chips)
Seat 5: cd8cc200 ($859.23 in chips)
Seat 4: 3aa4f9f9 ($1,535.1 in chips)
Seat 1: Hero ($678.26 in chips)
Seat 3: 2b723a54 ($609.33 in chips)
Seat 6: 915d99b6 ($759.82 in chips)
c2fe696a: posts small blind $2
2b723a54: posts big blind $4
*** HOLE CARDS ***
Dealt to d55f8b96 
Dealt to c2fe696a 
Dealt to cd8cc200 
Dealt to 3aa4f9f9 
Dealt to Hero [8d 6c]
Dealt to 2b723a54 
Dealt to 915d99b6 
3aa4f9f9: folds
cd8cc200: folds
915d99b6: folds
d55f8b96: raises $8 to $12
Hero: folds
c2fe696a: calls $10
2b723a54: raises $18 to $30
d55f8b96: calls $18
c2fe696a: calls $18
*** FLOP *** [3s 3c 2s]
c2fe696a: checks
2b723a54: bets $67.5
d55f8b96: folds
c2fe696a: folds
Uncalled bet ($67.5) returned to 2b723a54
*** SHOWDOWN ***
2b723a54 collected $90 from pot
*** SUMMARY ***
Total pot $90
Board [3s 3c 2s]
Seat 7: d55f8b96 folded on the Flop
Seat 2: c2fe696a(small blind) folded on the Flop
Seat 5: cd8cc200 folded before Flop (didn't bet)
Seat 4: 3aa4f9f9 folded before Flop (didn't bet)
Seat 1: Hero folded before Flop (didn't bet)
Seat 3: 2b723a54(big blind)won ($90) with Pair of Sevens and Pair of Treys
Seat 6: 915d99b6 folded before Flop (didn't bet)



Poker Hand #ring_963301207: NLH No Limit ($2/$4) - 2025/06/29 23:20:12
Table 'MR NLH 2/4' 7-max Seat #7 is the button
Seat 7: d55f8b96 ($1,407.94 in chips)
Seat 2: c2fe696a ($307.92 in chips)
Seat 5: cd8cc200 ($859.23 in chips)
Seat 4: 3aa4f9f9 ($1,535.1 in chips)
Seat 1: Hero ($651.41 in chips)
Seat 3: 2b723a54 ($635.73 in chips)
Seat 6: 915d99b6 ($759.82 in chips)
Hero: posts small blind $2
c2fe696a: posts big blind $4
*** HOLE CARDS ***
Dealt to d55f8b96 
Dealt to c2fe696a 
Dealt to cd8cc200 
Dealt to 3aa4f9f9 
Dealt to Hero [8s 8c]
Dealt to 2b723a54 
Dealt to 915d99b6 
2b723a54: raises $4 to $8
3aa4f9f9: folds
cd8cc200: folds
915d99b6: folds
d55f8b96: folds
Hero: raises $18.4 to $26.4
c2fe696a: folds
2b723a54: calls $18.4
*** FLOP *** [7c Td 3d]
Hero: checks
2b723a54: checks
*** TURN *** [7c Td 3d] [Ac]
Hero: checks
2b723a54: checks
*** RIVER *** [7c Td 3d Ac] [Ah]
Hero: checks
2b723a54: checks
Hero: shows [8s 8c]
2b723a54: shows [5s 5c]
*** SHOWDOWN ***
Hero collected $56.8 from pot
*** SUMMARY ***
Total pot $56.8
Board [7c Td 3d Ac Ah]
Seat 7: d55f8b96 folded before Flop (didn't bet)
Seat 2: c2fe696a(big blind) folded before Flop
Seat 5: cd8cc200 folded before Flop (didn't bet)
Seat 4: 3aa4f9f9 folded before Flop (didn't bet)
Seat 1: Hero(small blind) showed [8s 8c] and won ($56.8) with Pair of Aces and Pair of Eights
Seat 3: 2b723a54 showed [5s 5c] and lost with Pair of Aces and Pair of Fives
Seat 6: 915d99b6 folded before Flop (didn't bet)



Poker Hand #ring_963299146: NLH No Limit ($2/$4) - 2025/06/29 23:19:03
Table 'MR NLH 2/4' 7-max Seat #6 is the button
Seat 7: d55f8b96 ($1,409.94 in chips)
Seat 2: c2fe696a ($307.92 in chips)
Seat 5: cd8cc200 ($849.31 in chips)
Seat 4: 3aa4f9f9 ($1,535.1 in chips)
Seat 1: Hero ($660.21 in chips)
Seat 3: 2b723a54 ($635.73 in chips)
Seat 6: 915d99b6 ($759.82 in chips)
d55f8b96: posts small blind $2
Hero: posts big blind $4
*** HOLE CARDS ***
Dealt to d55f8b96 
Dealt to c2fe696a 
Dealt to cd8cc200 
Dealt to 3aa4f9f9 
Dealt to Hero [7s Qs]
Dealt to 2b723a54 
Dealt to 915d99b6 
c2fe696a: folds
2b723a54: folds
3aa4f9f9: folds
cd8cc200: raises $4.8 to $8.8
915d99b6: folds
d55f8b96: folds
Hero: calls $4.8
*** FLOP *** [9c Ac Qc]
Hero: checks
cd8cc200: checks
*** TURN *** [9c Ac Qc] [Kc]
Hero: checks
cd8cc200: checks
*** RIVER *** [9c Ac Qc Kc] [9h]
Hero: checks
cd8cc200: checks
Hero: shows [7s Qs]
cd8cc200: shows [As 2s]
*** SHOWDOWN ***
cd8cc200 collected $19.6 from pot
*** SUMMARY ***
Total pot $19.6
Board [9c Ac Qc Kc 9h]
Seat 7: d55f8b96(small blind) folded before Flop
Seat 2: c2fe696a folded before Flop (didn't bet)
Seat 5: cd8cc200 showed [As 2s] and won ($19.6) with Pair of Aces and Pair of Nines
Seat 4: 3aa4f9f9 folded before Flop (didn't bet)
Seat 1: Hero(big blind) showed [7s Qs] and lost with Pair of Queens and Pair of Nines
Seat 3: 2b723a54 folded before Flop (didn't bet)
Seat 6: 915d99b6 folded before Flop (didn't bet)



Poker Hand #ring_963298382: NLH No Limit ($2/$4) - 2025/06/29 23:18:37
Table 'MR NLH 2/4' 7-max Seat #5 is the button
Seat 7: d55f8b96 ($1,413.94 in chips)
Seat 2: c2fe696a ($307.92 in chips)
Seat 5: cd8cc200 ($849.31 in chips)
Seat 4: 3aa4f9f9 ($1,535.1 in chips)
Seat 1: Hero ($660.21 in chips)
Seat 3: 2b723a54 ($635.73 in chips)
Seat 6: 915d99b6 ($755.82 in chips)
915d99b6: posts small blind $2
d55f8b96: posts big blind $4
*** HOLE CARDS ***
Dealt to d55f8b96 
Dealt to c2fe696a 
Dealt to cd8cc200 
Dealt to 3aa4f9f9 
Dealt to Hero [Jh 8c]
Dealt to 2b723a54 
Dealt to 915d99b6 
Hero: folds
c2fe696a: folds
2b723a54: folds
3aa4f9f9: folds
cd8cc200: folds
915d99b6: raises $10 to $14
d55f8b96: folds
Uncalled bet ($10) returned to 915d99b6
*** SHOWDOWN ***
915d99b6 collected $8 from pot
*** SUMMARY ***
Total pot $8
Seat 7: d55f8b96(big blind) folded before Flop
Seat 2: c2fe696a folded before Flop (didn't bet)
Seat 5: cd8cc200 folded before Flop (didn't bet)
Seat 4: 3aa4f9f9 folded before Flop (didn't bet)
Seat 1: Hero folded before Flop (didn't bet)
Seat 3: 2b723a54 folded before Flop (didn't bet)
Seat 6: 915d99b6(small blind)won ($8)



Poker Hand #ring_963297675: NLH No Limit ($2/$4) - 2025/06/29 23:18:15
Table 'MR NLH 2/4' 7-max Seat #4 is the button
Seat 7: d55f8b96 ($1,413.94 in chips)
Seat 2: c2fe696a ($307.92 in chips)
Seat 5: cd8cc200 ($851.31 in chips)
Seat 4: 3aa4f9f9 ($1,535.1 in chips)
Seat 1: Hero ($660.21 in chips)
Seat 3: 2b723a54 ($635.73 in chips)
Seat 6: 915d99b6 ($753.82 in chips)
cd8cc200: posts small blind $2
915d99b6: posts big blind $4
*** HOLE CARDS ***
Dealt to d55f8b96 
Dealt to c2fe696a 
Dealt to cd8cc200 
Dealt to 3aa4f9f9 
Dealt to Hero [Tc Js]
Dealt to 2b723a54 
Dealt to 915d99b6 
d55f8b96: folds
Hero: folds
c2fe696a: folds
2b723a54: folds
3aa4f9f9: folds
cd8cc200: folds
*** SHOWDOWN ***
915d99b6 collected $6 from pot
*** SUMMARY ***
Total pot $6
Seat 7: d55f8b96 folded before Flop (didn't bet)
Seat 2: c2fe696a folded before Flop (didn't bet)
Seat 5: cd8cc200(small blind) folded before Flop
Seat 4: 3aa4f9f9 folded before Flop (didn't bet)
Seat 1: Hero folded before Flop (didn't bet)
Seat 3: 2b723a54 folded before Flop (didn't bet)
Seat 6: 915d99b6(big blind)won ($6)



Poker Hand #ring_963296289: NLH No Limit ($2/$4) - 2025/06/29 23:17:29
Table 'MR NLH 2/4' 7-max Seat #3 is the button
Seat 7: d55f8b96 ($1,413.94 in chips)
Seat 2: c2fe696a ($298 in chips)
Seat 5: cd8cc200 ($860.11 in chips)
Seat 4: 3aa4f9f9 ($1,537.1 in chips)
Seat 1: Hero ($660.21 in chips)
Seat 3: 2b723a54 ($635.73 in chips)
Seat 6: 915d99b6 ($753.82 in chips)
3aa4f9f9: posts small blind $2
cd8cc200: posts big blind $4
*** HOLE CARDS ***
Dealt to d55f8b96 
Dealt to c2fe696a 
Dealt to cd8cc200 
Dealt to 3aa4f9f9 
Dealt to Hero [6d 5h]
Dealt to 2b723a54 
Dealt to 915d99b6 
915d99b6: folds
d55f8b96: folds
Hero: folds
c2fe696a: raises $4.8 to $8.8
2b723a54: folds
3aa4f9f9: folds
cd8cc200: calls $4.8
*** FLOP *** [Qs Ks Ts]
cd8cc200: checks
c2fe696a: bets $6.46
cd8cc200: folds
Uncalled bet ($6.46) returned to c2fe696a
*** SHOWDOWN ***
c2fe696a collected $19.6 from pot
*** SUMMARY ***
Total pot $19.6
Board [Qs Ks Ts]
Seat 7: d55f8b96 folded before Flop (didn't bet)
Seat 2: c2fe696awon ($19.6) with King High Flush
Seat 5: cd8cc200(big blind) folded on the Flop
Seat 4: 3aa4f9f9(small blind) folded before Flop
Seat 1: Hero folded before Flop (didn't bet)
Seat 3: 2b723a54 folded before Flop (didn't bet)
Seat 6: 915d99b6 folded before Flop (didn't bet)



Poker Hand #ring_963295143: NLH No Limit ($2/$4) - 2025/06/29 23:16:51
Table 'MR NLH 2/4' 7-max Seat #2 is the button
Seat 7: d55f8b96 ($1,413.94 in chips)
Seat 2: c2fe696a ($298 in chips)
Seat 5: cd8cc200 ($868.91 in chips)
Seat 4: 3aa4f9f9 ($1,541.1 in chips)
Seat 1: Hero ($636.61 in chips)
Seat 3: 2b723a54 ($637.73 in chips)
Seat 6: 915d99b6 ($762.62 in chips)
2b723a54: posts small blind $2
3aa4f9f9: posts big blind $4
*** HOLE CARDS ***
Dealt to d55f8b96 
Dealt to c2fe696a 
Dealt to cd8cc200 
Dealt to 3aa4f9f9 
Dealt to Hero [Kh As]
Dealt to 2b723a54 
Dealt to 915d99b6 
cd8cc200: raises $4.8 to $8.8
915d99b6: calls $8.8
d55f8b96: folds
Hero: raises $37.26 to $46.06
c2fe696a: folds
2b723a54: folds
3aa4f9f9: folds
cd8cc200: folds
915d99b6: folds
Uncalled bet ($37.26) returned to Hero
*** SHOWDOWN ***
Hero collected $32.4 from pot
*** SUMMARY ***
Total pot $32.4
Seat 7: d55f8b96 folded before Flop (didn't bet)
Seat 2: c2fe696a folded before Flop (didn't bet)
Seat 5: cd8cc200 folded before Flop
Seat 4: 3aa4f9f9(big blind) folded before Flop
Seat 1: Herowon ($32.4)
Seat 3: 2b723a54(small blind) folded before Flop
Seat 6: 915d99b6 folded before Flop



Poker Hand #ring_963294092: NLH No Limit ($2/$4) - 2025/06/29 23:16:15
Table 'MR NLH 2/4' 7-max Seat #1 is the button
Seat 7: d55f8b96 ($1,413.94 in chips)
Seat 2: c2fe696a ($300 in chips)
Seat 5: cd8cc200 ($868.91 in chips)
Seat 4: 3aa4f9f9 ($1,541.1 in chips)
Seat 1: Hero ($630.61 in chips)
Seat 3: 2b723a54 ($641.73 in chips)
Seat 6: 915d99b6 ($762.62 in chips)
c2fe696a: posts small blind $2
2b723a54: posts big blind $4
*** HOLE CARDS ***
Dealt to d55f8b96 
Dealt to c2fe696a 
Dealt to cd8cc200 
Dealt to 3aa4f9f9 
Dealt to Hero [9s 8h]
Dealt to 2b723a54 
Dealt to 915d99b6 
3aa4f9f9: folds
cd8cc200: folds
915d99b6: folds
d55f8b96: folds
Hero: raises $6 to $10
c2fe696a: folds
2b723a54: folds
Uncalled bet ($6) returned to Hero
*** SHOWDOWN ***
Hero collected $10 from pot
*** SUMMARY ***
Total pot $10
Seat 7: d55f8b96 folded before Flop (didn't bet)
Seat 2: c2fe696a(small blind) folded before Flop
Seat 5: cd8cc200 folded before Flop (didn't bet)
Seat 4: 3aa4f9f9 folded before Flop (didn't bet)
Seat 1: Herowon ($10)
Seat 3: 2b723a54(big blind) folded before Flop
Seat 6: 915d99b6 folded before Flop (didn't bet)



Poker Hand #ring_963292877: NLH No Limit ($2/$4) - 2025/06/29 23:15:36
Table 'MR NLH 2/4' 7-max Seat #7 is the button
Seat 7: d55f8b96 ($1,413.94 in chips)
Seat 2: c2fe696a ($304 in chips)
Seat 5: cd8cc200 ($868.91 in chips)
Seat 4: 3aa4f9f9 ($1,541.1 in chips)
Seat 1: Hero ($632.61 in chips)
Seat 3: 2b723a54 ($635.73 in chips)
Seat 6: 915d99b6 ($762.62 in chips)
Hero: posts small blind $2
c2fe696a: posts big blind $4
*** HOLE CARDS ***
Dealt to d55f8b96 
Dealt to c2fe696a 
Dealt to cd8cc200 
Dealt to 3aa4f9f9 
Dealt to Hero [8s Qh]
Dealt to 2b723a54 
Dealt to 915d99b6 
2b723a54: raises $8 to $12
3aa4f9f9: folds
cd8cc200: folds
915d99b6: folds
d55f8b96: folds
Hero: folds
c2fe696a: folds
Uncalled bet ($8) returned to 2b723a54
*** SHOWDOWN ***
2b723a54 collected $10 from pot
*** SUMMARY ***
Total pot $10
Seat 7: d55f8b96 folded before Flop (didn't bet)
Seat 2: c2fe696a(big blind) folded before Flop
Seat 5: cd8cc200 folded before Flop (didn't bet)
Seat 4: 3aa4f9f9 folded before Flop (didn't bet)
Seat 1: Hero(small blind) folded before Flop
Seat 3: 2b723a54won ($10)
Seat 6: 915d99b6 folded before Flop (didn't bet)



Poker Hand #ring_963292162: NLH No Limit ($2/$4) - 2025/06/29 23:15:12
Table 'MR NLH 2/4' 7-max Seat #6 is the button
Seat 7: d55f8b96 ($1,415.94 in chips)
Seat 5: cd8cc200 ($868.91 in chips)
Seat 4: 3aa4f9f9 ($1,541.1 in chips)
Seat 1: Hero ($636.61 in chips)
Seat 3: 2b723a54 ($629.73 in chips)
Seat 6: 915d99b6 ($762.62 in chips)
d55f8b96: posts small blind $2
Hero: posts big blind $4
*** HOLE CARDS ***
Dealt to d55f8b96 
Dealt to cd8cc200 
Dealt to 3aa4f9f9 
Dealt to Hero [8c 2h]
Dealt to 2b723a54 
Dealt to 915d99b6 
2b723a54: raises $8 to $12
3aa4f9f9: folds
cd8cc200: folds
915d99b6: folds
d55f8b96: folds
Hero: folds
Uncalled bet ($8) returned to 2b723a54
*** SHOWDOWN ***
2b723a54 collected $10 from pot
*** SUMMARY ***
Total pot $10
Seat 7: d55f8b96(small blind) folded before Flop
Seat 5: cd8cc200 folded before Flop (didn't bet)
Seat 4: 3aa4f9f9 folded before Flop (didn't bet)
Seat 1: Hero(big blind) folded before Flop
Seat 3: 2b723a54won ($10)
Seat 6: 915d99b6 folded before Flop (didn't bet)



Poker Hand #ring_963290574: NLH No Limit ($2/$4) - 2025/06/29 23:14:20
Table 'MR NLH 2/4' 7-max Seat #5 is the button
Seat 7: d55f8b96 ($1,419.94 in chips)
Seat 5: cd8cc200 ($862.91 in chips)
Seat 4: 3aa4f9f9 ($1,541.1 in chips)
Seat 1: Hero ($636.61 in chips)
Seat 3: 2b723a54 ($629.73 in chips)
Seat 6: 915d99b6 ($764.62 in chips)
915d99b6: posts small blind $2
d55f8b96: posts big blind $4
*** HOLE CARDS ***
Dealt to d55f8b96 
Dealt to cd8cc200 
Dealt to 3aa4f9f9 
Dealt to Hero [Ah 3c]
Dealt to 2b723a54 
Dealt to 915d99b6 
Hero: folds
2b723a54: folds
3aa4f9f9: folds
cd8cc200: raises $6 to $10
915d99b6: folds
d55f8b96: folds
Uncalled bet ($6) returned to cd8cc200
*** SHOWDOWN ***
cd8cc200 collected $10 from pot
*** SUMMARY ***
Total pot $10
Seat 7: d55f8b96(big blind) folded before Flop
Seat 5: cd8cc200won ($10)
Seat 4: 3aa4f9f9 folded before Flop (didn't bet)
Seat 1: Hero folded before Flop (didn't bet)
Seat 3: 2b723a54 folded before Flop (didn't bet)
Seat 6: 915d99b6(small blind) folded before Flop



Poker Hand #ring_963288447: NLH No Limit ($2/$4) - 2025/06/29 23:13:08
Table 'MR NLH 2/4' 7-max Seat #4 is the button
Seat 7: d55f8b96 ($1,419.94 in chips)
Seat 5: cd8cc200 ($864.91 in chips)
Seat 4: 3aa4f9f9 ($1,528.27 in chips)
Seat 1: Hero ($636.61 in chips)
Seat 3: 2b723a54 ($629.73 in chips)
Seat 6: 915d99b6 ($776.62 in chips)
cd8cc200: posts small blind $2
915d99b6: posts big blind $4
*** HOLE CARDS ***
Dealt to d55f8b96 
Dealt to cd8cc200 
Dealt to 3aa4f9f9 
Dealt to Hero [7c 5d]
Dealt to 2b723a54 
Dealt to 915d99b6 
d55f8b96: folds
Hero: folds
2b723a54: folds
3aa4f9f9: raises $8 to $12
cd8cc200: folds
915d99b6: calls $8
*** FLOP *** [Jc 7s 8s]
915d99b6: checks
3aa4f9f9: checks
*** TURN *** [Jc 7s 8s] [6d]
915d99b6: checks
3aa4f9f9: checks
*** RIVER *** [Jc 7s 8s 6d] [Ac]
915d99b6: checks
3aa4f9f9: checks
3aa4f9f9: shows [Kd 7h]
915d99b6: shows [7d 9d]
*** SHOWDOWN ***
3aa4f9f9 collected $26 from pot
*** SUMMARY ***
Total pot $26
Board [Jc 7s 8s 6d Ac]
Seat 7: d55f8b96 folded before Flop (didn't bet)
Seat 5: cd8cc200(small blind) folded before Flop
Seat 4: 3aa4f9f9 showed [Kd 7h] and won ($26) with Pair of Sevens
Seat 1: Hero folded before Flop (didn't bet)
Seat 3: 2b723a54 folded before Flop (didn't bet)
Seat 6: 915d99b6(big blind) showed [7d 9d] and lost with Pair of Sevens



Poker Hand #ring_963287646: NLH No Limit ($2/$4) - 2025/06/29 23:12:40
Table 'MR NLH 2/4' 7-max Seat #3 is the button
Seat 7: d55f8b96 ($1,413.94 in chips)
Seat 5: cd8cc200 ($868.91 in chips)
Seat 4: 3aa4f9f9 ($1,530.27 in chips)
Seat 1: Hero ($636.61 in chips)
Seat 3: 2b723a54 ($629.73 in chips)
Seat 6: 915d99b6 ($776.62 in chips)
3aa4f9f9: posts small blind $2
cd8cc200: posts big blind $4
*** HOLE CARDS ***
Dealt to d55f8b96 
Dealt to cd8cc200 
Dealt to 3aa4f9f9 
Dealt to Hero [5s 3d]
Dealt to 2b723a54 
Dealt to 915d99b6 
915d99b6: folds
d55f8b96: raises $8 to $12
Hero: folds
2b723a54: folds
3aa4f9f9: folds
cd8cc200: folds
Uncalled bet ($8) returned to d55f8b96
*** SHOWDOWN ***
d55f8b96 collected $10 from pot
*** SUMMARY ***
Total pot $10
Seat 7: d55f8b96won ($10)
Seat 5: cd8cc200(big blind) folded before Flop
Seat 4: 3aa4f9f9(small blind) folded before Flop
Seat 1: Hero folded before Flop (didn't bet)
Seat 3: 2b723a54 folded before Flop (didn't bet)
Seat 6: 915d99b6 folded before Flop (didn't bet)



Poker Hand #ring_963286779: NLH No Limit ($2/$4) - 2025/06/29 23:12:12
Table 'MR NLH 2/4' 7-max Seat #1 is the button
Seat 7: d55f8b96 ($1,413.94 in chips)
Seat 5: cd8cc200 ($868.91 in chips)
Seat 4: 3aa4f9f9 ($1,534.27 in chips)
Seat 1: Hero ($636.61 in chips)
Seat 3: 2b723a54 ($625.73 in chips)
Seat 6: 915d99b6 ($776.62 in chips)
2b723a54: posts small blind $2
3aa4f9f9: posts big blind $4
*** HOLE CARDS ***
Dealt to d55f8b96 
Dealt to cd8cc200 
Dealt to 3aa4f9f9 
Dealt to Hero [5c 6h]
Dealt to 2b723a54 
Dealt to 915d99b6 
cd8cc200: folds
915d99b6: folds
d55f8b96: folds
Hero: folds
2b723a54: raises $4 to $8
3aa4f9f9: folds
Uncalled bet ($4) returned to 2b723a54
*** SHOWDOWN ***
2b723a54 collected $8 from pot
*** SUMMARY ***
Total pot $8
Seat 7: d55f8b96 folded before Flop (didn't bet)
Seat 5: cd8cc200 folded before Flop (didn't bet)
Seat 4: 3aa4f9f9(big blind) folded before Flop
Seat 1: Hero folded before Flop (didn't bet)
Seat 3: 2b723a54(small blind)won ($8)
Seat 6: 915d99b6 folded before Flop (didn't bet)



Poker Hand #ring_963286100: NLH No Limit ($2/$4) - 2025/06/29 23:11:49
Table 'MR NLH 2/4' 7-max Seat #7 is the button
Seat 7: d55f8b96 ($1,413.94 in chips)
Seat 5: cd8cc200 ($868.91 in chips)
Seat 4: 3aa4f9f9 ($1,528.27 in chips)
Seat 1: Hero ($638.61 in chips)
Seat 3: 2b723a54 ($629.73 in chips)
Seat 6: 915d99b6 ($776.62 in chips)
Hero: posts small blind $2
2b723a54: posts big blind $4
*** HOLE CARDS ***
Dealt to d55f8b96 
Dealt to cd8cc200 
Dealt to 3aa4f9f9 
Dealt to Hero [As 7h]
Dealt to 2b723a54 
Dealt to 915d99b6 
3aa4f9f9: raises $6 to $10
cd8cc200: folds
915d99b6: folds
d55f8b96: folds
Hero: folds
2b723a54: folds
Uncalled bet ($6) returned to 3aa4f9f9
*** SHOWDOWN ***
3aa4f9f9 collected $10 from pot
*** SUMMARY ***
Total pot $10
Seat 7: d55f8b96 folded before Flop (didn't bet)
Seat 5: cd8cc200 folded before Flop (didn't bet)
Seat 4: 3aa4f9f9won ($10)
Seat 1: Hero(small blind) folded before Flop
Seat 3: 2b723a54(big blind) folded before Flop
Seat 6: 915d99b6 folded before Flop (didn't bet)



Poker Hand #ring_963284300: NLH No Limit ($2/$4) - 2025/06/29 23:10:48
Table 'MR NLH 2/4' 7-max Seat #6 is the button
Seat 7: d55f8b96 ($1,415.94 in chips)
Seat 5: cd8cc200 ($868.91 in chips)
Seat 4: 3aa4f9f9 ($1,549.27 in chips)
Seat 1: Hero ($618.59 in chips)
Seat 3: 2b723a54 ($629.73 in chips)
Seat 6: 915d99b6 ($776.62 in chips)
d55f8b96: posts small blind $2
Hero: posts big blind $4
*** HOLE CARDS ***
Dealt to d55f8b96 
Dealt to cd8cc200 
Dealt to 3aa4f9f9 
Dealt to Hero [5c 7d]
Dealt to 2b723a54 
Dealt to 915d99b6 
2b723a54: folds
3aa4f9f9: raises $6 to $10
cd8cc200: folds
915d99b6: folds
d55f8b96: folds
Hero: calls $6
*** FLOP *** [Qs 8s 6d]
Hero: checks
3aa4f9f9: checks
*** TURN *** [Qs 8s 6d] [9h]
Hero: bets $11
3aa4f9f9: calls $11
*** RIVER *** [Qs 8s 6d 9h] [4h]
Hero: bets $50.6
3aa4f9f9: folds
Uncalled bet ($50.6) returned to Hero
*** SHOWDOWN ***
Hero collected $44 from pot
*** SUMMARY ***
Total pot $44
Board [Qs 8s 6d 9h 4h]
Seat 7: d55f8b96(small blind) folded before Flop
Seat 5: cd8cc200 folded before Flop (didn't bet)
Seat 4: 3aa4f9f9 folded on the River
Seat 1: Hero(big blind)won ($44) with Nines-High Straight
Seat 3: 2b723a54 folded before Flop (didn't bet)
Seat 6: 915d99b6 folded before Flop (didn't bet)



Poker Hand #ring_963283618: NLH No Limit ($2/$4) - 2025/06/29 23:10:27
Table 'MR NLH 2/4' 7-max Seat #5 is the button
Seat 7: d55f8b96 ($1,419.94 in chips)
Seat 5: cd8cc200 ($868.91 in chips)
Seat 4: 3aa4f9f9 ($1,549.27 in chips)
Seat 1: Hero ($618.59 in chips)
Seat 3: 2b723a54 ($623.73 in chips)
Seat 6: 915d99b6 ($778.62 in chips)
915d99b6: posts small blind $2
d55f8b96: posts big blind $4
*** HOLE CARDS ***
Dealt to d55f8b96 
Dealt to cd8cc200 
Dealt to 3aa4f9f9 
Dealt to Hero [4h 9h]
Dealt to 2b723a54 
Dealt to 915d99b6 
Hero: folds
2b723a54: raises $8 to $12
3aa4f9f9: folds
cd8cc200: folds
915d99b6: folds
d55f8b96: folds
Uncalled bet ($8) returned to 2b723a54
*** SHOWDOWN ***
2b723a54 collected $10 from pot
*** SUMMARY ***
Total pot $10
Seat 7: d55f8b96(big blind) folded before Flop
Seat 5: cd8cc200 folded before Flop (didn't bet)
Seat 4: 3aa4f9f9 folded before Flop (didn't bet)
Seat 1: Hero folded before Flop (didn't bet)
Seat 3: 2b723a54won ($10)
Seat 6: 915d99b6(small blind) folded before Flop



Poker Hand #ring_963282984: NLH No Limit ($2/$4) - 2025/06/29 23:10:05
Table 'MR NLH 2/4' 7-max Seat #4 is the button
Seat 7: d55f8b96 ($1,419.94 in chips)
Seat 5: cd8cc200 ($870.91 in chips)
Seat 4: 3aa4f9f9 ($1,549.27 in chips)
Seat 1: Hero ($618.59 in chips)
Seat 3: 2b723a54 ($617.73 in chips)
Seat 6: 915d99b6 ($782.62 in chips)
cd8cc200: posts small blind $2
915d99b6: posts big blind $4
*** HOLE CARDS ***
Dealt to d55f8b96 
Dealt to cd8cc200 
Dealt to 3aa4f9f9 
Dealt to Hero [7d 9c]
Dealt to 2b723a54 
Dealt to 915d99b6 
d55f8b96: folds
Hero: folds
2b723a54: raises $8 to $12
3aa4f9f9: folds
cd8cc200: folds
915d99b6: folds
Uncalled bet ($8) returned to 2b723a54
*** SHOWDOWN ***
2b723a54 collected $10 from pot
*** SUMMARY ***
Total pot $10
Seat 7: d55f8b96 folded before Flop (didn't bet)
Seat 5: cd8cc200(small blind) folded before Flop
Seat 4: 3aa4f9f9 folded before Flop (didn't bet)
Seat 1: Hero folded before Flop (didn't bet)
Seat 3: 2b723a54won ($10)
Seat 6: 915d99b6(big blind) folded before Flop



Poker Hand #ring_963281185: NLH No Limit ($2/$4) - 2025/06/29 23:09:04
Table 'MR NLH 2/4' 7-max Seat #3 is the button
Seat 7: d55f8b96 ($1,419.94 in chips)
Seat 5: cd8cc200 ($882.91 in chips)
Seat 4: 3aa4f9f9 ($1,538.35 in chips)
Seat 1: Hero ($618.59 in chips)
Seat 2: 1d792dad ($1,211.9 in chips)
Seat 3: 2b723a54 ($617.73 in chips)
Seat 6: 915d99b6 ($782.62 in chips)
3aa4f9f9: posts small blind $2
cd8cc200: posts big blind $4
*** HOLE CARDS ***
Dealt to d55f8b96 
Dealt to cd8cc200 
Dealt to 3aa4f9f9 
Dealt to Hero [Ks 7s]
Dealt to 1d792dad 
Dealt to 2b723a54 
Dealt to 915d99b6 
915d99b6: folds
d55f8b96: folds
Hero: folds
1d792dad: folds
2b723a54: folds
3aa4f9f9: raises $8 to $12
cd8cc200: calls $8
*** FLOP *** [8s As 4c]
3aa4f9f9: checks
cd8cc200: checks
*** TURN *** [8s As 4c] [4d]
3aa4f9f9: checks
cd8cc200: checks
*** RIVER *** [8s As 4c 4d] [4h]
3aa4f9f9: checks
cd8cc200: checks
3aa4f9f9: shows [Kc 9c]
cd8cc200: shows [7d Qd]
*** SHOWDOWN ***
3aa4f9f9 collected $24 from pot
*** SUMMARY ***
Total pot $24
Board [8s As 4c 4d 4h]
Seat 7: d55f8b96 folded before Flop (didn't bet)
Seat 5: cd8cc200(big blind) showed [7d Qd] and lost with Three Fours
Seat 4: 3aa4f9f9(small blind) showed [Kc 9c] and won ($24) with Three Fours
Seat 1: Hero folded before Flop (didn't bet)
Seat 2: 1d792dad folded before Flop (didn't bet)
Seat 3: 2b723a54 folded before Flop (didn't bet)
Seat 6: 915d99b6 folded before Flop (didn't bet)



Poker Hand #ring_963279505: NLH No Limit ($2/$4) - 2025/06/29 23:08:09
Table 'MR NLH 2/4' 7-max Seat #2 is the button
Seat 7: d55f8b96 ($1,419.94 in chips)
Seat 5: cd8cc200 ($882.91 in chips)
Seat 4: 3aa4f9f9 ($1,531.07 in chips)
Seat 1: Hero ($618.59 in chips)
Seat 2: 1d792dad ($1,211.9 in chips)
Seat 3: 2b723a54 ($625.73 in chips)
Seat 6: 915d99b6 ($782.62 in chips)
2b723a54: posts small blind $2
3aa4f9f9: posts big blind $4
*** HOLE CARDS ***
Dealt to d55f8b96 
Dealt to cd8cc200 
Dealt to 3aa4f9f9 
Dealt to Hero [Kc Ts]
Dealt to 1d792dad 
Dealt to 2b723a54 
Dealt to 915d99b6 
cd8cc200: folds
915d99b6: folds
d55f8b96: folds
Hero: folds
1d792dad: folds
2b723a54: raises $4 to $8
3aa4f9f9: calls $4
*** FLOP *** [2s 2h 9c]
2b723a54: checks
3aa4f9f9: checks
*** TURN *** [2s 2h 9c] [9s]
2b723a54: checks
3aa4f9f9: bets $12
2b723a54: folds
Uncalled bet ($12) returned to 3aa4f9f9
*** SHOWDOWN ***
3aa4f9f9 collected $16 from pot
*** SUMMARY ***
Total pot $16
Board [2s 2h 9c 9s]
Seat 7: d55f8b96 folded before Flop (didn't bet)
Seat 5: cd8cc200 folded before Flop (didn't bet)
Seat 4: 3aa4f9f9(big blind)won ($16) with Nines Full over Twos
Seat 1: Hero folded before Flop (didn't bet)
Seat 2: 1d792dad folded before Flop (didn't bet)
Seat 3: 2b723a54(small blind) folded on the Turn
Seat 6: 915d99b6 folded before Flop (didn't bet)



Poker Hand #ring_963277813: NLH No Limit ($2/$4) - 2025/06/29 23:07:11
Table 'MR NLH 2/4' 7-max Seat #1 is the button
Seat 7: d55f8b96 ($1,419.94 in chips)
Seat 5: cd8cc200 ($882.91 in chips)
Seat 4: 3aa4f9f9 ($1,531.07 in chips)
Seat 1: Hero ($601.57 in chips)
Seat 2: 1d792dad ($1,213.9 in chips)
Seat 3: 2b723a54 ($642.33 in chips)
Seat 6: 915d99b6 ($782.62 in chips)
1d792dad: posts small blind $2
2b723a54: posts big blind $4
*** HOLE CARDS ***
Dealt to d55f8b96 
Dealt to cd8cc200 
Dealt to 3aa4f9f9 
Dealt to Hero [Ac 7s]
Dealt to 1d792dad 
Dealt to 2b723a54 
Dealt to 915d99b6 
3aa4f9f9: folds
cd8cc200: folds
915d99b6: folds
d55f8b96: folds
Hero: raises $6 to $10
1d792dad: folds
2b723a54: calls $6
*** FLOP *** [4s Js 7h]
2b723a54: checks
Hero: bets $6.6
2b723a54: calls $6.6
*** TURN *** [4s Js 7h] [Td]
2b723a54: checks
Hero: checks
*** RIVER *** [4s Js 7h Td] [Ts]
2b723a54: checks
Hero: checks
Hero: shows [Ac 7s]
2b723a54: shows [Ah 6d]
*** SHOWDOWN ***
Hero collected $35.2 from pot
*** SUMMARY ***
Total pot $35.2
Board [4s Js 7h Td Ts]
Seat 7: d55f8b96 folded before Flop (didn't bet)
Seat 5: cd8cc200 folded before Flop (didn't bet)
Seat 4: 3aa4f9f9 folded before Flop (didn't bet)
Seat 1: Hero showed [Ac 7s] and won ($35.2) with Pair of Tens and Pair of Sevens
Seat 2: 1d792dad(small blind) folded before Flop
Seat 3: 2b723a54(big blind) showed [Ah 6d] and lost with Pair of Tens
Seat 6: 915d99b6 folded before Flop (didn't bet)



Poker Hand #ring_963277050: NLH No Limit ($2/$4) - 2025/06/29 23:06:45
Table 'MR NLH 2/4' 7-max Seat #7 is the button
Seat 7: d55f8b96 ($1,419.94 in chips)
Seat 5: cd8cc200 ($882.91 in chips)
Seat 4: 3aa4f9f9 ($1,531.07 in chips)
Seat 1: Hero ($603.57 in chips)
Seat 2: 1d792dad ($1,217.9 in chips)
Seat 3: 2b723a54 ($642.33 in chips)
Seat 6: 915d99b6 ($776.62 in chips)
Hero: posts small blind $2
1d792dad: posts big blind $4
*** HOLE CARDS ***
Dealt to d55f8b96 
Dealt to cd8cc200 
Dealt to 3aa4f9f9 
Dealt to Hero [4d Ks]
Dealt to 1d792dad 
Dealt to 2b723a54 
Dealt to 915d99b6 
2b723a54: folds
3aa4f9f9: folds
cd8cc200: folds
915d99b6: raises $6 to $10
d55f8b96: folds
Hero: folds
1d792dad: folds
Uncalled bet ($6) returned to 915d99b6
*** SHOWDOWN ***
915d99b6 collected $10 from pot
*** SUMMARY ***
Total pot $10
Seat 7: d55f8b96 folded before Flop (didn't bet)
Seat 5: cd8cc200 folded before Flop (didn't bet)
Seat 4: 3aa4f9f9 folded before Flop (didn't bet)
Seat 1: Hero(small blind) folded before Flop
Seat 2: 1d792dad(big blind) folded before Flop
Seat 3: 2b723a54 folded before Flop (didn't bet)
Seat 6: 915d99b6won ($10)



Poker Hand #ring_963275934: NLH No Limit ($2/$4) - 2025/06/29 23:06:07
Table 'MR NLH 2/4' 7-max Seat #6 is the button
Seat 7: d55f8b96 ($1,401.81 in chips)
Seat 5: cd8cc200 ($882.91 in chips)
Seat 4: 3aa4f9f9 ($1,531.07 in chips)
Seat 1: Hero ($623.49 in chips)
Seat 3: 2b723a54 ($642.33 in chips)
Seat 6: 915d99b6 ($776.62 in chips)
d55f8b96: posts small blind $2
Hero: posts big blind $4
*** HOLE CARDS ***
Dealt to d55f8b96 
Dealt to cd8cc200 
Dealt to 3aa4f9f9 
Dealt to Hero [As 8d]
Dealt to 2b723a54 
Dealt to 915d99b6 
2b723a54: folds
3aa4f9f9: folds
cd8cc200: folds
915d99b6: folds
d55f8b96: raises $8 to $12
Hero: calls $8
*** FLOP *** [6s 5d 3c]
d55f8b96: bets $7.92
Hero: calls $7.92
*** TURN *** [6s 5d 3c] [3h]
d55f8b96: bets $19.92
Hero: folds
Uncalled bet ($19.92) returned to d55f8b96
*** SHOWDOWN ***
d55f8b96 collected $39.84 from pot
*** SUMMARY ***
Total pot $39.84
Board [6s 5d 3c 3h]
Seat 7: d55f8b96(small blind)won ($39.84) with Pair of Queens and Pair of Treys
Seat 5: cd8cc200 folded before Flop (didn't bet)
Seat 4: 3aa4f9f9 folded before Flop (didn't bet)
Seat 1: Hero(big blind) folded on the Turn
Seat 3: 2b723a54 folded before Flop (didn't bet)
Seat 6: 915d99b6 folded before Flop (didn't bet)



Poker Hand #ring_963275034: NLH No Limit ($2/$4) - 2025/06/29 23:05:37
Table 'MR NLH 2/4' 7-max Seat #5 is the button
Seat 7: d55f8b96 ($1,405.81 in chips)
Seat 5: cd8cc200 ($882.91 in chips)
Seat 4: 3aa4f9f9 ($1,531.07 in chips)
Seat 1: Hero ($623.49 in chips)
Seat 2: 1d792dad ($1,211.9 in chips)
Seat 3: 2b723a54 ($642.33 in chips)
Seat 6: 915d99b6 ($778.62 in chips)
915d99b6: posts small blind $2
d55f8b96: posts big blind $4
*** HOLE CARDS ***
Dealt to d55f8b96 
Dealt to cd8cc200 
Dealt to 3aa4f9f9 
Dealt to Hero [Qc 2c]
Dealt to 1d792dad 
Dealt to 2b723a54 
Dealt to 915d99b6 
Hero: folds
1d792dad: raises $8 to $12
2b723a54: folds
3aa4f9f9: folds
cd8cc200: folds
915d99b6: folds
d55f8b96: folds
Uncalled bet ($8) returned to 1d792dad
*** SHOWDOWN ***
1d792dad collected $10 from pot
*** SUMMARY ***
Total pot $10
Seat 7: d55f8b96(big blind) folded before Flop
Seat 5: cd8cc200 folded before Flop (didn't bet)
Seat 4: 3aa4f9f9 folded before Flop (didn't bet)
Seat 1: Hero folded before Flop (didn't bet)
Seat 2: 1d792dadwon ($10)
Seat 3: 2b723a54 folded before Flop (didn't bet)
Seat 6: 915d99b6(small blind) folded before Flop



Poker Hand #ring_963272626: NLH No Limit ($2/$4) - 2025/06/29 23:04:14
Table 'MR NLH 2/4' 7-max Seat #4 is the button
Seat 7: d55f8b96 ($1,405.81 in chips)
Seat 5: cd8cc200 ($884.91 in chips)
Seat 4: 3aa4f9f9 ($1,531.07 in chips)
Seat 1: Hero ($604.56 in chips)
Seat 2: 1d792dad ($1,211.9 in chips)
Seat 3: 2b723a54 ($642.33 in chips)
Seat 6: 915d99b6 ($798.42 in chips)
cd8cc200: posts small blind $2
915d99b6: posts big blind $4
*** HOLE CARDS ***
Dealt to d55f8b96 
Dealt to cd8cc200 
Dealt to 3aa4f9f9 
Dealt to Hero [Qs 9s]
Dealt to 1d792dad 
Dealt to 2b723a54 
Dealt to 915d99b6 
d55f8b96: folds
Hero: raises $8 to $12
1d792dad: folds
2b723a54: folds
3aa4f9f9: folds
cd8cc200: folds
915d99b6: calls $8
*** FLOP *** [6c Kc 4c]
915d99b6: checks
Hero: bets $7.8
915d99b6: calls $7.8
*** TURN *** [6c Kc 4c] [Ks]
915d99b6: checks
Hero: checks
*** RIVER *** [6c Kc 4c Ks] [9d]
915d99b6: checks
Hero: bets $12.48
915d99b6: folds
Uncalled bet ($12.48) returned to Hero
*** SHOWDOWN ***
Hero collected $41.6 from pot
*** SUMMARY ***
Total pot $41.6
Board [6c Kc 4c Ks 9d]
Seat 7: d55f8b96 folded before Flop (didn't bet)
Seat 5: cd8cc200(small blind) folded before Flop
Seat 4: 3aa4f9f9 folded before Flop (didn't bet)
Seat 1: Herowon ($41.6) with Pair of Kings and Pair of Nines
Seat 2: 1d792dad folded before Flop (didn't bet)
Seat 3: 2b723a54 folded before Flop (didn't bet)
Seat 6: 915d99b6(big blind) folded on the River



Poker Hand #ring_963271978: NLH No Limit ($2/$4) - 2025/06/29 23:03:53
Table 'MR NLH 2/4' 7-max Seat #3 is the button
Seat 7: d55f8b96 ($1,393.81 in chips)
Seat 5: cd8cc200 ($888.91 in chips)
Seat 4: 3aa4f9f9 ($1,533.07 in chips)
Seat 1: Hero ($604.56 in chips)
Seat 2: 1d792dad ($1,217.9 in chips)
Seat 3: 2b723a54 ($642.33 in chips)
Seat 6: 915d99b6 ($798.42 in chips)
3aa4f9f9: posts small blind $2
cd8cc200: posts big blind $4
1d792dad: posts big blind $4
1d792dad: posts small blind $2
*** HOLE CARDS ***
Dealt to d55f8b96 
Dealt to cd8cc200 
Dealt to 3aa4f9f9 
Dealt to Hero [3c Jc]
Dealt to 1d792dad 
Dealt to 2b723a54 
Dealt to 915d99b6 
915d99b6: folds
d55f8b96: raises $8 to $12
Hero: folds
1d792dad: folds
2b723a54: folds
3aa4f9f9: folds
cd8cc200: folds
Uncalled bet ($8) returned to d55f8b96
*** SHOWDOWN ***
d55f8b96 collected $16 from pot
*** SUMMARY ***
Total pot $14
Seat 7: d55f8b96won ($16)
Seat 5: cd8cc200(big blind) folded before Flop
Seat 4: 3aa4f9f9(small blind) folded before Flop
Seat 1: Hero folded before Flop (didn't bet)
Seat 2: 1d792dad folded before Flop
Seat 3: 2b723a54 folded before Flop (didn't bet)
Seat 6: 915d99b6 folded before Flop (didn't bet)



Poker Hand #ring_963271415: NLH No Limit ($2/$4) - 2025/06/29 23:03:33
Table 'MR NLH 2/4' 7-max Seat #1 is the button
Seat 7: d55f8b96 ($1,393.81 in chips)
Seat 5: cd8cc200 ($882.91 in chips)
Seat 4: 3aa4f9f9 ($1,537.07 in chips)
Seat 1: Hero ($604.56 in chips)
Seat 3: 2b723a54 ($644.33 in chips)
Seat 6: 915d99b6 ($798.42 in chips)
2b723a54: posts small blind $2
3aa4f9f9: posts big blind $4
*** HOLE CARDS ***
Dealt to d55f8b96 
Dealt to cd8cc200 
Dealt to 3aa4f9f9 
Dealt to Hero [8c Qd]
Dealt to 2b723a54 
Dealt to 915d99b6 
cd8cc200: raises $4.8 to $8.8
915d99b6: folds
d55f8b96: folds
Hero: folds
2b723a54: folds
3aa4f9f9: folds
Uncalled bet ($4.8) returned to cd8cc200
*** SHOWDOWN ***
cd8cc200 collected $10 from pot
*** SUMMARY ***
Total pot $10
Seat 7: d55f8b96 folded before Flop (didn't bet)
Seat 5: cd8cc200won ($10)
Seat 4: 3aa4f9f9(big blind) folded before Flop
Seat 1: Hero folded before Flop (didn't bet)
Seat 3: 2b723a54(small blind) folded before Flop
Seat 6: 915d99b6 folded before Flop (didn't bet)



Poker Hand #ring_963270893: NLH No Limit ($2/$4) - 2025/06/29 23:03:17
Table 'MR NLH 2/4' 7-max Seat #7 is the button
Seat 7: d55f8b96 ($1,393.81 in chips)
Seat 5: cd8cc200 ($882.91 in chips)
Seat 4: 3aa4f9f9 ($1,537.07 in chips)
Seat 1: Hero ($606.56 in chips)
Seat 3: 2b723a54 ($642.33 in chips)
Seat 6: 915d99b6 ($798.42 in chips)
Hero: posts small blind $2
2b723a54: posts big blind $4
*** HOLE CARDS ***
Dealt to d55f8b96 
Dealt to cd8cc200 
Dealt to 3aa4f9f9 
Dealt to Hero [3h 8h]
Dealt to 2b723a54 
Dealt to 915d99b6 
3aa4f9f9: folds
cd8cc200: folds
915d99b6: folds
d55f8b96: folds
Hero: folds
*** SHOWDOWN ***
2b723a54 collected $6 from pot
*** SUMMARY ***
Total pot $6
Seat 7: d55f8b96 folded before Flop (didn't bet)
Seat 5: cd8cc200 folded before Flop (didn't bet)
Seat 4: 3aa4f9f9 folded before Flop (didn't bet)
Seat 1: Hero(small blind) folded before Flop
Seat 3: 2b723a54(big blind)won ($6)
Seat 6: 915d99b6 folded before Flop (didn't bet)



Poker Hand #ring_963270451: NLH No Limit ($2/$4) - 2025/06/29 23:03:01
Table 'MR NLH 2/4' 7-max Seat #6 is the button
Seat 7: d55f8b96 ($1,395.81 in chips)
Seat 5: cd8cc200 ($882.91 in chips)
Seat 4: 3aa4f9f9 ($1,537.07 in chips)
Seat 1: Hero ($604.56 in chips)
Seat 3: 2b723a54 ($642.33 in chips)
Seat 6: 915d99b6 ($798.42 in chips)
d55f8b96: posts small blind $2
Hero: posts big blind $4
*** HOLE CARDS ***
Dealt to d55f8b96 
Dealt to cd8cc200 
Dealt to 3aa4f9f9 
Dealt to Hero [2d Jh]
Dealt to 2b723a54 
Dealt to 915d99b6 
2b723a54: folds
3aa4f9f9: folds
cd8cc200: folds
915d99b6: folds
d55f8b96: folds
*** SHOWDOWN ***
Hero collected $6 from pot
*** SUMMARY ***
Total pot $6
Seat 7: d55f8b96(small blind) folded before Flop
Seat 5: cd8cc200 folded before Flop (didn't bet)
Seat 4: 3aa4f9f9 folded before Flop (didn't bet)
Seat 1: Hero(big blind)won ($6)
Seat 3: 2b723a54 folded before Flop (didn't bet)
Seat 6: 915d99b6 folded before Flop (didn't bet)



Poker Hand #ring_963269937: NLH No Limit ($2/$4) - 2025/06/29 23:02:43
Table 'MR NLH 2/4' 7-max Seat #5 is the button
Seat 7: d55f8b96 ($1,399.81 in chips)
Seat 5: cd8cc200 ($876.91 in chips)
Seat 4: 3aa4f9f9 ($1,537.07 in chips)
Seat 1: Hero ($604.56 in chips)
Seat 3: 2b723a54 ($642.33 in chips)
Seat 6: 915d99b6 ($800.42 in chips)
915d99b6: posts small blind $2
d55f8b96: posts big blind $4
*** HOLE CARDS ***
Dealt to d55f8b96 
Dealt to cd8cc200 
Dealt to 3aa4f9f9 
Dealt to Hero [7d Qh]
Dealt to 2b723a54 
Dealt to 915d99b6 
Hero: folds
2b723a54: folds
3aa4f9f9: folds
cd8cc200: raises $6 to $10
915d99b6: folds
d55f8b96: folds
Uncalled bet ($6) returned to cd8cc200
*** SHOWDOWN ***
cd8cc200 collected $10 from pot
*** SUMMARY ***
Total pot $10
Seat 7: d55f8b96(big blind) folded before Flop
Seat 5: cd8cc200won ($10)
Seat 4: 3aa4f9f9 folded before Flop (didn't bet)
Seat 1: Hero folded before Flop (didn't bet)
Seat 3: 2b723a54 folded before Flop (didn't bet)
Seat 6: 915d99b6(small blind) folded before Flop



Poker Hand #ring_963268063: NLH No Limit ($2/$4) - 2025/06/29 23:01:41
Table 'MR NLH 2/4' 7-max Seat #4 is the button
Seat 7: d55f8b96 ($1,399.81 in chips)
Seat 5: cd8cc200 ($878.91 in chips)
Seat 4: 3aa4f9f9 ($1,536.66 in chips)
Seat 1: Hero ($604.56 in chips)
Seat 3: 2b723a54 ($642.33 in chips)
Seat 6: 915d99b6 ($800 in chips)
cd8cc200: posts small blind $2
915d99b6: posts big blind $4
*** HOLE CARDS ***
Dealt to d55f8b96 
Dealt to cd8cc200 
Dealt to 3aa4f9f9 
Dealt to Hero [6d 8h]
Dealt to 2b723a54 
Dealt to 915d99b6 
d55f8b96: folds
Hero: folds
2b723a54: folds
3aa4f9f9: raises $8 to $12
cd8cc200: folds
915d99b6: calls $8
*** FLOP *** [6c 7h 5s]
915d99b6: checks
3aa4f9f9: checks
*** TURN *** [6c 7h 5s] [3h]
915d99b6: checks
3aa4f9f9: checks
*** RIVER *** [6c 7h 5s 3h] [4s]
915d99b6: checks
3aa4f9f9: checks
3aa4f9f9: shows [9d Ac]
915d99b6: shows [7c 2c]
*** SHOWDOWN ***
3aa4f9f9 collected $13 from pot
915d99b6 collected $13 from pot
*** SUMMARY ***
Total pot $26
Board [6c 7h 5s 3h 4s]
Seat 7: d55f8b96 folded before Flop (didn't bet)
Seat 5: cd8cc200(small blind) folded before Flop
Seat 4: 3aa4f9f9 showed [9d Ac] and won ($13) with Sevens-High Straight
Seat 1: Hero folded before Flop (didn't bet)
Seat 3: 2b723a54 folded before Flop (didn't bet)
Seat 6: 915d99b6(big blind) showed [7c 2c] and won ($13) with Sevens-High Straight



Poker Hand #ring_963267151: NLH No Limit ($2/$4) - 2025/06/29 23:01:12
Table 'MR NLH 2/4' 7-max Seat #3 is the button
Seat 7: d55f8b96 ($1,399.81 in chips)
Seat 5: cd8cc200 ($882.91 in chips)
Seat 4: 3aa4f9f9 ($1,520.66 in chips)
Seat 1: Hero ($616.56 in chips)
Seat 3: 2b723a54 ($642.33 in chips)
3aa4f9f9: posts small blind $2
cd8cc200: posts big blind $4
*** HOLE CARDS ***
Dealt to d55f8b96 
Dealt to cd8cc200 
Dealt to 3aa4f9f9 
Dealt to Hero [Ah Jc]
Dealt to 2b723a54 
d55f8b96: folds
Hero: raises $8 to $12
2b723a54: folds
3aa4f9f9: raises $36 to $48
cd8cc200: folds
Hero: folds
Uncalled bet ($36) returned to 3aa4f9f9
*** SHOWDOWN ***
3aa4f9f9 collected $28 from pot
*** SUMMARY ***
Total pot $28
Seat 7: d55f8b96 folded before Flop (didn't bet)
Seat 5: cd8cc200(big blind) folded before Flop
Seat 4: 3aa4f9f9(small blind)won ($28)
Seat 1: Hero folded before Flop
Seat 3: 2b723a54 folded before Flop (didn't bet)



Poker Hand #ring_963266319: NLH No Limit ($2/$4) - 2025/06/29 23:00:44
Table 'MR NLH 2/4' 7-max Seat #2 is the button
Seat 7: d55f8b96 ($1,399.81 in chips)
Seat 5: cd8cc200 ($882.91 in chips)
Seat 4: 3aa4f9f9 ($1,524.66 in chips)
Seat 1: Hero ($610.56 in chips)
Seat 2: 1d792dad ($1,217.9 in chips)
Seat 3: 2b723a54 ($644.33 in chips)
2b723a54: posts small blind $2
3aa4f9f9: posts big blind $4
*** HOLE CARDS ***
Dealt to d55f8b96 
Dealt to cd8cc200 
Dealt to 3aa4f9f9 
Dealt to Hero [8h 8s]
Dealt to 1d792dad 
Dealt to 2b723a54 
cd8cc200: folds
d55f8b96: folds
Hero: raises $8 to $12
1d792dad: folds
2b723a54: folds
3aa4f9f9: folds
Uncalled bet ($8) returned to Hero
*** SHOWDOWN ***
Hero collected $10 from pot
*** SUMMARY ***
Total pot $10
Seat 7: d55f8b96 folded before Flop (didn't bet)
Seat 5: cd8cc200 folded before Flop (didn't bet)
Seat 4: 3aa4f9f9(big blind) folded before Flop
Seat 1: Herowon ($10)
Seat 2: 1d792dad folded before Flop (didn't bet)
Seat 3: 2b723a54(small blind) folded before Flop



Poker Hand #ring_963263097: NLH No Limit ($2/$4) - 2025/06/29 22:58:56
Table 'MR NLH 2/4' 7-max Seat #1 is the button
Seat 7: d55f8b96 ($1,399.81 in chips)
Seat 5: cd8cc200 ($891.71 in chips)
Seat 4: 3aa4f9f9 ($1,524.66 in chips)
Seat 1: Hero ($673.16 in chips)
Seat 2: 1d792dad ($1,219.9 in chips)
Seat 3: 2b723a54 ($578.05 in chips)
1d792dad: posts small blind $2
2b723a54: posts big blind $4
*** HOLE CARDS ***
Dealt to d55f8b96 
Dealt to cd8cc200 
Dealt to 3aa4f9f9 
Dealt to Hero [3s 5s]
Dealt to 1d792dad 
Dealt to 2b723a54 
3aa4f9f9: folds
cd8cc200: raises $4.8 to $8.8
d55f8b96: folds
Hero: calls $8.8
1d792dad: folds
2b723a54: calls $4.8
*** FLOP *** [Td Ac 6h]
2b723a54: checks
cd8cc200: checks
Hero: bets $14.2
2b723a54: calls $14.2
cd8cc200: folds
*** TURN *** [Td Ac 6h] [8d]
2b723a54: checks
Hero: bets $39.6
2b723a54: raises $68 to $107.6
Hero: folds
Uncalled bet ($68) returned to 2b723a54
2b723a54: shows [Ah]
*** SHOWDOWN ***
2b723a54 collected $136 from pot
*** SUMMARY ***
Total pot $136
Board [Td Ac 6h 8d]
Seat 7: d55f8b96 folded before Flop (didn't bet)
Seat 5: cd8cc200 folded on the Flop
Seat 4: 3aa4f9f9 folded before Flop (didn't bet)
Seat 1: Hero folded on the Turn
Seat 2: 1d792dad(small blind) folded before Flop
Seat 3: 2b723a54(big blind) showed [Ah] and won ($136) with Pair of Aces and Pair of Eights



Poker Hand #ring_963260486: NLH No Limit ($2/$4) - 2025/06/29 22:57:28
Table 'MR NLH 2/4' 7-max Seat #7 is the button
Seat 7: d55f8b96 ($1,399.81 in chips)
Seat 5: cd8cc200 ($925.71 in chips)
Seat 4: 3aa4f9f9 ($1,524.66 in chips)
Seat 1: Hero ($675.16 in chips)
Seat 2: 1d792dad ($1,155.58 in chips)
Seat 3: 2b723a54 ($612.05 in chips)
Hero: posts small blind $2
1d792dad: posts big blind $4
*** HOLE CARDS ***
Dealt to d55f8b96 
Dealt to cd8cc200 
Dealt to 3aa4f9f9 
Dealt to Hero [2s 7c]
Dealt to 1d792dad 
Dealt to 2b723a54 
2b723a54: raises $4 to $8
3aa4f9f9: folds
cd8cc200: calls $8
d55f8b96: folds
Hero: folds
1d792dad: raises $26 to $34
2b723a54: calls $26
cd8cc200: calls $26
*** FLOP *** [2h 9s Ac]
1d792dad: bets $78
2b723a54: folds
cd8cc200: folds
Uncalled bet ($78) returned to 1d792dad
*** SHOWDOWN ***
1d792dad collected $104 from pot
*** SUMMARY ***
Total pot $104
Board [2h 9s Ac]
Seat 7: d55f8b96 folded before Flop (didn't bet)
Seat 5: cd8cc200 folded on the Flop
Seat 4: 3aa4f9f9 folded before Flop (didn't bet)
Seat 1: Hero(small blind) folded before Flop
Seat 2: 1d792dad(big blind)won ($104) with Pair of Aces
Seat 3: 2b723a54 folded on the Flop



Poker Hand #ring_963258989: NLH No Limit ($2/$4) - 2025/06/29 22:56:38
Table 'MR NLH 2/4' 7-max Seat #5 is the button
Seat 7: d55f8b96 ($1,388.89 in chips)
Seat 5: cd8cc200 ($925.71 in chips)
Seat 4: 3aa4f9f9 ($1,524.66 in chips)
Seat 1: Hero ($687.16 in chips)
Seat 2: 1d792dad ($1,155.58 in chips)
Seat 3: 2b723a54 ($612.05 in chips)
d55f8b96: posts small blind $2
Hero: posts big blind $4
*** HOLE CARDS ***
Dealt to d55f8b96 
Dealt to cd8cc200 
Dealt to 3aa4f9f9 
Dealt to Hero [6s Kh]
Dealt to 1d792dad 
Dealt to 2b723a54 
1d792dad: folds
2b723a54: folds
3aa4f9f9: folds
cd8cc200: folds
d55f8b96: raises $8 to $12
Hero: calls $8
*** FLOP *** [Kc 9c Qc]
d55f8b96: checks
Hero: checks
*** TURN *** [Kc 9c Qc] [7c]
d55f8b96: checks
Hero: checks
*** RIVER *** [Kc 9c Qc 7c] [Td]
d55f8b96: checks
Hero: checks
Hero: shows [6s Kh]
d55f8b96: shows [Kd Ah]
*** SHOWDOWN ***
d55f8b96 collected $24 from pot
*** SUMMARY ***
Total pot $24
Board [Kc 9c Qc 7c Td]
Seat 7: d55f8b96(small blind) showed [Kd Ah] and won ($24) with Pair of Kings
Seat 5: cd8cc200 folded before Flop (didn't bet)
Seat 4: 3aa4f9f9 folded before Flop (didn't bet)
Seat 1: Hero(big blind) showed [6s Kh] and lost with Pair of Kings
Seat 2: 1d792dad folded before Flop (didn't bet)
Seat 3: 2b723a54 folded before Flop (didn't bet)



Poker Hand #ring_963258221: NLH No Limit ($2/$4) - 2025/06/29 22:56:13
Table 'MR NLH 2/4' 7-max Seat #4 is the button
Seat 7: d55f8b96 ($1,392.89 in chips)
Seat 5: cd8cc200 ($927.71 in chips)
Seat 4: 3aa4f9f9 ($1,524.66 in chips)
Seat 1: Hero ($687.16 in chips)
Seat 2: 1d792dad ($1,149.58 in chips)
Seat 3: 2b723a54 ($612.05 in chips)
cd8cc200: posts small blind $2
d55f8b96: posts big blind $4
*** HOLE CARDS ***
Dealt to d55f8b96 
Dealt to cd8cc200 
Dealt to 3aa4f9f9 
Dealt to Hero [Jc 8d]
Dealt to 1d792dad 
Dealt to 2b723a54 
Hero: folds
1d792dad: raises $12 to $16
2b723a54: folds
3aa4f9f9: folds
cd8cc200: folds
d55f8b96: folds
Uncalled bet ($12) returned to 1d792dad
*** SHOWDOWN ***
1d792dad collected $10 from pot
*** SUMMARY ***
Total pot $10
Seat 7: d55f8b96(big blind) folded before Flop
Seat 5: cd8cc200(small blind) folded before Flop
Seat 4: 3aa4f9f9 folded before Flop (didn't bet)
Seat 1: Hero folded before Flop (didn't bet)
Seat 2: 1d792dadwon ($10)
Seat 3: 2b723a54 folded before Flop (didn't bet)



Poker Hand #ring_963256776: NLH No Limit ($2/$4) - 2025/06/29 22:55:23
Table 'MR NLH 2/4' 7-max Seat #3 is the button
Seat 7: d55f8b96 ($1,439.69 in chips)
Seat 5: cd8cc200 ($931.71 in chips)
Seat 4: 3aa4f9f9 ($1,526.66 in chips)
Seat 1: Hero ($687.16 in chips)
Seat 2: 1d792dad ($1,149.58 in chips)
Seat 3: 2b723a54 ($564.73 in chips)
3aa4f9f9: posts small blind $2
cd8cc200: posts big blind $4
*** HOLE CARDS ***
Dealt to d55f8b96 
Dealt to cd8cc200 
Dealt to 3aa4f9f9 
Dealt to Hero [5s 8c]
Dealt to 1d792dad 
Dealt to 2b723a54 
d55f8b96: raises $8 to $12
Hero: folds
1d792dad: folds
2b723a54: calls $12
3aa4f9f9: folds
cd8cc200: folds
*** FLOP *** [Qs Ac 8h]
d55f8b96: bets $9.9
2b723a54: calls $9.9
*** TURN *** [Qs Ac 8h] [9s]
d55f8b96: bets $24.9
2b723a54: calls $24.9
*** RIVER *** [Qs Ac 8h 9s] [2c]
d55f8b96: checks
2b723a54: checks
2b723a54: shows [Ah 7s]
d55f8b96: shows [Ks Qh]
*** SHOWDOWN ***
2b723a54 collected $99.6 from pot
*** SUMMARY ***
Total pot $99.6
Board [Qs Ac 8h 9s 2c]
Seat 7: d55f8b96 showed [Ks Qh] and lost with Pair of Queens
Seat 5: cd8cc200(big blind) folded before Flop
Seat 4: 3aa4f9f9(small blind) folded before Flop
Seat 1: Hero folded before Flop (didn't bet)
Seat 2: 1d792dad folded before Flop (didn't bet)
Seat 3: 2b723a54 showed [Ah 7s] and won ($99.6) with Pair of Aces



Poker Hand #ring_963253336: NLH No Limit ($2/$4) - 2025/06/29 22:53:26
Table 'MR NLH 2/4' 7-max Seat #2 is the button
Seat 7: d55f8b96 ($1,439.69 in chips)
Seat 5: cd8cc200 ($804 in chips)
Seat 4: 3aa4f9f9 ($1,530.66 in chips)
Seat 1: Hero ($695.96 in chips)
Seat 2: 1d792dad ($1,149.58 in chips)
Seat 3: 2b723a54 ($692.73 in chips)
2b723a54: posts small blind $2
3aa4f9f9: posts big blind $4
*** HOLE CARDS ***
Dealt to d55f8b96 
Dealt to cd8cc200 
Dealt to 3aa4f9f9 
Dealt to Hero [8s Ts]
Dealt to 1d792dad 
Dealt to 2b723a54 
cd8cc200: raises $4.8 to $8.8
d55f8b96: folds
Hero: calls $8.8
1d792dad: folds
2b723a54: raises $15.2 to $24
3aa4f9f9: folds
cd8cc200: raises $60 to $84
Hero: folds
2b723a54: calls $60
*** FLOP *** [Tc 3c Qs]
2b723a54: checks
cd8cc200: bets $44
2b723a54: calls $44
*** TURN *** [Tc 3c Qs] [4h]
2b723a54: checks
cd8cc200: bets $188
2b723a54: folds
Uncalled bet ($188) returned to cd8cc200
1d792dad: shows [Qh]
*** SHOWDOWN ***
cd8cc200 collected $268.8 from pot
*** SUMMARY ***
Total pot $268.8
Board [Tc 3c Qs 4h]
Seat 7: d55f8b96 folded before Flop (didn't bet)
Seat 5: cd8cc200won ($268.8) with Pair of Queens
Seat 4: 3aa4f9f9(big blind) folded before Flop
Seat 1: Hero folded before Flop
Seat 2: 1d792dad folded before Flop (didn't bet)
Seat 3: 2b723a54(small blind) folded on the Turn



Poker Hand #ring_963251966: NLH No Limit ($2/$4) - 2025/06/29 22:52:40
Table 'MR NLH 2/4' 7-max Seat #1 is the button
Seat 7: d55f8b96 ($1,451.69 in chips)
Seat 5: cd8cc200 ($804 in chips)
Seat 4: 3aa4f9f9 ($1,530.66 in chips)
Seat 1: Hero ($671.67 in chips)
Seat 2: 1d792dad ($1,151.58 in chips)
Seat 3: 2b723a54 ($704.73 in chips)
1d792dad: posts small blind $2
2b723a54: posts big blind $4
*** HOLE CARDS ***
Dealt to d55f8b96 
Dealt to cd8cc200 
Dealt to 3aa4f9f9 
Dealt to Hero [Js Td]
Dealt to 1d792dad 
Dealt to 2b723a54 
3aa4f9f9: folds
cd8cc200: folds
d55f8b96: raises $8 to $12
Hero: calls $12
1d792dad: folds
2b723a54: calls $8
*** FLOP *** [5c 4c 3d]
2b723a54: checks
d55f8b96: checks
Hero: bets $19
2b723a54: folds
d55f8b96: folds
Uncalled bet ($19) returned to Hero
*** SHOWDOWN ***
Hero collected $38 from pot
*** SUMMARY ***
Total pot $38
Board [5c 4c 3d]
Seat 7: d55f8b96 folded on the Flop
Seat 5: cd8cc200 folded before Flop (didn't bet)
Seat 4: 3aa4f9f9 folded before Flop (didn't bet)
Seat 1: Herowon ($38) with Jack-High
Seat 2: 1d792dad(small blind) folded before Flop
Seat 3: 2b723a54(big blind) folded on the Flop



Poker Hand #ring_963251190: NLH No Limit ($2/$4) - 2025/06/29 22:52:13
Table 'MR NLH 2/4' 7-max Seat #7 is the button
Seat 7: d55f8b96 ($1,451.69 in chips)
Seat 5: cd8cc200 ($798 in chips)
Seat 4: 3aa4f9f9 ($1,530.66 in chips)
Seat 1: Hero ($673.67 in chips)
Seat 2: 1d792dad ($1,155.58 in chips)
Seat 3: 2b723a54 ($704.73 in chips)
Hero: posts small blind $2
1d792dad: posts big blind $4
*** HOLE CARDS ***
Dealt to d55f8b96 
Dealt to cd8cc200 
Dealt to 3aa4f9f9 
Dealt to Hero [Ad 9s]
Dealt to 1d792dad 
Dealt to 2b723a54 
2b723a54: folds
3aa4f9f9: folds
cd8cc200: raises $4.8 to $8.8
d55f8b96: folds
Hero: folds
1d792dad: folds
Uncalled bet ($4.8) returned to cd8cc200
*** SHOWDOWN ***
cd8cc200 collected $10 from pot
*** SUMMARY ***
Total pot $10
Seat 7: d55f8b96 folded before Flop (didn't bet)
Seat 5: cd8cc200won ($10)
Seat 4: 3aa4f9f9 folded before Flop (didn't bet)
Seat 1: Hero(small blind) folded before Flop
Seat 2: 1d792dad(big blind) folded before Flop
Seat 3: 2b723a54 folded before Flop (didn't bet)



Poker Hand #ring_963250520: NLH No Limit ($2/$4) - 2025/06/29 22:51:50
Table 'MR NLH 2/4' 7-max Seat #5 is the button
Seat 7: d55f8b96 ($1,453.69 in chips)
Seat 5: cd8cc200 ($798 in chips)
Seat 4: 3aa4f9f9 ($1,530.66 in chips)
Seat 1: Hero ($677.67 in chips)
Seat 2: 1d792dad ($1,149.58 in chips)
Seat 3: 2b723a54 ($704.73 in chips)
d55f8b96: posts small blind $2
Hero: posts big blind $4
*** HOLE CARDS ***
Dealt to d55f8b96 
Dealt to cd8cc200 
Dealt to 3aa4f9f9 
Dealt to Hero [8h Qh]
Dealt to 1d792dad 
Dealt to 2b723a54 
1d792dad: raises $12 to $16
2b723a54: folds
3aa4f9f9: folds
cd8cc200: folds
d55f8b96: folds
Hero: folds
Uncalled bet ($12) returned to 1d792dad
*** SHOWDOWN ***
1d792dad collected $10 from pot
*** SUMMARY ***
Total pot $10
Seat 7: d55f8b96(small blind) folded before Flop
Seat 5: cd8cc200 folded before Flop (didn't bet)
Seat 4: 3aa4f9f9 folded before Flop (didn't bet)
Seat 1: Hero(big blind) folded before Flop
Seat 2: 1d792dadwon ($10)
Seat 3: 2b723a54 folded before Flop (didn't bet)



Poker Hand #ring_963249573: NLH No Limit ($2/$4) - 2025/06/29 22:51:18
Table 'MR NLH 2/4' 7-max Seat #4 is the button
Seat 7: d55f8b96 ($1,457.69 in chips)
Seat 5: cd8cc200 ($800 in chips)
Seat 4: 3aa4f9f9 ($1,530.66 in chips)
Seat 1: Hero ($677.67 in chips)
Seat 2: 1d792dad ($1,149.58 in chips)
Seat 3: 2b723a54 ($698.73 in chips)
cd8cc200: posts small blind $2
d55f8b96: posts big blind $4
*** HOLE CARDS ***
Dealt to d55f8b96 
Dealt to cd8cc200 
Dealt to 3aa4f9f9 
Dealt to Hero [3c Jc]
Dealt to 1d792dad 
Dealt to 2b723a54 
Hero: folds
1d792dad: folds
2b723a54: raises $8 to $12
3aa4f9f9: folds
cd8cc200: folds
d55f8b96: folds
Uncalled bet ($8) returned to 2b723a54
*** SHOWDOWN ***
2b723a54 collected $10 from pot
*** SUMMARY ***
Total pot $10
Seat 7: d55f8b96(big blind) folded before Flop
Seat 5: cd8cc200(small blind) folded before Flop
Seat 4: 3aa4f9f9 folded before Flop (didn't bet)
Seat 1: Hero folded before Flop (didn't bet)
Seat 2: 1d792dad folded before Flop (didn't bet)
Seat 3: 2b723a54won ($10)



Poker Hand #ring_963246301: NLH No Limit ($2/$4) - 2025/06/29 22:49:26
Table 'MR NLH 2/4' 7-max Seat #3 is the button
Seat 7: d55f8b96 ($1,457.69 in chips)
Seat 5: cd8cc200 ($832.85 in chips)
Seat 4: 3aa4f9f9 ($1,532.66 in chips)
Seat 1: Hero ($354.32 in chips)
Seat 2: 1d792dad ($1,149.58 in chips)
Seat 3: 2b723a54 ($698.73 in chips)
3aa4f9f9: posts small blind $2
cd8cc200: posts big blind $4
*** HOLE CARDS ***
Dealt to d55f8b96 
Dealt to cd8cc200 
Dealt to 3aa4f9f9 
Dealt to Hero [Qs As]
Dealt to 1d792dad 
Dealt to 2b723a54 
d55f8b96: folds
Hero: raises $8 to $12
1d792dad: folds
2b723a54: folds
3aa4f9f9: folds
cd8cc200: calls $8
*** FLOP *** [Tc 6s 4s]
cd8cc200: checks
Hero: bets $13
cd8cc200: raises $31 to $44
Hero: calls $31
*** TURN *** [Tc 6s 4s] [2s]
cd8cc200: bets $76
Hero: calls $76
*** RIVER *** [Tc 6s 4s 2s] [9c]
cd8cc200: bets $266
Hero: calls $222.32 and is all-in
Uncalled bet ($43.68) returned to cd8cc200
Hero: shows [Qs As]
cd8cc200: shows [6d 4d]
*** SHOWDOWN ***
Hero collected $710.64 from pot
*** SUMMARY ***
Total pot $710.64
Board [Tc 6s 4s 2s 9c]
Seat 7: d55f8b96 folded before Flop (didn't bet)
Seat 5: cd8cc200(big blind) showed [6d 4d] and lost with Pair of Sixes and Pair of Fours
Seat 4: 3aa4f9f9(small blind) folded before Flop
Seat 1: Hero showed [Qs As] and won ($710.64) with Ace High Flush
Seat 2: 1d792dad folded before Flop (didn't bet)
Seat 3: 2b723a54 folded before Flop (didn't bet)



Poker Hand #ring_963244588: NLH No Limit ($2/$4) - 2025/06/29 22:48:28
Table 'MR NLH 2/4' 7-max Seat #2 is the button
Seat 7: d55f8b96 ($1,457.69 in chips)
Seat 5: cd8cc200 ($804 in chips)
Seat 4: 3aa4f9f9 ($1,536.66 in chips)
Seat 1: Hero ($354.32 in chips)
Seat 2: 1d792dad ($1,176.08 in chips)
Seat 3: 2b723a54 ($700.73 in chips)
2b723a54: posts small blind $2
3aa4f9f9: posts big blind $4
*** HOLE CARDS ***
Dealt to d55f8b96 
Dealt to cd8cc200 
Dealt to 3aa4f9f9 
Dealt to Hero [2d 4d]
Dealt to 1d792dad 
Dealt to 2b723a54 
cd8cc200: raises $4.8 to $8.8
d55f8b96: folds
Hero: folds
1d792dad: calls $8.8
2b723a54: folds
3aa4f9f9: folds
*** FLOP *** [9s 7c 3d]
cd8cc200: bets $17.7
1d792dad: calls $17.7
*** TURN *** [9s 7c 3d] [Ah]
cd8cc200: bets $59
1d792dad: folds
Uncalled bet ($59) returned to cd8cc200
*** SHOWDOWN ***
cd8cc200 collected $59 from pot
*** SUMMARY ***
Total pot $59
Board [9s 7c 3d Ah]
Seat 7: d55f8b96 folded before Flop (didn't bet)
Seat 5: cd8cc200won ($59) with Ace-High
Seat 4: 3aa4f9f9(big blind) folded before Flop
Seat 1: Hero folded before Flop (didn't bet)
Seat 2: 1d792dad folded on the Turn
Seat 3: 2b723a54(small blind) folded before Flop



Poker Hand #ring_963243103: NLH No Limit ($2/$4) - 2025/06/29 22:47:36
Table 'MR NLH 2/4' 7-max Seat #1 is the button
Seat 7: d55f8b96 ($1,457.69 in chips)
Seat 5: cd8cc200 ($804 in chips)
Seat 4: 3aa4f9f9 ($1,525.65 in chips)
Seat 1: Hero ($354.32 in chips)
Seat 2: 1d792dad ($1,178.08 in chips)
Seat 3: 2b723a54 ($710.73 in chips)
1d792dad: posts small blind $2
2b723a54: posts big blind $4
*** HOLE CARDS ***
Dealt to d55f8b96 
Dealt to cd8cc200 
Dealt to 3aa4f9f9 
Dealt to Hero [9s 4d]
Dealt to 1d792dad 
Dealt to 2b723a54 
3aa4f9f9: raises $6 to $10
cd8cc200: folds
d55f8b96: folds
Hero: folds
1d792dad: folds
2b723a54: calls $6
*** FLOP *** [5c Tc 4h]
2b723a54: checks
3aa4f9f9: checks
*** TURN *** [5c Tc 4h] [Ks]
2b723a54: checks
3aa4f9f9: bets $16.5
2b723a54: folds
Uncalled bet ($16.5) returned to 3aa4f9f9
*** SHOWDOWN ***
3aa4f9f9 collected $22 from pot
*** SUMMARY ***
Total pot $22
Board [5c Tc 4h Ks]
Seat 7: d55f8b96 folded before Flop (didn't bet)
Seat 5: cd8cc200 folded before Flop (didn't bet)
Seat 4: 3aa4f9f9won ($22) with Ace-High
Seat 1: Hero folded before Flop (didn't bet)
Seat 2: 1d792dad(small blind) folded before Flop
Seat 3: 2b723a54(big blind) folded on the Turn



Poker Hand #ring_963242048: NLH No Limit ($2/$4) - 2025/06/29 22:46:59
Table 'MR NLH 2/4' 7-max Seat #7 is the button
Seat 7: d55f8b96 ($1,457.69 in chips)
Seat 5: cd8cc200 ($798 in chips)
Seat 4: 3aa4f9f9 ($1,525.65 in chips)
Seat 1: Hero ($356.32 in chips)
Seat 2: 1d792dad ($1,182.08 in chips)
Seat 3: 2b723a54 ($710.73 in chips)
Hero: posts small blind $2
1d792dad: posts big blind $4
*** HOLE CARDS ***
Dealt to d55f8b96 
Dealt to cd8cc200 
Dealt to 3aa4f9f9 
Dealt to Hero [9h 5d]
Dealt to 1d792dad 
Dealt to 2b723a54 
2b723a54: folds
3aa4f9f9: folds
cd8cc200: raises $4.8 to $8.8
d55f8b96: folds
Hero: folds
1d792dad: folds
Uncalled bet ($4.8) returned to cd8cc200
*** SHOWDOWN ***
cd8cc200 collected $10 from pot
*** SUMMARY ***
Total pot $10
Seat 7: d55f8b96 folded before Flop (didn't bet)
Seat 5: cd8cc200won ($10)
Seat 4: 3aa4f9f9 folded before Flop (didn't bet)
Seat 1: Hero(small blind) folded before Flop
Seat 2: 1d792dad(big blind) folded before Flop
Seat 3: 2b723a54 folded before Flop (didn't bet)



Poker Hand #ring_963240733: NLH No Limit ($2/$4) - 2025/06/29 22:46:15
Table 'MR NLH 2/4' 7-max Seat #5 is the button
Seat 7: d55f8b96 ($1,459.69 in chips)
Seat 5: cd8cc200 ($798 in chips)
Seat 4: 3aa4f9f9 ($1,514.64 in chips)
Seat 1: Hero ($366.32 in chips)
Seat 2: 1d792dad ($1,182.08 in chips)
Seat 3: 2b723a54 ($710.73 in chips)
d55f8b96: posts small blind $2
Hero: posts big blind $4
*** HOLE CARDS ***
Dealt to d55f8b96 
Dealt to cd8cc200 
Dealt to 3aa4f9f9 
Dealt to Hero [Jc 5c]
Dealt to 1d792dad 
Dealt to 2b723a54 
1d792dad: folds
2b723a54: folds
3aa4f9f9: raises $6 to $10
cd8cc200: folds
d55f8b96: folds
Hero: calls $6
*** FLOP *** [2d 7s 6s]
Hero: checks
3aa4f9f9: bets $14.52
Hero: folds
Uncalled bet ($14.52) returned to 3aa4f9f9
*** SHOWDOWN ***
3aa4f9f9 collected $22 from pot
*** SUMMARY ***
Total pot $22
Board [2d 7s 6s]
Seat 7: d55f8b96(small blind) folded before Flop
Seat 5: cd8cc200 folded before Flop (didn't bet)
Seat 4: 3aa4f9f9won ($22) with Pair of Kings
Seat 1: Hero(big blind) folded on the Flop
Seat 2: 1d792dad folded before Flop (didn't bet)
Seat 3: 2b723a54 folded before Flop (didn't bet)



Poker Hand #ring_963239133: NLH No Limit ($2/$4) - 2025/06/29 22:45:19
Table 'MR NLH 2/4' 7-max Seat #4 is the button
Seat 7: d55f8b96 ($1,467.69 in chips)
Seat 5: cd8cc200 ($800 in chips)
Seat 4: 3aa4f9f9 ($1,514.64 in chips)
Seat 1: Hero ($366.32 in chips)
Seat 2: 1d792dad ($1,165.25 in chips)
Seat 3: 2b723a54 ($718.73 in chips)
cd8cc200: posts small blind $2
d55f8b96: posts big blind $4
*** HOLE CARDS ***
Dealt to d55f8b96 
Dealt to cd8cc200 
Dealt to 3aa4f9f9 
Dealt to Hero [Ts 6s]
Dealt to 1d792dad 
Dealt to 2b723a54 
Hero: folds
1d792dad: raises $4 to $8
2b723a54: calls $8
3aa4f9f9: folds
cd8cc200: folds
d55f8b96: calls $4
*** FLOP *** [6c Ad 5c]
d55f8b96: checks
1d792dad: checks
2b723a54: checks
*** TURN *** [6c Ad 5c] [6h]
d55f8b96: checks
1d792dad: bets $19.5
2b723a54: folds
d55f8b96: folds
Uncalled bet ($19.5) returned to 1d792dad
1d792dad: shows [6d]
*** SHOWDOWN ***
1d792dad collected $26 from pot
*** SUMMARY ***
Total pot $26
Board [6c Ad 5c 6h]
Seat 7: d55f8b96(big blind) folded on the Turn
Seat 5: cd8cc200(small blind) folded before Flop
Seat 4: 3aa4f9f9 folded before Flop (didn't bet)
Seat 1: Hero folded before Flop (didn't bet)
Seat 2: 1d792dad showed [6d] and won ($26) with Three Sixes
Seat 3: 2b723a54 folded on the Turn



Poker Hand #ring_963238551: NLH No Limit ($2/$4) - 2025/06/29 22:44:59
Table 'MR NLH 2/4' 7-max Seat #3 is the button
Seat 7: d55f8b96 ($1,461.69 in chips)
Seat 5: cd8cc200 ($800 in chips)
Seat 4: 3aa4f9f9 ($1,516.64 in chips)
Seat 1: Hero ($366.32 in chips)
Seat 2: 1d792dad ($1,165.25 in chips)
Seat 3: 2b723a54 ($718.73 in chips)
3aa4f9f9: posts small blind $2
cd8cc200: posts big blind $4
*** HOLE CARDS ***
Dealt to d55f8b96 
Dealt to cd8cc200 
Dealt to 3aa4f9f9 
Dealt to Hero [7c 2d]
Dealt to 1d792dad 
Dealt to 2b723a54 
d55f8b96: raises $8 to $12
Hero: folds
1d792dad: folds
2b723a54: folds
3aa4f9f9: folds
cd8cc200: folds
Uncalled bet ($8) returned to d55f8b96
*** SHOWDOWN ***
d55f8b96 collected $10 from pot
*** SUMMARY ***
Total pot $10
Seat 7: d55f8b96won ($10)
Seat 5: cd8cc200(big blind) folded before Flop
Seat 4: 3aa4f9f9(small blind) folded before Flop
Seat 1: Hero folded before Flop (didn't bet)
Seat 2: 1d792dad folded before Flop (didn't bet)
Seat 3: 2b723a54 folded before Flop (didn't bet)



Poker Hand #ring_963237148: NLH No Limit ($2/$4) - 2025/06/29 22:44:11
Table 'MR NLH 2/4' 7-max Seat #2 is the button
Seat 7: d55f8b96 ($1,461.69 in chips)
Seat 5: cd8cc200 ($800 in chips)
Seat 4: 3aa4f9f9 ($1,481.24 in chips)
Seat 1: Hero ($366.32 in chips)
Seat 2: 1d792dad ($1,165.25 in chips)
Seat 3: 2b723a54 ($758.73 in chips)
2b723a54: posts small blind $2
3aa4f9f9: posts big blind $4
*** HOLE CARDS ***
Dealt to d55f8b96 
Dealt to cd8cc200 
Dealt to 3aa4f9f9 
Dealt to Hero [4c 5d]
Dealt to 1d792dad 
Dealt to 2b723a54 
cd8cc200: folds
d55f8b96: folds
Hero: folds
1d792dad: folds
2b723a54: raises $8 to $12
3aa4f9f9: raises $28 to $40
2b723a54: calls $28
*** FLOP *** [2h 4h 2s]
2b723a54: checks
3aa4f9f9: bets $60
2b723a54: folds
Uncalled bet ($60) returned to 3aa4f9f9
*** SHOWDOWN ***
3aa4f9f9 collected $80 from pot
*** SUMMARY ***
Total pot $80
Board [2h 4h 2s]
Seat 7: d55f8b96 folded before Flop (didn't bet)
Seat 5: cd8cc200 folded before Flop (didn't bet)
Seat 4: 3aa4f9f9(big blind)won ($80) with Pair of Twos
Seat 1: Hero folded before Flop (didn't bet)
Seat 2: 1d792dad folded before Flop (didn't bet)
Seat 3: 2b723a54(small blind) folded on the Flop



Poker Hand #ring_963235429: NLH No Limit ($2/$4) - 2025/06/29 22:43:11
Table 'MR NLH 2/4' 7-max Seat #1 is the button
Seat 7: d55f8b96 ($1,461.69 in chips)
Seat 5: cd8cc200 ($800 in chips)
Seat 4: 3aa4f9f9 ($1,468.32 in chips)
Seat 1: Hero ($366.32 in chips)
Seat 2: 1d792dad ($1,175.25 in chips)
Seat 3: 2b723a54 ($762.73 in chips)
1d792dad: posts small blind $2
2b723a54: posts big blind $4
*** HOLE CARDS ***
Dealt to d55f8b96 
Dealt to cd8cc200 
Dealt to 3aa4f9f9 
Dealt to Hero [Qs 2c]
Dealt to 1d792dad 
Dealt to 2b723a54 
3aa4f9f9: raises $6 to $10
cd8cc200: folds
d55f8b96: folds
Hero: folds
1d792dad: calls $8
2b723a54: folds
*** FLOP *** [9c Jd Tc]
1d792dad: checks
3aa4f9f9: checks
*** TURN *** [9c Jd Tc] [7s]
1d792dad: checks
3aa4f9f9: bets $15.84
1d792dad: folds
Uncalled bet ($15.84) returned to 3aa4f9f9
*** SHOWDOWN ***
3aa4f9f9 collected $24 from pot
*** SUMMARY ***
Total pot $24
Board [9c Jd Tc 7s]
Seat 7: d55f8b96 folded before Flop (didn't bet)
Seat 5: cd8cc200 folded before Flop (didn't bet)
Seat 4: 3aa4f9f9won ($24) with Pair of Kings
Seat 1: Hero folded before Flop (didn't bet)
Seat 2: 1d792dad(small blind) folded on the Turn
Seat 3: 2b723a54(big blind) folded before Flop



Poker Hand #ring_963233052: NLH No Limit ($2/$4) - 2025/06/29 22:41:51
Table 'MR NLH 2/4' 7-max Seat #7 is the button
Seat 7: d55f8b96 ($1,461.69 in chips)
Seat 5: cd8cc200 ($834.26 in chips)
Seat 4: 3aa4f9f9 ($1,468.32 in chips)
Seat 1: Hero ($326 in chips)
Seat 2: 1d792dad ($1,179.25 in chips)
Seat 3: 2b723a54 ($762.73 in chips)
Hero: posts small blind $2
1d792dad: posts big blind $4
*** HOLE CARDS ***
Dealt to d55f8b96 
Dealt to cd8cc200 
Dealt to 3aa4f9f9 
Dealt to Hero [7d 7s]
Dealt to 1d792dad 
Dealt to 2b723a54 
2b723a54: folds
3aa4f9f9: folds
cd8cc200: raises $4.8 to $8.8
d55f8b96: folds
Hero: calls $6.8
1d792dad: folds
*** FLOP *** [6h 2c 3c]
Hero: checks
cd8cc200: checks
*** TURN *** [6h 2c 3c] [7c]
Hero: bets $10.8
cd8cc200: calls $10.8
*** RIVER *** [6h 2c 3c 7c] [3d]
Hero: bets $21.6
cd8cc200: calls $21.6
Hero: shows [7d 7s]
cd8cc200: shows [Jc Ad]
*** SHOWDOWN ***
Hero collected $86.4 from pot
*** SUMMARY ***
Total pot $86.4
Board [6h 2c 3c 7c 3d]
Seat 7: d55f8b96 folded before Flop (didn't bet)
Seat 5: cd8cc200 showed [Jc Ad] and lost with Pair of Treys
Seat 4: 3aa4f9f9 folded before Flop (didn't bet)
Seat 1: Hero(small blind) showed [7d 7s] and won ($86.4) with Sevens Full over Treys
Seat 2: 1d792dad(big blind) folded before Flop
Seat 3: 2b723a54 folded before Flop (didn't bet)



Poker Hand #ring_963230770: NLH No Limit ($2/$4) - 2025/06/29 22:40:33
Table 'MR NLH 2/4' 7-max Seat #5 is the button
Seat 7: d55f8b96 ($1,463.69 in chips)
Seat 5: cd8cc200 ($848.26 in chips)
Seat 4: 3aa4f9f9 ($1,468.32 in chips)
Seat 1: Hero ($340 in chips)
Seat 2: 1d792dad ($1,138.86 in chips)
Seat 3: 2b723a54 ($776.73 in chips)
d55f8b96: posts small blind $2
Hero: posts big blind $4
*** HOLE CARDS ***
Dealt to d55f8b96 
Dealt to cd8cc200 
Dealt to 3aa4f9f9 
Dealt to Hero [8c 6s]
Dealt to 1d792dad 
Dealt to 2b723a54 
1d792dad: calls $4
2b723a54: calls $4
3aa4f9f9: folds
cd8cc200: raises $10 to $14
d55f8b96: folds
Hero: calls $10
1d792dad: calls $10
2b723a54: calls $10
*** FLOP *** [Kc 3s 5d]
Hero: checks
1d792dad: checks
2b723a54: checks
cd8cc200: checks
*** TURN *** [Kc 3s 5d] [2h]
Hero: checks
1d792dad: bets $43.5
2b723a54: folds
cd8cc200: folds
Hero: folds
Uncalled bet ($43.5) returned to 1d792dad
*** SHOWDOWN ***
1d792dad collected $58 from pot
*** SUMMARY ***
Total pot $58
Board [Kc 3s 5d 2h]
Seat 7: d55f8b96(small blind) folded before Flop
Seat 5: cd8cc200 folded on the Turn
Seat 4: 3aa4f9f9 folded before Flop (didn't bet)
Seat 1: Hero(big blind) folded on the Turn
Seat 2: 1d792dadwon ($58) with Pair of Kings and Pair of Treys
Seat 3: 2b723a54 folded on the Turn



