Poker Hand #ring_988902094: NLH No Limit ($2/$4) - 2025/07/13 14:14:01
Table 'MR NLH BOMBPOT 2/4' 7-max Seat #0 is the button
Seat 5: 1d2ab313 ($1,053.23 in chips)
Seat 1: Hero ($540.63 in chips)
Seat 7: c0289d35 ($786 in chips)
1d2ab313: posts small blind $2
c0289d35: posts big blind $4
*** HOLE CARDS ***
Dealt to 1d2ab313 
Dealt to Hero [2s As]
Dealt to c0289d35 
Hero: raises $8 to $12
1d2ab313: raises $40 to $52
c0289d35: folds
Hero: folds
Uncalled bet ($40) returned to 1d2ab313
*** SHOWDOWN ***
1d2ab313 collected $28 from pot
*** SUMMARY ***
Total pot $28
Seat 5: 1d2ab313(small blind)won ($28)
Seat 1: Hero folded before Flop
Seat 7: c0289d35(big blind) folded before Flop



Poker Hand #ring_988901411: NLH No Limit ($2/$4) - 2025/07/13 14:13:23
Table 'MR NLH BOMBPOT 2/4' 7-max Seat #1 is the button
Seat 2: 252578ae ($1,734.17 in chips)
Seat 5: 1d2ab313 ($1,023.29 in chips)
Seat 1: Hero ($540.63 in chips)
Seat 7: c0289d35 ($786 in chips)
252578ae: posts small blind $2
1d2ab313: posts big blind $4
*** HOLE CARDS ***
Dealt to 252578ae 
Dealt to 1d2ab313 
Dealt to Hero [3c Kd]
Dealt to c0289d35 
c0289d35: folds
Hero: folds
252578ae: raises $16 to $20
1d2ab313: calls $16
*** FLOP *** [2s 8h 4d]
252578ae: bets $14
1d2ab313: raises $23.12 to $37.12
252578ae: folds
Uncalled bet ($23.12) returned to 1d2ab313
*** SHOWDOWN ***
1d2ab313 collected $68 from pot
*** SUMMARY ***
Total pot $68
Board [2s 8h 4d]
Seat 2: 252578ae(small blind) folded on the Flop
Seat 5: 1d2ab313(big blind)won ($68) with Pair of Sevens
Seat 1: Hero folded before Flop (didn't bet)
Seat 7: c0289d35 folded before Flop (didn't bet)



Poker Hand #ring_988901037: NLH No Limit ($2/$4) - 2025/07/13 14:13:01
Table 'MR NLH BOMBPOT 2/4' 7-max Seat #7 is the button
Seat 2: 252578ae ($1,732.17 in chips)
Seat 5: 1d2ab313 ($1,023.29 in chips)
Seat 1: Hero ($542.63 in chips)
Seat 4: 2f771433 ($943.15 in chips)
Seat 7: c0289d35 ($786 in chips)
Hero: posts small blind $2
252578ae: posts big blind $4
*** HOLE CARDS ***
Dealt to 252578ae 
Dealt to 1d2ab313 
Dealt to Hero [8d 2d]
Dealt to 2f771433 
Dealt to c0289d35 
2f771433: folds
1d2ab313: folds
c0289d35: folds
Hero: folds
*** SHOWDOWN ***
252578ae collected $6 from pot
*** SUMMARY ***
Total pot $6
Seat 2: 252578ae(big blind)won ($6)
Seat 5: 1d2ab313 folded before Flop (didn't bet)
Seat 1: Hero(small blind) folded before Flop
Seat 4: 2f771433 folded before Flop (didn't bet)
Seat 7: c0289d35 folded before Flop (didn't bet)



Poker Hand #ring_988900310: NLH No Limit ($2/$4) - 2025/07/13 14:12:19
Table 'MR NLH BOMBPOT 2/4' 7-max Seat #5 is the button
Seat 2: 252578ae ($1,732.17 in chips)
Seat 5: 1d2ab313 ($1,004.64 in chips)
Seat 1: Hero ($552.63 in chips)
Seat 4: 2f771433 ($943.15 in chips)
Seat 7: c0289d35 ($796 in chips)
c0289d35: posts small blind $2
Hero: posts big blind $4
*** HOLE CARDS ***
Dealt to 252578ae 
Dealt to 1d2ab313 
Dealt to Hero [7c 4c]
Dealt to 2f771433 
Dealt to c0289d35 
252578ae: folds
2f771433: folds
1d2ab313: raises $6 to $10
c0289d35: calls $8
Hero: calls $6
*** FLOP *** [2h 5s Jh]
c0289d35: checks
Hero: checks
1d2ab313: bets $22.2
c0289d35: folds
Hero: folds
Uncalled bet ($22.2) returned to 1d2ab313
*** SHOWDOWN ***
1d2ab313 collected $30 from pot
*** SUMMARY ***
Total pot $30
Board [2h 5s Jh]
Seat 2: 252578ae folded before Flop (didn't bet)
Seat 5: 1d2ab313won ($30) with Ace-High
Seat 1: Hero(big blind) folded on the Flop
Seat 4: 2f771433 folded before Flop (didn't bet)
Seat 7: c0289d35(small blind) folded on the Flop



Poker Hand #ring_988899936: NLH No Limit ($2/$4) - 2025/07/13 14:11:58
Table 'MR NLH BOMBPOT 2/4' 7-max Seat #4 is the button
Seat 2: 252578ae ($1,732.17 in chips)
Seat 5: 1d2ab313 ($1,006.64 in chips)
Seat 1: Hero ($546.63 in chips)
Seat 4: 2f771433 ($943.15 in chips)
Seat 7: c0289d35 ($800 in chips)
1d2ab313: posts small blind $2
c0289d35: posts big blind $4
*** HOLE CARDS ***
Dealt to 252578ae 
Dealt to 1d2ab313 
Dealt to Hero [Js As]
Dealt to 2f771433 
Dealt to c0289d35 
Hero: raises $8 to $12
252578ae: folds
2f771433: folds
1d2ab313: folds
c0289d35: folds
Uncalled bet ($8) returned to Hero
*** SHOWDOWN ***
Hero collected $10 from pot
*** SUMMARY ***
Total pot $10
Seat 2: 252578ae folded before Flop (didn't bet)
Seat 5: 1d2ab313(small blind) folded before Flop
Seat 1: Herowon ($10)
Seat 4: 2f771433 folded before Flop (didn't bet)
Seat 7: c0289d35(big blind) folded before Flop



Poker Hand #ring_988899570: NLH No Limit ($2/$4) - 2025/07/13 14:11:37
Table 'MR NLH BOMBPOT 2/4' 7-max Seat #0 is the button
Seat 2: 252578ae ($1,726.17 in chips)
Seat 5: 1d2ab313 ($1,010.64 in chips)
Seat 1: Hero ($546.63 in chips)
Seat 4: 2f771433 ($945.15 in chips)
2f771433: posts small blind $2
1d2ab313: posts big blind $4
*** HOLE CARDS ***
Dealt to 252578ae 
Dealt to 1d2ab313 
Dealt to Hero [4s 9d]
Dealt to 2f771433 
Hero: folds
252578ae: raises $16 to $20
2f771433: folds
1d2ab313: folds
Uncalled bet ($16) returned to 252578ae
*** SHOWDOWN ***
252578ae collected $10 from pot
*** SUMMARY ***
Total pot $10
Seat 2: 252578aewon ($10)
Seat 5: 1d2ab313(big blind) folded before Flop
Seat 1: Hero folded before Flop (didn't bet)
Seat 4: 2f771433(small blind) folded before Flop



Poker Hand #ring_988898050: NLH No Limit ($2/$4) - 2025/07/13 14:10:05
Table 'MR NLH BOMBPOT 2/4' 7-max Seat #2 is the button
Seat 2: 252578ae ($1,746.17 in chips)
Seat 5: 1d2ab313 ($823.66 in chips)
Seat 6: c6c56f8d ($377 in chips)
Seat 1: Hero ($690.23 in chips)
Seat 4: 2f771433 ($965.15 in chips)
2f771433: posts the ante $20
1d2ab313: posts the ante $20
c6c56f8d: posts the ante $20
Hero: posts the ante $20
252578ae: posts the ante $20
*** HOLE CARDS ***
Dealt to 252578ae 
Dealt to 1d2ab313 
Dealt to c6c56f8d 
Dealt to Hero [Jh 6c]
Dealt to 2f771433 
*** FLOP *** [Kc 6d Ks]
2f771433: checks
1d2ab313: bets $20
c6c56f8d: folds
Hero: calls $20
252578ae: folds
2f771433: folds
*** TURN *** [Kc 6d Ks] [Jd]
1d2ab313: bets $103.6
Hero: calls $103.6
*** RIVER *** [Kc 6d Ks Jd] [8d]
1d2ab313: bets $256.93
Hero: folds
Uncalled bet ($256.93) returned to 1d2ab313
*** SHOWDOWN ***
1d2ab313 collected $347.2 from pot
*** SUMMARY ***
Total pot $347.2
Board [Kc 6d Ks Jd 8d]
Seat 2: 252578ae folded on the Flop
Seat 5: 1d2ab313won ($347.2) with Kings Full over Sixes
Seat 6: c6c56f8d folded on the Flop
Seat 1: Hero folded on the River
Seat 4: 2f771433(big blind) folded on the Flop



Poker Hand #ring_988896747: NLH No Limit ($2/$4) - 2025/07/13 14:08:49
Table 'MR NLH BOMBPOT 2/4' 7-max Seat #1 is the button
Seat 2: 252578ae ($1,756.17 in chips)
Seat 5: 1d2ab313 ($805.01 in chips)
Seat 6: c6c56f8d ($377 in chips)
Seat 3: 43451143 ($666.63 in chips)
Seat 1: Hero ($690.23 in chips)
Seat 4: 2f771433 ($965.15 in chips)
252578ae: posts small blind $2
43451143: posts big blind $4
*** HOLE CARDS ***
Dealt to 252578ae 
Dealt to 1d2ab313 
Dealt to c6c56f8d 
Dealt to 43451143 
Dealt to Hero [9d 7c]
Dealt to 2f771433 
2f771433: folds
1d2ab313: raises $6 to $10
c6c56f8d: folds
Hero: folds
252578ae: calls $8
43451143: calls $6
*** FLOP *** [7s Kd 3c]
252578ae: checks
43451143: checks
1d2ab313: bets $22.2
252578ae: folds
43451143: folds
Uncalled bet ($22.2) returned to 1d2ab313
*** SHOWDOWN ***
1d2ab313 collected $30 from pot
*** SUMMARY ***
Total pot $30
Board [7s Kd 3c]
Seat 2: 252578ae(small blind) folded on the Flop
Seat 5: 1d2ab313won ($30) with Pair of Kings
Seat 6: c6c56f8d folded before Flop (didn't bet)
Seat 3: 43451143(big blind) folded on the Flop
Seat 1: Hero folded before Flop (didn't bet)
Seat 4: 2f771433 folded before Flop (didn't bet)



Poker Hand #ring_988895945: NLH No Limit ($2/$4) - 2025/07/13 14:08:00
Table 'MR NLH BOMBPOT 2/4' 7-max Seat #6 is the button
Seat 2: 252578ae ($1,738.55 in chips)
Seat 5: 1d2ab313 ($805.01 in chips)
Seat 6: c6c56f8d ($377 in chips)
Seat 3: 43451143 ($666.63 in chips)
Seat 1: Hero ($692.23 in chips)
Seat 4: 2f771433 ($982.41 in chips)
Hero: posts small blind $2
252578ae: posts big blind $4
*** HOLE CARDS ***
Dealt to 252578ae 
Dealt to 1d2ab313 
Dealt to c6c56f8d 
Dealt to 43451143 
Dealt to Hero [Kh 6d]
Dealt to 2f771433 
43451143: folds
2f771433: raises $6 to $10
1d2ab313: folds
c6c56f8d: folds
Hero: folds
252578ae: calls $6
*** FLOP *** [Jh Ac 5c]
252578ae: checks
2f771433: bets $7.26
252578ae: raises $47.74 to $55
2f771433: folds
Uncalled bet ($47.74) returned to 252578ae
*** SHOWDOWN ***
252578ae collected $36.52 from pot
*** SUMMARY ***
Total pot $36.52
Board [Jh Ac 5c]
Seat 2: 252578ae(big blind)won ($36.52) with Pair of Jacks
Seat 5: 1d2ab313 folded before Flop (didn't bet)
Seat 6: c6c56f8d folded before Flop (didn't bet)
Seat 3: 43451143 folded before Flop (didn't bet)
Seat 1: Hero(small blind) folded before Flop
Seat 4: 2f771433 folded on the Flop



Poker Hand #ring_988895594: NLH No Limit ($2/$4) - 2025/07/13 14:07:40
Table 'MR NLH BOMBPOT 2/4' 7-max Seat #5 is the button
Seat 2: 252578ae ($1,738.55 in chips)
Seat 5: 1d2ab313 ($805.01 in chips)
Seat 6: c6c56f8d ($379 in chips)
Seat 1: Hero ($696.23 in chips)
Seat 4: 2f771433 ($976.41 in chips)
c6c56f8d: posts small blind $2
Hero: posts big blind $4
*** HOLE CARDS ***
Dealt to 252578ae 
Dealt to 1d2ab313 
Dealt to c6c56f8d 
Dealt to Hero [5c 8d]
Dealt to 2f771433 
252578ae: folds
2f771433: raises $6 to $10
1d2ab313: folds
c6c56f8d: folds
Hero: folds
Uncalled bet ($6) returned to 2f771433
*** SHOWDOWN ***
2f771433 collected $10 from pot
*** SUMMARY ***
Total pot $10
Seat 2: 252578ae folded before Flop (didn't bet)
Seat 5: 1d2ab313 folded before Flop (didn't bet)
Seat 6: c6c56f8d(small blind) folded before Flop
Seat 1: Hero(big blind) folded before Flop
Seat 4: 2f771433won ($10)



Poker Hand #ring_988894601: NLH No Limit ($2/$4) - 2025/07/13 14:06:38
Table 'MR NLH BOMBPOT 2/4' 7-max Seat #4 is the button
Seat 2: 252578ae ($1,738.55 in chips)
Seat 5: 1d2ab313 ($807.01 in chips)
Seat 6: c6c56f8d ($400 in chips)
Seat 7: 850078a5 ($1,395.42 in chips)
Seat 3: 43451143 ($666.63 in chips)
Seat 1: Hero ($696.23 in chips)
Seat 4: 2f771433 ($976.41 in chips)
1d2ab313: posts small blind $2
c6c56f8d: posts big blind $4
*** HOLE CARDS ***
Dealt to 252578ae 
Dealt to 1d2ab313 
Dealt to c6c56f8d 
Dealt to 850078a5 
Dealt to 43451143 
Dealt to Hero [Jd 5s]
Dealt to 2f771433 
850078a5: raises $6 to $10
Hero: folds
252578ae: folds
43451143: folds
2f771433: folds
1d2ab313: folds
c6c56f8d: calls $6
*** FLOP *** [Ts 3s Th]
c6c56f8d: checks
850078a5: bets $11
c6c56f8d: calls $11
*** TURN *** [Ts 3s Th] [4c]
c6c56f8d: checks
850078a5: checks
*** RIVER *** [Ts 3s Th 4c] [3h]
c6c56f8d: checks
850078a5: checks
c6c56f8d: shows [4h Ah]
850078a5: shows [As Ad]
*** SHOWDOWN ***
850078a5 collected $44 from pot
*** SUMMARY ***
Total pot $44
Board [Ts 3s Th 4c 3h]
Seat 2: 252578ae folded before Flop (didn't bet)
Seat 5: 1d2ab313(small blind) folded before Flop
Seat 6: c6c56f8d(big blind) showed [4h Ah] and lost with Pair of Tens and Pair of Fours
Seat 7: 850078a5 showed [As Ad] and won ($44) with Pair of Aces and Pair of Tens
Seat 3: 43451143 folded before Flop (didn't bet)
Seat 1: Hero folded before Flop (didn't bet)
Seat 4: 2f771433 folded before Flop (didn't bet)



Poker Hand #ring_988893895: NLH No Limit ($2/$4) - 2025/07/13 14:05:55
Table 'MR NLH BOMBPOT 2/4' 7-max Seat #3 is the button
Seat 2: 252578ae ($1,738.55 in chips)
Seat 5: 1d2ab313 ($811.01 in chips)
Seat 7: 850078a5 ($1,395.42 in chips)
Seat 3: 43451143 ($640.15 in chips)
Seat 1: Hero ($696.23 in chips)
Seat 4: 2f771433 ($1,002.41 in chips)
2f771433: posts small blind $2
1d2ab313: posts big blind $4
*** HOLE CARDS ***
Dealt to 252578ae 
Dealt to 1d2ab313 
Dealt to 850078a5 
Dealt to 43451143 
Dealt to Hero [9s Qh]
Dealt to 2f771433 
850078a5: folds
Hero: folds
252578ae: folds
43451143: raises $8 to $12
2f771433: calls $10
1d2ab313: folds
*** FLOP *** [5s As Jh]
2f771433: checks
43451143: bets $14
2f771433: calls $14
*** TURN *** [5s As Jh] [7s]
2f771433: checks
43451143: bets $42
2f771433: folds
Uncalled bet ($42) returned to 43451143
*** SHOWDOWN ***
43451143 collected $56 from pot
*** SUMMARY ***
Total pot $56
Board [5s As Jh 7s]
Seat 2: 252578ae folded before Flop (didn't bet)
Seat 5: 1d2ab313(big blind) folded before Flop
Seat 7: 850078a5 folded before Flop (didn't bet)
Seat 3: 43451143won ($56) with Pair of Aces
Seat 1: Hero folded before Flop (didn't bet)
Seat 4: 2f771433(small blind) folded on the Turn



Poker Hand #ring_988893295: NLH No Limit ($2/$4) - 2025/07/13 14:05:19
Table 'MR NLH BOMBPOT 2/4' 7-max Seat #2 is the button
Seat 2: 252578ae ($1,738.55 in chips)
Seat 5: 1d2ab313 ($811.01 in chips)
Seat 7: 850078a5 ($1,395.42 in chips)
Seat 3: 43451143 ($629.23 in chips)
Seat 1: Hero ($696.23 in chips)
Seat 4: 2f771433 ($1,014.41 in chips)
43451143: posts small blind $2
2f771433: posts big blind $4
*** HOLE CARDS ***
Dealt to 252578ae 
Dealt to 1d2ab313 
Dealt to 850078a5 
Dealt to 43451143 
Dealt to Hero [6c 4h]
Dealt to 2f771433 
1d2ab313: folds
850078a5: folds
Hero: folds
252578ae: folds
43451143: raises $8 to $12
2f771433: calls $8
*** FLOP *** [Jc 9c Tc]
43451143: bets $12
2f771433: folds
Uncalled bet ($12) returned to 43451143
*** SHOWDOWN ***
43451143 collected $24 from pot
*** SUMMARY ***
Total pot $24
Board [Jc 9c Tc]
Seat 2: 252578ae folded before Flop (didn't bet)
Seat 5: 1d2ab313 folded before Flop (didn't bet)
Seat 7: 850078a5 folded before Flop (didn't bet)
Seat 3: 43451143(small blind)won ($24) with Pair of Tens
Seat 1: Hero folded before Flop (didn't bet)
Seat 4: 2f771433(big blind) folded on the Flop



Poker Hand #ring_988892761: NLH No Limit ($2/$4) - 2025/07/13 14:04:46
Table 'MR NLH BOMBPOT 2/4' 7-max Seat #1 is the button
Seat 2: 252578ae ($1,740.55 in chips)
Seat 5: 1d2ab313 ($800 in chips)
Seat 7: 850078a5 ($1,395.42 in chips)
Seat 3: 43451143 ($639.23 in chips)
Seat 1: Hero ($696.23 in chips)
Seat 4: 2f771433 ($1,014.41 in chips)
252578ae: posts small blind $2
43451143: posts big blind $4
*** HOLE CARDS ***
Dealt to 252578ae 
Dealt to 1d2ab313 
Dealt to 850078a5 
Dealt to 43451143 
Dealt to Hero [4d 6h]
Dealt to 2f771433 
2f771433: folds
1d2ab313: raises $6 to $10
850078a5: folds
Hero: folds
252578ae: folds
43451143: calls $6
*** FLOP *** [4s Qc Jd]
43451143: checks
1d2ab313: bets $11.88
43451143: folds
Uncalled bet ($11.88) returned to 1d2ab313
*** SHOWDOWN ***
1d2ab313 collected $22 from pot
*** SUMMARY ***
Total pot $22
Board [4s Qc Jd]
Seat 2: 252578ae(small blind) folded before Flop
Seat 5: 1d2ab313won ($22) with King-High
Seat 7: 850078a5 folded before Flop (didn't bet)
Seat 3: 43451143(big blind) folded on the Flop
Seat 1: Hero folded before Flop (didn't bet)
Seat 4: 2f771433 folded before Flop (didn't bet)



Poker Hand #ring_988891234: NLH No Limit ($2/$4) - 2025/07/13 14:03:17
Table 'MR NLH BOMBPOT 2/4' 7-max Seat #7 is the button
Seat 2: 252578ae ($1,343.89 in chips)
Seat 5: 1d2ab313 ($800 in chips)
Seat 7: 850078a5 ($1,395.42 in chips)
Seat 3: 43451143 ($639.23 in chips)
Seat 1: Hero ($698.23 in chips)
Seat 4: 2f771433 ($1,014.41 in chips)
Seat 6: a39a6670 ($434.88 in chips)
Hero: posts small blind $2
252578ae: posts big blind $4
*** HOLE CARDS ***
Dealt to 252578ae 
Dealt to 1d2ab313 
Dealt to 850078a5 
Dealt to 43451143 
Dealt to Hero [As 8h]
Dealt to 2f771433 
Dealt to a39a6670 
43451143: folds
2f771433: folds
1d2ab313: folds
a39a6670: raises $6 to $10
850078a5: folds
Hero: folds
252578ae: calls $6
*** FLOP *** [Kd 7s 9h]
252578ae: checks
a39a6670: bets $7.26
252578ae: raises $27.74 to $35
a39a6670: raises $60.72 to $95.72
252578ae: raises $1,238.17 to $1,333.89 and is all-in
a39a6670: calls $329.16 and is all-in
Uncalled bet ($909.01) returned to 252578ae
252578ae: shows [9c 7d] (Pair of Nines and Pair of Sevens)
a39a6670: shows [Kh Ad] (Pair of Kings)
*** TURN *** [Kd 7s 9h] [8s]
*** RIVER *** [Kd 7s 9h 8s] [Js]
*** SHOWDOWN ***
252578ae collected $871.76 from pot
*** SUMMARY ***
Total pot $871.76
Board [Kd 7s 9h 8s Js]
Seat 2: 252578ae(big blind) showed [9c 7d] and won ($871.76) with Pair of Nines and Pair of Sevens
Seat 5: 1d2ab313 folded before Flop (didn't bet)
Seat 7: 850078a5 folded before Flop (didn't bet)
Seat 3: 43451143 folded before Flop (didn't bet)
Seat 1: Hero(small blind) folded before Flop
Seat 4: 2f771433 folded before Flop (didn't bet)
Seat 6: a39a6670 showed [Kh Ad] and lost with Pair of Kings



Poker Hand #ring_988890107: NLH No Limit ($2/$4) - 2025/07/13 14:02:12
Table 'MR NLH BOMBPOT 2/4' 7-max Seat #6 is the button
Seat 2: 252578ae ($1,343.89 in chips)
Seat 5: 1d2ab313 ($800 in chips)
Seat 7: 850078a5 ($1,362.58 in chips)
Seat 3: 43451143 ($651.23 in chips)
Seat 1: Hero ($710.23 in chips)
Seat 4: 2f771433 ($1,014.41 in chips)
Seat 6: a39a6670 ($434.88 in chips)
850078a5: posts small blind $2
Hero: posts big blind $4
*** HOLE CARDS ***
Dealt to 252578ae 
Dealt to 1d2ab313 
Dealt to 850078a5 
Dealt to 43451143 
Dealt to Hero [Ks Jc]
Dealt to 2f771433 
Dealt to a39a6670 
252578ae: folds
43451143: raises $8 to $12
2f771433: folds
1d2ab313: calls $12
a39a6670: folds
850078a5: calls $10
Hero: calls $8
*** FLOP *** [Qd 4c 2s]
850078a5: checks
Hero: checks
43451143: checks
1d2ab313: checks
*** TURN *** [Qd 4c 2s] [6s]
850078a5: bets $15.84
Hero: folds
43451143: folds
1d2ab313: folds
Uncalled bet ($15.84) returned to 850078a5
*** SHOWDOWN ***
850078a5 collected $48 from pot
*** SUMMARY ***
Total pot $48
Board [Qd 4c 2s 6s]
Seat 2: 252578ae folded before Flop (didn't bet)
Seat 5: 1d2ab313 folded on the Turn
Seat 7: 850078a5(small blind)won ($48) with Three Fours
Seat 3: 43451143 folded on the Turn
Seat 1: Hero(big blind) folded on the Turn
Seat 4: 2f771433 folded before Flop (didn't bet)
Seat 6: a39a6670 folded before Flop (didn't bet)



Poker Hand #ring_988888772: NLH No Limit ($2/$4) - 2025/07/13 14:00:54
Table 'MR NLH BOMBPOT 2/4' 7-max Seat #5 is the button
Seat 2: 252578ae ($1,363.89 in chips)
Seat 5: 1d2ab313 ($798 in chips)
Seat 7: 850078a5 ($1,224.4 in chips)
Seat 3: 43451143 ($671.23 in chips)
Seat 1: Hero ($730.23 in chips)
Seat 4: 2f771433 ($1,034.41 in chips)
Seat 6: a39a6670 ($454.88 in chips)
a39a6670: posts the ante $20
850078a5: posts the ante $20
Hero: posts the ante $20
252578ae: posts the ante $20
43451143: posts the ante $20
2f771433: posts the ante $20
1d2ab313: posts the ante $20
*** HOLE CARDS ***
Dealt to 252578ae 
Dealt to 1d2ab313 
Dealt to 850078a5 
Dealt to 43451143 
Dealt to Hero [8s 9d]
Dealt to 2f771433 
Dealt to a39a6670 
*** FLOP *** [5c Ac 3c]
a39a6670: checks
850078a5: checks
Hero: checks
252578ae: checks
43451143: checks
2f771433: checks
1d2ab313: bets $28
a39a6670: folds
850078a5: calls $28
Hero: folds
252578ae: folds
43451143: folds
2f771433: folds
*** TURN *** [5c Ac 3c] [7s]
850078a5: checks
1d2ab313: checks
*** RIVER *** [5c Ac 3c 7s] [2s]
850078a5: bets $147
1d2ab313: folds
Uncalled bet ($147) returned to 850078a5
*** SHOWDOWN ***
850078a5 collected $196 from pot
*** SUMMARY ***
Total pot $196
Board [5c Ac 3c 7s 2s]
Seat 2: 252578ae folded on the Flop
Seat 5: 1d2ab313 folded on the River
Seat 7: 850078a5(big blind)won ($196) with Ace High Flush
Seat 3: 43451143 folded on the Flop
Seat 1: Hero folded on the Flop
Seat 4: 2f771433 folded on the Flop
Seat 6: a39a6670(small blind) folded on the Flop



Poker Hand #ring_988887300: NLH No Limit ($2/$4) - 2025/07/13 13:59:28
Table 'MR NLH BOMBPOT 2/4' 7-max Seat #4 is the button
Seat 2: 252578ae ($1,363.89 in chips)
Seat 5: 1d2ab313 ($800 in chips)
Seat 7: 850078a5 ($1,224.4 in chips)
Seat 3: 43451143 ($671.23 in chips)
Seat 1: Hero ($730.23 in chips)
Seat 4: 2f771433 ($1,016.79 in chips)
Seat 6: a39a6670 ($472.14 in chips)
1d2ab313: posts small blind $2
a39a6670: posts big blind $4
*** HOLE CARDS ***
Dealt to 252578ae 
Dealt to 1d2ab313 
Dealt to 850078a5 
Dealt to 43451143 
Dealt to Hero [4s 9d]
Dealt to 2f771433 
Dealt to a39a6670 
850078a5: folds
Hero: folds
252578ae: folds
43451143: folds
2f771433: raises $6 to $10
1d2ab313: folds
a39a6670: calls $6
*** FLOP *** [Qd 3h Ad]
a39a6670: checks
2f771433: bets $7.26
a39a6670: calls $7.26
*** TURN *** [Qd 3h Ad] [Th]
a39a6670: checks
2f771433: checks
*** RIVER *** [Qd 3h Ad Th] [5s]
a39a6670: checks
2f771433: checks
2f771433: shows [Jd Td]
a39a6670: shows [3s Kc]
*** SHOWDOWN ***
2f771433 collected $36.52 from pot
*** SUMMARY ***
Total pot $36.52
Board [Qd 3h Ad Th 5s]
Seat 2: 252578ae folded before Flop (didn't bet)
Seat 5: 1d2ab313(small blind) folded before Flop
Seat 7: 850078a5 folded before Flop (didn't bet)
Seat 3: 43451143 folded before Flop (didn't bet)
Seat 1: Hero folded before Flop (didn't bet)
Seat 4: 2f771433 showed [Jd Td] and won ($36.52) with Pair of Tens
Seat 6: a39a6670(big blind) showed [3s Kc] and lost with Pair of Treys



Poker Hand #ring_988886466: NLH No Limit ($2/$4) - 2025/07/13 13:58:40
Table 'MR NLH BOMBPOT 2/4' 7-max Seat #3 is the button
Seat 2: 252578ae ($1,363.89 in chips)
Seat 5: 1d2ab313 ($800 in chips)
Seat 7: 850078a5 ($1,224.4 in chips)
Seat 3: 43451143 ($671.23 in chips)
Seat 1: Hero ($730.23 in chips)
Seat 4: 2f771433 ($982.79 in chips)
Seat 6: a39a6670 ($472.14 in chips)
2f771433: posts small blind $2
1d2ab313: posts big blind $4
*** HOLE CARDS ***
Dealt to 252578ae 
Dealt to 1d2ab313 
Dealt to 850078a5 
Dealt to 43451143 
Dealt to Hero [Th 5s]
Dealt to 2f771433 
Dealt to a39a6670 
a39a6670: folds
850078a5: folds
Hero: folds
252578ae: folds
43451143: folds
2f771433: raises $8 to $12
1d2ab313: raises $22 to $34
2f771433: raises $62 to $96
1d2ab313: folds
Uncalled bet ($62) returned to 2f771433
*** SHOWDOWN ***
2f771433 collected $68 from pot
*** SUMMARY ***
Total pot $68
Seat 2: 252578ae folded before Flop (didn't bet)
Seat 5: 1d2ab313(big blind) folded before Flop
Seat 7: 850078a5 folded before Flop (didn't bet)
Seat 3: 43451143 folded before Flop (didn't bet)
Seat 1: Hero folded before Flop (didn't bet)
Seat 4: 2f771433(small blind)won ($68)
Seat 6: a39a6670 folded before Flop (didn't bet)



Poker Hand #ring_988885071: NLH No Limit ($2/$4) - 2025/07/13 13:57:21
Table 'MR NLH BOMBPOT 2/4' 7-max Seat #2 is the button
Seat 2: 252578ae ($1,237.77 in chips)
Seat 5: 1d2ab313 ($800 in chips)
Seat 7: 850078a5 ($1,224.4 in chips)
Seat 3: 43451143 ($796.23 in chips)
Seat 1: Hero ($730.23 in chips)
Seat 4: 2f771433 ($986.79 in chips)
Seat 6: a39a6670 ($472.14 in chips)
43451143: posts small blind $2
2f771433: posts big blind $4
*** HOLE CARDS ***
Dealt to 252578ae 
Dealt to 1d2ab313 
Dealt to 850078a5 
Dealt to 43451143 
Dealt to Hero [6c Kh]
Dealt to 2f771433 
Dealt to a39a6670 
1d2ab313: raises $6 to $10
a39a6670: folds
850078a5: folds
Hero: folds
252578ae: raises $40 to $50
43451143: calls $48
2f771433: folds
1d2ab313: folds
*** FLOP *** [3s Qh 2h]
43451143: checks
252578ae: bets $75
43451143: calls $75
*** TURN *** [3s Qh 2h] [6h]
43451143: checks
252578ae: bets $164
43451143: folds
Uncalled bet ($164) returned to 252578ae
2f771433: shows [Jh]
*** SHOWDOWN ***
252578ae collected $264 from pot
*** SUMMARY ***
Total pot $264
Board [3s Qh 2h 6h]
Seat 2: 252578aewon ($264) with Queen-High
Seat 5: 1d2ab313 folded before Flop
Seat 7: 850078a5 folded before Flop (didn't bet)
Seat 3: 43451143(small blind) folded on the Turn
Seat 1: Hero folded before Flop (didn't bet)
Seat 4: 2f771433(big blind) folded before Flop
Seat 6: a39a6670 folded before Flop (didn't bet)



Poker Hand #ring_988883220: NLH No Limit ($2/$4) - 2025/07/13 13:55:35
Table 'MR NLH BOMBPOT 2/4' 7-max Seat #1 is the button
Seat 2: 252578ae ($1,239.77 in chips)
Seat 5: 1d2ab313 ($868.49 in chips)
Seat 7: 850078a5 ($1,224.4 in chips)
Seat 3: 43451143 ($829.91 in chips)
Seat 1: Hero ($610.08 in chips)
Seat 4: 2f771433 ($986.79 in chips)
Seat 6: a39a6670 ($472.14 in chips)
252578ae: posts small blind $2
43451143: posts big blind $4
*** HOLE CARDS ***
Dealt to 252578ae 
Dealt to 1d2ab313 
Dealt to 850078a5 
Dealt to 43451143 
Dealt to Hero [Td Qs]
Dealt to 2f771433 
Dealt to a39a6670 
2f771433: folds
1d2ab313: raises $6 to $10
a39a6670: folds
850078a5: folds
Hero: calls $10
252578ae: folds
43451143: calls $6
*** FLOP *** [Ts 9h Js]
43451143: checks
1d2ab313: bets $23.68
Hero: calls $23.68
43451143: calls $23.68
*** TURN *** [Ts 9h Js] [2c]
43451143: checks
1d2ab313: checks
Hero: bets $62
43451143: folds
1d2ab313: calls $62
*** RIVER *** [Ts 9h Js 2c] [8h]
1d2ab313: checks
Hero: bets $130
1d2ab313: folds
Uncalled bet ($130) returned to Hero
*** SHOWDOWN ***
Hero collected $227.04 from pot
*** SUMMARY ***
Total pot $227.04
Board [Ts 9h Js 2c 8h]
Seat 2: 252578ae(small blind) folded before Flop
Seat 5: 1d2ab313 folded on the River
Seat 7: 850078a5 folded before Flop (didn't bet)
Seat 3: 43451143(big blind) folded on the Turn
Seat 1: Herowon ($227.04) with Queens-High Straight
Seat 4: 2f771433 folded before Flop (didn't bet)
Seat 6: a39a6670 folded before Flop (didn't bet)



Poker Hand #ring_988881970: NLH No Limit ($2/$4) - 2025/07/13 13:54:24
Table 'MR NLH BOMBPOT 2/4' 7-max Seat #7 is the button
Seat 2: 252578ae ($1,251.77 in chips)
Seat 5: 1d2ab313 ($868.49 in chips)
Seat 7: 850078a5 ($1,224.4 in chips)
Seat 3: 43451143 ($743.01 in chips)
Seat 1: Hero ($694.08 in chips)
Seat 4: 2f771433 ($986.79 in chips)
Seat 6: a39a6670 ($472.14 in chips)
Hero: posts small blind $2
252578ae: posts big blind $4
*** HOLE CARDS ***
Dealt to 252578ae 
Dealt to 1d2ab313 
Dealt to 850078a5 
Dealt to 43451143 
Dealt to Hero [9h 8h]
Dealt to 2f771433 
Dealt to a39a6670 
43451143: raises $8 to $12
2f771433: folds
1d2ab313: folds
a39a6670: folds
850078a5: folds
Hero: calls $10
252578ae: calls $8
*** FLOP *** [9s 2s 3h]
Hero: checks
252578ae: checks
43451143: bets $18
Hero: calls $18
252578ae: folds
*** TURN *** [9s 2s 3h] [3d]
Hero: checks
43451143: checks
*** RIVER *** [9s 2s 3h 3d] [Ts]
Hero: checks
43451143: bets $54
Hero: calls $54
Hero: shows [9h 8h]
43451143: shows [As Js]
*** SHOWDOWN ***
43451143 collected $180 from pot
*** SUMMARY ***
Total pot $180
Board [9s 2s 3h 3d Ts]
Seat 2: 252578ae(big blind) folded on the Flop
Seat 5: 1d2ab313 folded before Flop (didn't bet)
Seat 7: 850078a5 folded before Flop (didn't bet)
Seat 3: 43451143 showed [As Js] and won ($180) with Ace High Flush
Seat 1: Hero(small blind) showed [9h 8h] and lost with Pair of Nines and Pair of Treys
Seat 4: 2f771433 folded before Flop (didn't bet)
Seat 6: a39a6670 folded before Flop (didn't bet)



Poker Hand #ring_988881012: NLH No Limit ($2/$4) - 2025/07/13 13:53:28
Table 'MR NLH BOMBPOT 2/4' 7-max Seat #6 is the button
Seat 2: 252578ae ($1,251.77 in chips)
Seat 5: 1d2ab313 ($868.49 in chips)
Seat 7: 850078a5 ($1,232.4 in chips)
Seat 3: 43451143 ($751.01 in chips)
Seat 1: Hero ($702.08 in chips)
Seat 4: 2f771433 ($986.79 in chips)
Seat 6: a39a6670 ($449.58 in chips)
850078a5: posts small blind $2
Hero: posts big blind $4
*** HOLE CARDS ***
Dealt to 252578ae 
Dealt to 1d2ab313 
Dealt to 850078a5 
Dealt to 43451143 
Dealt to Hero [Ac 6h]
Dealt to 2f771433 
Dealt to a39a6670 
252578ae: folds
43451143: raises $4 to $8
2f771433: folds
1d2ab313: folds
a39a6670: calls $8
850078a5: calls $6
Hero: calls $4
*** FLOP *** [2d 5c Js]
850078a5: checks
Hero: checks
43451143: checks
a39a6670: bets $10.56
850078a5: folds
Hero: folds
43451143: folds
Uncalled bet ($10.56) returned to a39a6670
*** SHOWDOWN ***
a39a6670 collected $32 from pot
*** SUMMARY ***
Total pot $32
Board [2d 5c Js]
Seat 2: 252578ae folded before Flop (didn't bet)
Seat 5: 1d2ab313 folded before Flop (didn't bet)
Seat 7: 850078a5(small blind) folded on the Flop
Seat 3: 43451143 folded on the Flop
Seat 1: Hero(big blind) folded on the Flop
Seat 4: 2f771433 folded before Flop (didn't bet)
Seat 6: a39a6670won ($32) with Pair of Fives



Poker Hand #ring_988879626: NLH No Limit ($2/$4) - 2025/07/13 13:52:08
Table 'MR NLH BOMBPOT 2/4' 7-max Seat #5 is the button
Seat 2: 252578ae ($1,251.77 in chips)
Seat 5: 1d2ab313 ($798 in chips)
Seat 7: 850078a5 ($1,236.4 in chips)
Seat 3: 43451143 ($751.01 in chips)
Seat 1: Hero ($702.08 in chips)
Seat 4: 2f771433 ($986.79 in chips)
Seat 6: a39a6670 ($523.94 in chips)
a39a6670: posts small blind $2
850078a5: posts big blind $4
*** HOLE CARDS ***
Dealt to 252578ae 
Dealt to 1d2ab313 
Dealt to 850078a5 
Dealt to 43451143 
Dealt to Hero [Ac 4s]
Dealt to 2f771433 
Dealt to a39a6670 
Hero: folds
252578ae: folds
43451143: folds
2f771433: folds
1d2ab313: raises $6 to $10
a39a6670: raises $34 to $44
850078a5: folds
1d2ab313: calls $34
*** FLOP *** [Jh Ah 7s]
a39a6670: bets $30.36
1d2ab313: raises $68.84 to $99.2
a39a6670: folds
Uncalled bet ($68.84) returned to 1d2ab313
*** SHOWDOWN ***
1d2ab313 collected $152.72 from pot
*** SUMMARY ***
Total pot $152.72
Board [Jh Ah 7s]
Seat 2: 252578ae folded before Flop (didn't bet)
Seat 5: 1d2ab313won ($152.72) with Pair of Jacks
Seat 7: 850078a5(big blind) folded before Flop
Seat 3: 43451143 folded before Flop (didn't bet)
Seat 1: Hero folded before Flop (didn't bet)
Seat 4: 2f771433 folded before Flop (didn't bet)
Seat 6: a39a6670(small blind) folded on the Flop



Poker Hand #ring_988879232: NLH No Limit ($2/$4) - 2025/07/13 13:51:46
Table 'MR NLH BOMBPOT 2/4' 7-max Seat #4 is the button
Seat 2: 252578ae ($1,251.77 in chips)
Seat 5: 1d2ab313 ($800 in chips)
Seat 7: 850078a5 ($1,236.4 in chips)
Seat 3: 43451143 ($745.01 in chips)
Seat 1: Hero ($702.08 in chips)
Seat 4: 2f771433 ($986.79 in chips)
Seat 6: a39a6670 ($527.94 in chips)
1d2ab313: posts small blind $2
a39a6670: posts big blind $4
*** HOLE CARDS ***
Dealt to 252578ae 
Dealt to 1d2ab313 
Dealt to 850078a5 
Dealt to 43451143 
Dealt to Hero [8c 9h]
Dealt to 2f771433 
Dealt to a39a6670 
850078a5: folds
Hero: folds
252578ae: folds
43451143: raises $8 to $12
2f771433: folds
1d2ab313: folds
a39a6670: folds
Uncalled bet ($8) returned to 43451143
*** SHOWDOWN ***
43451143 collected $10 from pot
*** SUMMARY ***
Total pot $10
Seat 2: 252578ae folded before Flop (didn't bet)
Seat 5: 1d2ab313(small blind) folded before Flop
Seat 7: 850078a5 folded before Flop (didn't bet)
Seat 3: 43451143won ($10)
Seat 1: Hero folded before Flop (didn't bet)
Seat 4: 2f771433 folded before Flop (didn't bet)
Seat 6: a39a6670(big blind) folded before Flop



Poker Hand #ring_988878150: NLH No Limit ($2/$4) - 2025/07/13 13:50:43
Table 'MR NLH BOMBPOT 2/4' 7-max Seat #3 is the button
Seat 2: 252578ae ($1,343.39 in chips)
Seat 5: 1d2ab313 ($800 in chips)
Seat 7: 850078a5 ($1,236.4 in chips)
Seat 3: 43451143 ($656.9 in chips)
Seat 1: Hero ($702.08 in chips)
Seat 4: 2f771433 ($988.79 in chips)
Seat 6: a39a6670 ($527.94 in chips)
2f771433: posts small blind $2
1d2ab313: posts big blind $4
*** HOLE CARDS ***
Dealt to 252578ae 
Dealt to 1d2ab313 
Dealt to 850078a5 
Dealt to 43451143 
Dealt to Hero [9c 4d]
Dealt to 2f771433 
Dealt to a39a6670 
a39a6670: folds
850078a5: folds
Hero: folds
252578ae: raises $12 to $16
43451143: raises $38 to $54
2f771433: folds
1d2ab313: folds
252578ae: calls $38
*** FLOP *** [As Qc 7s]
252578ae: checks
43451143: bets $37.62
252578ae: calls $37.62
*** TURN *** [As Qc 7s] [Qs]
252578ae: checks
43451143: checks
*** RIVER *** [As Qc 7s Qs] [Js]
252578ae: checks
43451143: checks
252578ae: shows [Ac 5c]
43451143: shows [Qh Th]
*** SHOWDOWN ***
43451143 collected $189.24 from pot
*** SUMMARY ***
Total pot $189.24
Board [As Qc 7s Qs Js]
Seat 2: 252578ae showed [Ac 5c] and lost with Pair of Aces and Pair of Queens
Seat 5: 1d2ab313(big blind) folded before Flop
Seat 7: 850078a5 folded before Flop (didn't bet)
Seat 3: 43451143 showed [Qh Th] and won ($189.24) with Three Queens
Seat 1: Hero folded before Flop (didn't bet)
Seat 4: 2f771433(small blind) folded before Flop
Seat 6: a39a6670 folded before Flop (didn't bet)



Poker Hand #ring_988877105: NLH No Limit ($2/$4) - 2025/07/13 13:49:42
Table 'MR NLH BOMBPOT 2/4' 7-max Seat #2 is the button
Seat 2: 252578ae ($1,363.39 in chips)
Seat 5: 1d2ab313 ($813.77 in chips)
Seat 7: 850078a5 ($1,256.4 in chips)
Seat 3: 43451143 ($676.9 in chips)
Seat 1: Hero ($589.38 in chips)
Seat 4: 2f771433 ($1,008.79 in chips)
Seat 6: a39a6670 ($547.94 in chips)
43451143: posts the ante $20
2f771433: posts the ante $20
1d2ab313: posts the ante $20
a39a6670: posts the ante $20
850078a5: posts the ante $20
Hero: posts the ante $20
252578ae: posts the ante $20
*** HOLE CARDS ***
Dealt to 252578ae 
Dealt to 1d2ab313 
Dealt to 850078a5 
Dealt to 43451143 
Dealt to Hero [Ks Jd]
Dealt to 2f771433 
Dealt to a39a6670 
*** FLOP *** [Ah Ac 6s]
43451143: checks
2f771433: checks
1d2ab313: checks
a39a6670: checks
850078a5: checks
Hero: bets $70
252578ae: folds
43451143: folds
2f771433: folds
1d2ab313: folds
a39a6670: folds
850078a5: folds
Uncalled bet ($70) returned to Hero
*** SHOWDOWN ***
Hero collected $140 from pot
*** SUMMARY ***
Total pot $140
Board [Ah Ac 6s]
Seat 2: 252578ae folded on the Flop
Seat 5: 1d2ab313 folded on the Flop
Seat 7: 850078a5 folded on the Flop
Seat 3: 43451143(small blind) folded on the Flop
Seat 1: Herowon ($140) with Pair of Aces
Seat 4: 2f771433(big blind) folded on the Flop
Seat 6: a39a6670 folded on the Flop



Poker Hand #ring_988875416: NLH No Limit ($2/$4) - 2025/07/13 13:48:04
Table 'MR NLH BOMBPOT 2/4' 7-max Seat #1 is the button
Seat 2: 252578ae ($1,109.05 in chips)
Seat 5: 1d2ab313 ($813.77 in chips)
Seat 7: 850078a5 ($1,256.4 in chips)
Seat 3: 43451143 ($944.9 in chips)
Seat 1: Hero ($601.38 in chips)
Seat 4: 2f771433 ($1,008.79 in chips)
Seat 6: a39a6670 ($547.94 in chips)
252578ae: posts small blind $2
43451143: posts big blind $4
*** HOLE CARDS ***
Dealt to 252578ae 
Dealt to 1d2ab313 
Dealt to 850078a5 
Dealt to 43451143 
Dealt to Hero [Jh 9s]
Dealt to 2f771433 
Dealt to a39a6670 
2f771433: folds
1d2ab313: folds
a39a6670: folds
850078a5: folds
Hero: raises $8 to $12
252578ae: calls $10
43451143: raises $36 to $48
Hero: folds
252578ae: calls $36
*** FLOP *** [3d Kc 6c]
252578ae: checks
43451143: checks
*** TURN *** [3d Kc 6c] [4d]
252578ae: bets $92
43451143: raises $128 to $220
252578ae: calls $128
*** RIVER *** [3d Kc 6c 4d] [Qd]
252578ae: bets $468
43451143: folds
Uncalled bet ($468) returned to 252578ae
*** SHOWDOWN ***
252578ae collected $548 from pot
*** SUMMARY ***
Total pot $548
Board [3d Kc 6c 4d Qd]
Seat 2: 252578ae(small blind)won ($548) with King-High
Seat 5: 1d2ab313 folded before Flop (didn't bet)
Seat 7: 850078a5 folded before Flop (didn't bet)
Seat 3: 43451143(big blind) folded on the River
Seat 1: Hero folded before Flop
Seat 4: 2f771433 folded before Flop (didn't bet)
Seat 6: a39a6670 folded before Flop (didn't bet)



Poker Hand #ring_988874987: NLH No Limit ($2/$4) - 2025/07/13 13:47:39
Table 'MR NLH BOMBPOT 2/4' 7-max Seat #7 is the button
Seat 2: 252578ae ($1,113.05 in chips)
Seat 5: 1d2ab313 ($813.77 in chips)
Seat 7: 850078a5 ($1,256.4 in chips)
Seat 3: 43451143 ($944.9 in chips)
Seat 1: Hero ($603.38 in chips)
Seat 4: 2f771433 ($1,008.79 in chips)
Seat 6: a39a6670 ($541.94 in chips)
Hero: posts small blind $2
252578ae: posts big blind $4
*** HOLE CARDS ***
Dealt to 252578ae 
Dealt to 1d2ab313 
Dealt to 850078a5 
Dealt to 43451143 
Dealt to Hero [Js 4s]
Dealt to 2f771433 
Dealt to a39a6670 
43451143: folds
2f771433: folds
1d2ab313: folds
a39a6670: raises $6 to $10
850078a5: folds
Hero: folds
252578ae: folds
Uncalled bet ($6) returned to a39a6670
*** SHOWDOWN ***
a39a6670 collected $10 from pot
*** SUMMARY ***
Total pot $10
Seat 2: 252578ae(big blind) folded before Flop
Seat 5: 1d2ab313 folded before Flop (didn't bet)
Seat 7: 850078a5 folded before Flop (didn't bet)
Seat 3: 43451143 folded before Flop (didn't bet)
Seat 1: Hero(small blind) folded before Flop
Seat 4: 2f771433 folded before Flop (didn't bet)
Seat 6: a39a6670won ($10)



Poker Hand #ring_988873882: NLH No Limit ($2/$4) - 2025/07/13 13:46:35
Table 'MR NLH BOMBPOT 2/4' 7-max Seat #6 is the button
Seat 2: 252578ae ($1,113.05 in chips)
Seat 5: 1d2ab313 ($813.77 in chips)
Seat 7: 850078a5 ($1,258.4 in chips)
Seat 3: 43451143 ($985.9 in chips)
Seat 1: Hero ($644.38 in chips)
Seat 4: 2f771433 ($1,008.79 in chips)
Seat 6: a39a6670 ($464.56 in chips)
850078a5: posts small blind $2
Hero: posts big blind $4
*** HOLE CARDS ***
Dealt to 252578ae 
Dealt to 1d2ab313 
Dealt to 850078a5 
Dealt to 43451143 
Dealt to Hero [6d 6s]
Dealt to 2f771433 
Dealt to a39a6670 
252578ae: folds
43451143: raises $12 to $16
2f771433: folds
1d2ab313: folds
a39a6670: calls $16
850078a5: folds
Hero: calls $12
*** FLOP *** [9h Qs 3c]
Hero: checks
43451143: bets $25
a39a6670: calls $25
Hero: calls $25
*** TURN *** [9h Qs 3c] [Ts]
Hero: checks
43451143: checks
a39a6670: bets $82.5
Hero: folds
43451143: folds
Uncalled bet ($82.5) returned to a39a6670
*** SHOWDOWN ***
a39a6670 collected $125 from pot
*** SUMMARY ***
Total pot $125
Board [9h Qs 3c Ts]
Seat 2: 252578ae folded before Flop (didn't bet)
Seat 5: 1d2ab313 folded before Flop (didn't bet)
Seat 7: 850078a5(small blind) folded before Flop
Seat 3: 43451143 folded on the Turn
Seat 1: Hero(big blind) folded on the Turn
Seat 4: 2f771433 folded before Flop (didn't bet)
Seat 6: a39a6670won ($125) with Pair of Queens



Poker Hand #ring_988872722: NLH No Limit ($2/$4) - 2025/07/13 13:45:26
Table 'MR NLH BOMBPOT 2/4' 7-max Seat #5 is the button
Seat 2: 252578ae ($1,113.05 in chips)
Seat 5: 1d2ab313 ($800.85 in chips)
Seat 7: 850078a5 ($1,262.4 in chips)
Seat 3: 43451143 ($985.9 in chips)
Seat 1: Hero ($644.38 in chips)
Seat 4: 2f771433 ($1,008.79 in chips)
Seat 6: a39a6670 ($474.56 in chips)
a39a6670: posts small blind $2
850078a5: posts big blind $4
*** HOLE CARDS ***
Dealt to 252578ae 
Dealt to 1d2ab313 
Dealt to 850078a5 
Dealt to 43451143 
Dealt to Hero [8s 5s]
Dealt to 2f771433 
Dealt to a39a6670 
Hero: folds
252578ae: folds
43451143: folds
2f771433: folds
1d2ab313: raises $6 to $10
a39a6670: calls $8
850078a5: folds
*** FLOP *** [2h 3c Qc]
a39a6670: checks
1d2ab313: checks
*** TURN *** [2h 3c Qc] [6c]
a39a6670: checks
1d2ab313: checks
*** RIVER *** [2h 3c Qc 6c] [Qh]
a39a6670: checks
1d2ab313: checks
1d2ab313: shows [Ad 7s]
a39a6670: shows [Th Js]
*** SHOWDOWN ***
1d2ab313 collected $24 from pot
*** SUMMARY ***
Total pot $24
Board [2h 3c Qc 6c Qh]
Seat 2: 252578ae folded before Flop (didn't bet)
Seat 5: 1d2ab313 showed [Ad 7s] and won ($24) with Pair of Queens
Seat 7: 850078a5(big blind) folded before Flop
Seat 3: 43451143 folded before Flop (didn't bet)
Seat 1: Hero folded before Flop (didn't bet)
Seat 4: 2f771433 folded before Flop (didn't bet)
Seat 6: a39a6670(small blind) showed [Th Js] and lost with Pair of Queens



Poker Hand #ring_988872113: NLH No Limit ($2/$4) - 2025/07/13 13:44:51
Table 'MR NLH BOMBPOT 2/4' 7-max Seat #4 is the button
Seat 2: 252578ae ($1,113.05 in chips)
Seat 5: 1d2ab313 ($802.85 in chips)
Seat 7: 850078a5 ($1,262.4 in chips)
Seat 3: 43451143 ($979.9 in chips)
Seat 1: Hero ($644.38 in chips)
Seat 4: 2f771433 ($1,008.79 in chips)
Seat 6: a39a6670 ($478.56 in chips)
1d2ab313: posts small blind $2
a39a6670: posts big blind $4
*** HOLE CARDS ***
Dealt to 252578ae 
Dealt to 1d2ab313 
Dealt to 850078a5 
Dealt to 43451143 
Dealt to Hero [6s 4d]
Dealt to 2f771433 
Dealt to a39a6670 
850078a5: folds
Hero: folds
252578ae: folds
43451143: raises $12 to $16
2f771433: folds
1d2ab313: folds
a39a6670: folds
Uncalled bet ($12) returned to 43451143
*** SHOWDOWN ***
43451143 collected $10 from pot
*** SUMMARY ***
Total pot $10
Seat 2: 252578ae folded before Flop (didn't bet)
Seat 5: 1d2ab313(small blind) folded before Flop
Seat 7: 850078a5 folded before Flop (didn't bet)
Seat 3: 43451143won ($10)
Seat 1: Hero folded before Flop (didn't bet)
Seat 4: 2f771433 folded before Flop (didn't bet)
Seat 6: a39a6670(big blind) folded before Flop



Poker Hand #ring_988870283: NLH No Limit ($2/$4) - 2025/07/13 13:43:00
Table 'MR NLH BOMBPOT 2/4' 7-max Seat #3 is the button
Seat 2: 252578ae ($1,002.41 in chips)
Seat 5: 1d2ab313 ($806.85 in chips)
Seat 7: 850078a5 ($1,262.4 in chips)
Seat 3: 43451143 ($989.9 in chips)
Seat 1: Hero ($644.38 in chips)
Seat 4: 2f771433 ($1,010.79 in chips)
Seat 6: a39a6670 ($584.44 in chips)
2f771433: posts small blind $2
1d2ab313: posts big blind $4
*** HOLE CARDS ***
Dealt to 252578ae 
Dealt to 1d2ab313 
Dealt to 850078a5 
Dealt to 43451143 
Dealt to Hero [Th 3h]
Dealt to 2f771433 
Dealt to a39a6670 
a39a6670: raises $6 to $10
850078a5: folds
Hero: folds
252578ae: calls $10
43451143: calls $10
2f771433: folds
1d2ab313: folds
*** FLOP *** [Ah As Qc]
a39a6670: bets $11.88
252578ae: calls $11.88
43451143: folds
*** TURN *** [Ah As Qc] [8h]
a39a6670: checks
252578ae: checks
*** RIVER *** [Ah As Qc 8h] [5d]
a39a6670: checks
252578ae: bets $84
a39a6670: calls $84
252578ae: shows [Ad 7d]
a39a6670: shows [5c 6c]
*** SHOWDOWN ***
252578ae collected $227.76 from pot
*** SUMMARY ***
Total pot $227.76
Board [Ah As Qc 8h 5d]
Seat 2: 252578ae showed [Ad 7d] and won ($227.76) with Three Aces
Seat 5: 1d2ab313(big blind) folded before Flop
Seat 7: 850078a5 folded before Flop (didn't bet)
Seat 3: 43451143 folded on the Flop
Seat 1: Hero folded before Flop (didn't bet)
Seat 4: 2f771433(small blind) folded before Flop
Seat 6: a39a6670 showed [5c 6c] and lost with Pair of Aces and Pair of Fives



Poker Hand #ring_988868822: NLH No Limit ($2/$4) - 2025/07/13 13:41:33
Table 'MR NLH BOMBPOT 2/4' 7-max Seat #2 is the button
Seat 2: 252578ae ($1,012.41 in chips)
Seat 5: 1d2ab313 ($816.85 in chips)
Seat 7: 850078a5 ($1,262.4 in chips)
Seat 3: 43451143 ($991.9 in chips)
Seat 1: Hero ($654.38 in chips)
Seat 4: 2f771433 ($981.68 in chips)
Seat 6: a39a6670 ($584.44 in chips)
43451143: posts small blind $2
2f771433: posts big blind $4
*** HOLE CARDS ***
Dealt to 252578ae 
Dealt to 1d2ab313 
Dealt to 850078a5 
Dealt to 43451143 
Dealt to Hero [5h Ah]
Dealt to 2f771433 
Dealt to a39a6670 
1d2ab313: raises $6 to $10
a39a6670: folds
850078a5: folds
Hero: calls $10
252578ae: calls $10
43451143: folds
2f771433: calls $6
*** FLOP *** [9c 8s 8c]
2f771433: checks
1d2ab313: checks
Hero: checks
252578ae: checks
*** TURN *** [9c 8s 8c] [Qh]
2f771433: checks
1d2ab313: checks
Hero: checks
252578ae: checks
*** RIVER *** [9c 8s 8c Qh] [7d]
2f771433: bets $32
1d2ab313: folds
Hero: folds
252578ae: folds
Uncalled bet ($32) returned to 2f771433
*** SHOWDOWN ***
2f771433 collected $42 from pot
*** SUMMARY ***
Total pot $42
Board [9c 8s 8c Qh 7d]
Seat 2: 252578ae folded on the River
Seat 5: 1d2ab313 folded on the River
Seat 7: 850078a5 folded before Flop (didn't bet)
Seat 3: 43451143(small blind) folded before Flop
Seat 1: Hero folded on the River
Seat 4: 2f771433(big blind)won ($42) with Nines-High Straight
Seat 6: a39a6670 folded before Flop (didn't bet)



Poker Hand #ring_988868033: NLH No Limit ($2/$4) - 2025/07/13 13:40:45
Table 'MR NLH BOMBPOT 2/4' 7-max Seat #1 is the button
Seat 2: 252578ae ($1,014.41 in chips)
Seat 5: 1d2ab313 ($816.85 in chips)
Seat 7: 850078a5 ($1,262.4 in chips)
Seat 3: 43451143 ($1,009.16 in chips)
Seat 1: Hero ($654.38 in chips)
Seat 4: 2f771433 ($964.06 in chips)
Seat 6: a39a6670 ($584.44 in chips)
252578ae: posts small blind $2
43451143: posts big blind $4
*** HOLE CARDS ***
Dealt to 252578ae 
Dealt to 1d2ab313 
Dealt to 850078a5 
Dealt to 43451143 
Dealt to Hero [4d Td]
Dealt to 2f771433 
Dealt to a39a6670 
2f771433: raises $6 to $10
1d2ab313: folds
a39a6670: folds
850078a5: folds
Hero: folds
252578ae: folds
43451143: calls $6
*** FLOP *** [Kd 5d Qc]
43451143: checks
2f771433: bets $7.26
43451143: calls $7.26
*** TURN *** [Kd 5d Qc] [Ah]
43451143: checks
2f771433: checks
*** RIVER *** [Kd 5d Qc Ah] [Ks]
43451143: checks
2f771433: checks
43451143: shows [8s 5h]
2f771433: shows [Tc Th]
*** SHOWDOWN ***
2f771433 collected $36.52 from pot
*** SUMMARY ***
Total pot $36.52
Board [Kd 5d Qc Ah Ks]
Seat 2: 252578ae(small blind) folded before Flop
Seat 5: 1d2ab313 folded before Flop (didn't bet)
Seat 7: 850078a5 folded before Flop (didn't bet)
Seat 3: 43451143(big blind) showed [8s 5h] and lost with Pair of Kings and Pair of Fives
Seat 1: Hero folded before Flop (didn't bet)
Seat 4: 2f771433 showed [Tc Th] and won ($36.52) with Pair of Kings and Pair of Tens
Seat 6: a39a6670 folded before Flop (didn't bet)



Poker Hand #ring_988867300: NLH No Limit ($2/$4) - 2025/07/13 13:40:03
Table 'MR NLH BOMBPOT 2/4' 7-max Seat #7 is the button
Seat 2: 252578ae ($1,018.41 in chips)
Seat 5: 1d2ab313 ($816.85 in chips)
Seat 7: 850078a5 ($1,262.4 in chips)
Seat 3: 43451143 ($1,003.16 in chips)
Seat 1: Hero ($656.38 in chips)
Seat 4: 2f771433 ($964.06 in chips)
Seat 6: a39a6670 ($584.44 in chips)
Hero: posts small blind $2
252578ae: posts big blind $4
*** HOLE CARDS ***
Dealt to 252578ae 
Dealt to 1d2ab313 
Dealt to 850078a5 
Dealt to 43451143 
Dealt to Hero [3h 6h]
Dealt to 2f771433 
Dealt to a39a6670 
43451143: raises $12 to $16
2f771433: folds
1d2ab313: folds
a39a6670: folds
850078a5: folds
Hero: folds
252578ae: folds
Uncalled bet ($12) returned to 43451143
*** SHOWDOWN ***
43451143 collected $10 from pot
*** SUMMARY ***
Total pot $10
Seat 2: 252578ae(big blind) folded before Flop
Seat 5: 1d2ab313 folded before Flop (didn't bet)
Seat 7: 850078a5 folded before Flop (didn't bet)
Seat 3: 43451143won ($10)
Seat 1: Hero(small blind) folded before Flop
Seat 4: 2f771433 folded before Flop (didn't bet)
Seat 6: a39a6670 folded before Flop (didn't bet)



Poker Hand #ring_988866286: NLH No Limit ($2/$4) - 2025/07/13 13:38:59
Table 'MR NLH BOMBPOT 2/4' 7-max Seat #6 is the button
Seat 2: 252578ae ($1,038.41 in chips)
Seat 5: 1d2ab313 ($836.85 in chips)
Seat 7: 850078a5 ($1,282.4 in chips)
Seat 3: 43451143 ($1,023.16 in chips)
Seat 1: Hero ($676.38 in chips)
Seat 4: 2f771433 ($1,030.26 in chips)
Seat 6: a39a6670 ($429.69 in chips)
850078a5: posts the ante $20
Hero: posts the ante $20
252578ae: posts the ante $20
43451143: posts the ante $20
2f771433: posts the ante $20
1d2ab313: posts the ante $20
a39a6670: posts the ante $20
*** HOLE CARDS ***
Dealt to 252578ae 
Dealt to 1d2ab313 
Dealt to 850078a5 
Dealt to 43451143 
Dealt to Hero [Qs 2h]
Dealt to 2f771433 
Dealt to a39a6670 
*** FLOP *** [6h 6s 5h]
850078a5: checks
Hero: checks
252578ae: checks
43451143: checks
2f771433: bets $46.2
1d2ab313: folds
a39a6670: raises $121.8 to $168
850078a5: folds
Hero: folds
252578ae: folds
43451143: folds
2f771433: folds
Uncalled bet ($121.8) returned to a39a6670
*** SHOWDOWN ***
a39a6670 collected $232.4 from pot
*** SUMMARY ***
Total pot $232.4
Board [6h 6s 5h]
Seat 2: 252578ae folded on the Flop
Seat 5: 1d2ab313 folded on the Flop
Seat 7: 850078a5(small blind) folded on the Flop
Seat 3: 43451143 folded on the Flop
Seat 1: Hero(big blind) folded on the Flop
Seat 4: 2f771433 folded on the Flop
Seat 6: a39a6670won ($232.4) with Three Sixes



Poker Hand #ring_988865544: NLH No Limit ($2/$4) - 2025/07/13 13:38:17
Table 'MR NLH BOMBPOT 2/4' 7-max Seat #5 is the button
Seat 2: 252578ae ($1,038.41 in chips)
Seat 5: 1d2ab313 ($836.85 in chips)
Seat 7: 850078a5 ($1,286.4 in chips)
Seat 3: 43451143 ($1,017.16 in chips)
Seat 1: Hero ($676.38 in chips)
Seat 4: 2f771433 ($1,030.26 in chips)
Seat 6: a39a6670 ($431.69 in chips)
a39a6670: posts small blind $2
850078a5: posts big blind $4
*** HOLE CARDS ***
Dealt to 252578ae 
Dealt to 1d2ab313 
Dealt to 850078a5 
Dealt to 43451143 
Dealt to Hero [3d 9c]
Dealt to 2f771433 
Dealt to a39a6670 
Hero: folds
252578ae: folds
43451143: raises $8 to $12
2f771433: folds
1d2ab313: folds
a39a6670: folds
850078a5: folds
Uncalled bet ($8) returned to 43451143
*** SHOWDOWN ***
43451143 collected $10 from pot
*** SUMMARY ***
Total pot $10
Seat 2: 252578ae folded before Flop (didn't bet)
Seat 5: 1d2ab313 folded before Flop (didn't bet)
Seat 7: 850078a5(big blind) folded before Flop
Seat 3: 43451143won ($10)
Seat 1: Hero folded before Flop (didn't bet)
Seat 4: 2f771433 folded before Flop (didn't bet)
Seat 6: a39a6670(small blind) folded before Flop



Poker Hand #ring_988864630: NLH No Limit ($2/$4) - 2025/07/13 13:37:23
Table 'MR NLH BOMBPOT 2/4' 7-max Seat #4 is the button
Seat 2: 252578ae ($1,038.41 in chips)
Seat 5: 1d2ab313 ($838.85 in chips)
Seat 7: 850078a5 ($1,296.4 in chips)
Seat 3: 43451143 ($996.6 in chips)
Seat 1: Hero ($676.38 in chips)
Seat 4: 2f771433 ($1,030.26 in chips)
Seat 6: a39a6670 ($441.69 in chips)
1d2ab313: posts small blind $2
a39a6670: posts big blind $4
*** HOLE CARDS ***
Dealt to 252578ae 
Dealt to 1d2ab313 
Dealt to 850078a5 
Dealt to 43451143 
Dealt to Hero [3d 8c]
Dealt to 2f771433 
Dealt to a39a6670 
850078a5: raises $6 to $10
Hero: folds
252578ae: folds
43451143: calls $10
2f771433: folds
1d2ab313: folds
a39a6670: calls $6
*** FLOP *** [8s Td Qc]
a39a6670: checks
850078a5: checks
43451143: bets $16
a39a6670: folds
850078a5: folds
Uncalled bet ($16) returned to 43451143
*** SHOWDOWN ***
43451143 collected $32 from pot
*** SUMMARY ***
Total pot $32
Board [8s Td Qc]
Seat 2: 252578ae folded before Flop (didn't bet)
Seat 5: 1d2ab313(small blind) folded before Flop
Seat 7: 850078a5 folded on the Flop
Seat 3: 43451143won ($32) with Pair of Tens
Seat 1: Hero folded before Flop (didn't bet)
Seat 4: 2f771433 folded before Flop (didn't bet)
Seat 6: a39a6670(big blind) folded on the Flop



Poker Hand #ring_988863427: NLH No Limit ($2/$4) - 2025/07/13 13:36:11
Table 'MR NLH BOMBPOT 2/4' 7-max Seat #3 is the button
Seat 2: 252578ae ($1,038.41 in chips)
Seat 5: 1d2ab313 ($842.85 in chips)
Seat 7: 850078a5 ($786 in chips)
Seat 3: 43451143 ($1,516.6 in chips)
Seat 1: Hero ($676.38 in chips)
Seat 4: 2f771433 ($1,032.26 in chips)
Seat 6: a39a6670 ($475.69 in chips)
2f771433: posts small blind $2
1d2ab313: posts big blind $4
*** HOLE CARDS ***
Dealt to 252578ae 
Dealt to 1d2ab313 
Dealt to 850078a5 
Dealt to 43451143 
Dealt to Hero [Ts 9d]
Dealt to 2f771433 
Dealt to a39a6670 
a39a6670: raises $6 to $10
850078a5: raises $24 to $34
Hero: folds
252578ae: folds
43451143: calls $34
2f771433: folds
1d2ab313: folds
a39a6670: calls $24
*** FLOP *** [Tc Jd 9h]
a39a6670: checks
850078a5: checks
43451143: bets $54
a39a6670: folds
850078a5: calls $54
*** TURN *** [Tc Jd 9h] [3c]
850078a5: checks
43451143: bets $108
850078a5: calls $108
*** RIVER *** [Tc Jd 9h 3c] [Js]
850078a5: checks
43451143: bets $324
850078a5: calls $324
43451143: shows [Ks 2c]
850078a5: shows [Qs Qd]
*** SHOWDOWN ***
850078a5 collected $1,080 from pot
*** SUMMARY ***
Total pot $1,080
Board [Tc Jd 9h 3c Js]
Seat 2: 252578ae folded before Flop (didn't bet)
Seat 5: 1d2ab313(big blind) folded before Flop
Seat 7: 850078a5 showed [Qs Qd] and won ($1,080) with Pair of Queens and Pair of Jacks
Seat 3: 43451143 showed [Ks 2c] and lost with Pair of Jacks
Seat 1: Hero folded before Flop (didn't bet)
Seat 4: 2f771433(small blind) folded before Flop
Seat 6: a39a6670 folded on the Flop



Poker Hand #ring_988862241: NLH No Limit ($2/$4) - 2025/07/13 13:35:00
Table 'MR NLH BOMBPOT 2/4' 7-max Seat #2 is the button
Seat 2: 252578ae ($983.73 in chips)
Seat 5: 1d2ab313 ($842.85 in chips)
Seat 7: 850078a5 ($786 in chips)
Seat 3: 43451143 ($1,528.6 in chips)
Seat 1: Hero ($712.38 in chips)
Seat 4: 2f771433 ($1,044.26 in chips)
Seat 6: a39a6670 ($475.69 in chips)
43451143: posts small blind $2
2f771433: posts big blind $4
*** HOLE CARDS ***
Dealt to 252578ae 
Dealt to 1d2ab313 
Dealt to 850078a5 
Dealt to 43451143 
Dealt to Hero [Qs Ks]
Dealt to 2f771433 
Dealt to a39a6670 
1d2ab313: folds
a39a6670: folds
850078a5: folds
Hero: raises $8 to $12
252578ae: calls $12
43451143: calls $10
2f771433: calls $8
*** FLOP *** [7d 6c Ad]
43451143: checks
2f771433: checks
Hero: bets $24
252578ae: calls $24
43451143: folds
2f771433: folds
*** TURN *** [7d 6c Ad] [4s]
Hero: checks
252578ae: bets $55
Hero: folds
Uncalled bet ($55) returned to 252578ae
*** SHOWDOWN ***
252578ae collected $96 from pot
*** SUMMARY ***
Total pot $96
Board [7d 6c Ad 4s]
Seat 2: 252578aewon ($96) with Pair of Aces
Seat 5: 1d2ab313 folded before Flop (didn't bet)
Seat 7: 850078a5 folded before Flop (didn't bet)
Seat 3: 43451143(small blind) folded on the Flop
Seat 1: Hero folded on the Turn
Seat 4: 2f771433(big blind) folded on the Flop
Seat 6: a39a6670 folded before Flop (didn't bet)



Poker Hand #ring_988861414: NLH No Limit ($2/$4) - 2025/07/13 13:34:11
Table 'MR NLH BOMBPOT 2/4' 7-max Seat #1 is the button
Seat 2: 252578ae ($985.73 in chips)
Seat 5: 1d2ab313 ($822.29 in chips)
Seat 7: 850078a5 ($786 in chips)
Seat 3: 43451143 ($1,538.6 in chips)
Seat 1: Hero ($712.38 in chips)
Seat 4: 2f771433 ($1,054.26 in chips)
Seat 6: a39a6670 ($475.69 in chips)
252578ae: posts small blind $2
43451143: posts big blind $4
*** HOLE CARDS ***
Dealt to 252578ae 
Dealt to 1d2ab313 
Dealt to 850078a5 
Dealt to 43451143 
Dealt to Hero [Ad 3c]
Dealt to 2f771433 
Dealt to a39a6670 
2f771433: raises $6 to $10
1d2ab313: calls $10
a39a6670: folds
850078a5: folds
Hero: folds
252578ae: folds
43451143: calls $6
*** FLOP *** [5h 4h 7s]
43451143: checks
2f771433: checks
1d2ab313: bets $17.28
43451143: folds
2f771433: folds
Uncalled bet ($17.28) returned to 1d2ab313
*** SHOWDOWN ***
1d2ab313 collected $32 from pot
*** SUMMARY ***
Total pot $32
Board [5h 4h 7s]
Seat 2: 252578ae(small blind) folded before Flop
Seat 5: 1d2ab313won ($32) with Pair of Sixes
Seat 7: 850078a5 folded before Flop (didn't bet)
Seat 3: 43451143(big blind) folded on the Flop
Seat 1: Hero folded before Flop (didn't bet)
Seat 4: 2f771433 folded on the Flop
Seat 6: a39a6670 folded before Flop (didn't bet)



Poker Hand #ring_988860123: NLH No Limit ($2/$4) - 2025/07/13 13:32:53
Table 'MR NLH BOMBPOT 2/4' 7-max Seat #7 is the button
Seat 2: 252578ae ($993.73 in chips)
Seat 5: 1d2ab313 ($822.29 in chips)
Seat 7: 850078a5 ($786 in chips)
Seat 3: 43451143 ($1,546.6 in chips)
Seat 1: Hero ($689.82 in chips)
Seat 4: 2f771433 ($1,062.26 in chips)
Seat 6: a39a6670 ($475.69 in chips)
Hero: posts small blind $2
252578ae: posts big blind $4
*** HOLE CARDS ***
Dealt to 252578ae 
Dealt to 1d2ab313 
Dealt to 850078a5 
Dealt to 43451143 
Dealt to Hero [8h 9c]
Dealt to 2f771433 
Dealt to a39a6670 
43451143: raises $4 to $8
2f771433: calls $8
1d2ab313: folds
a39a6670: folds
850078a5: folds
Hero: calls $6
252578ae: calls $4
*** FLOP *** [2d 9s 7c]
Hero: checks
252578ae: checks
43451143: checks
2f771433: checks
*** TURN *** [2d 9s 7c] [Jc]
Hero: checks
252578ae: checks
43451143: checks
2f771433: checks
*** RIVER *** [2d 9s 7c Jc] [4d]
Hero: checks
252578ae: checks
43451143: checks
2f771433: checks
Hero: shows [8h 9c]
252578ae: shows [6h 6c]
43451143: shows [7h 3h]
2f771433: shows [As Td]
*** SHOWDOWN ***
Hero collected $32 from pot
*** SUMMARY ***
Total pot $32
Board [2d 9s 7c Jc 4d]
Seat 2: 252578ae(big blind) showed [6h 6c] and lost with Pair of Sixes
Seat 5: 1d2ab313 folded before Flop (didn't bet)
Seat 7: 850078a5 folded before Flop (didn't bet)
Seat 3: 43451143 showed [7h 3h] and lost with Pair of Sevens
Seat 1: Hero(small blind) showed [8h 9c] and won ($32) with Pair of Nines
Seat 4: 2f771433 showed [As Td] and lost with Ace-High
Seat 6: a39a6670 folded before Flop (didn't bet)



Poker Hand #ring_988859155: NLH No Limit ($2/$4) - 2025/07/13 13:31:55
Table 'MR NLH BOMBPOT 2/4' 7-max Seat #6 is the button
Seat 2: 252578ae ($993.73 in chips)
Seat 5: 1d2ab313 ($822.29 in chips)
Seat 7: 850078a5 ($788 in chips)
Seat 3: 43451143 ($1,571.6 in chips)
Seat 1: Hero ($666.16 in chips)
Seat 4: 2f771433 ($1,062.26 in chips)
Seat 6: a39a6670 ($475.69 in chips)
850078a5: posts small blind $2
Hero: posts big blind $4
*** HOLE CARDS ***
Dealt to 252578ae 
Dealt to 1d2ab313 
Dealt to 850078a5 
Dealt to 43451143 
Dealt to Hero [Ad 6c]
Dealt to 2f771433 
Dealt to a39a6670 
252578ae: folds
43451143: raises $8 to $12
2f771433: folds
1d2ab313: folds
a39a6670: folds
850078a5: folds
Hero: calls $8
*** FLOP *** [9h Tc 2d]
Hero: checks
43451143: checks
*** TURN *** [9h Tc 2d] [3c]
Hero: checks
43451143: bets $13
Hero: calls $13
*** RIVER *** [9h Tc 2d 3c] [Qs]
Hero: checks
43451143: checks
Hero: shows [Ad 6c]
43451143: shows [6h Kh]
*** SHOWDOWN ***
Hero collected $52 from pot
*** SUMMARY ***
Total pot $52
Board [9h Tc 2d 3c Qs]
Seat 2: 252578ae folded before Flop (didn't bet)
Seat 5: 1d2ab313 folded before Flop (didn't bet)
Seat 7: 850078a5(small blind) folded before Flop
Seat 3: 43451143 showed [6h Kh] and lost with King-High
Seat 1: Hero(big blind) showed [Ad 6c] and won ($52) with Ace-High
Seat 4: 2f771433 folded before Flop (didn't bet)
Seat 6: a39a6670 folded before Flop (didn't bet)



Poker Hand #ring_988858331: NLH No Limit ($2/$4) - 2025/07/13 13:31:05
Table 'MR NLH BOMBPOT 2/4' 7-max Seat #5 is the button
Seat 2: 252578ae ($993.73 in chips)
Seat 5: 1d2ab313 ($798 in chips)
Seat 7: 850078a5 ($800 in chips)
Seat 3: 43451143 ($1,583.6 in chips)
Seat 1: Hero ($666.16 in chips)
Seat 4: 2f771433 ($1,062.26 in chips)
Seat 6: a39a6670 ($477.69 in chips)
a39a6670: posts small blind $2
850078a5: posts big blind $4
*** HOLE CARDS ***
Dealt to 252578ae 
Dealt to 1d2ab313 
Dealt to 850078a5 
Dealt to 43451143 
Dealt to Hero [Ad 8s]
Dealt to 2f771433 
Dealt to a39a6670 
Hero: folds
252578ae: folds
43451143: raises $8 to $12
2f771433: folds
1d2ab313: calls $12
a39a6670: folds
850078a5: calls $8
*** FLOP *** [9d Qs 9s]
850078a5: checks
43451143: checks
1d2ab313: bets $12.92
850078a5: folds
43451143: folds
Uncalled bet ($12.92) returned to 1d2ab313
*** SHOWDOWN ***
1d2ab313 collected $38 from pot
*** SUMMARY ***
Total pot $38
Board [9d Qs 9s]
Seat 2: 252578ae folded before Flop (didn't bet)
Seat 5: 1d2ab313won ($38) with Pair of Queens and Pair of Nines
Seat 7: 850078a5(big blind) folded on the Flop
Seat 3: 43451143 folded on the Flop
Seat 1: Hero folded before Flop (didn't bet)
Seat 4: 2f771433 folded before Flop (didn't bet)
Seat 6: a39a6670(small blind) folded before Flop



Poker Hand #ring_988857077: NLH No Limit ($2/$4) - 2025/07/13 13:29:51
Table 'MR NLH BOMBPOT 2/4' 7-max Seat #4 is the button
Seat 2: 252578ae ($993.73 in chips)
Seat 5: 1d2ab313 ($800 in chips)
Seat 3: 43451143 ($1,866.6 in chips)
Seat 1: Hero ($666.16 in chips)
Seat 4: 2f771433 ($800 in chips)
Seat 6: a39a6670 ($481.69 in chips)
1d2ab313: posts small blind $2
a39a6670: posts big blind $4
*** HOLE CARDS ***
Dealt to 252578ae 
Dealt to 1d2ab313 
Dealt to 43451143 
Dealt to Hero [Kd 2s]
Dealt to 2f771433 
Dealt to a39a6670 
Hero: folds
252578ae: folds
43451143: raises $8 to $12
2f771433: raises $44 to $56
1d2ab313: folds
a39a6670: folds
43451143: calls $44
*** FLOP *** [2h 6s 2c]
43451143: checks
2f771433: bets $84
43451143: calls $84
*** TURN *** [2h 6s 2c] [5s]
43451143: checks
2f771433: bets $143
43451143: calls $143
*** RIVER *** [2h 6s 2c 5s] [Ah]
43451143: checks
2f771433: checks
43451143: shows [3d 5h]
2f771433: shows [Qh Qc]
*** SHOWDOWN ***
2f771433 collected $572 from pot
*** SUMMARY ***
Total pot $572
Board [2h 6s 2c 5s Ah]
Seat 2: 252578ae folded before Flop (didn't bet)
Seat 5: 1d2ab313(small blind) folded before Flop
Seat 3: 43451143 showed [3d 5h] and lost with Pair of Fives and Pair of Twos
Seat 1: Hero folded before Flop (didn't bet)
Seat 4: 2f771433 showed [Qh Qc] and won ($572) with Pair of Queens and Pair of Twos
Seat 6: a39a6670(big blind) folded before Flop



Poker Hand #ring_988856011: NLH No Limit ($2/$4) - 2025/07/13 13:28:49
Table 'MR NLH BOMBPOT 2/4' 7-max Seat #3 is the button
Seat 2: 252578ae ($1,013.73 in chips)
Seat 5: 1d2ab313 ($804 in chips)
Seat 3: 43451143 ($1,886.6 in chips)
Seat 1: Hero ($517.96 in chips)
Seat 4: 2f771433 ($800 in chips)
Seat 6: a39a6670 ($501.69 in chips)
2f771433: posts the ante $20
1d2ab313: posts the ante $20
a39a6670: posts the ante $20
Hero: posts the ante $20
252578ae: posts the ante $20
43451143: posts the ante $20
*** HOLE CARDS ***
Dealt to 252578ae 
Dealt to 1d2ab313 
Dealt to 43451143 
Dealt to Hero [Ks 3d]
Dealt to 2f771433 
Dealt to a39a6670 
*** FLOP *** [Th 4c Kd]
2f771433: checks
1d2ab313: checks
a39a6670: checks
Hero: bets $60
252578ae: folds
43451143: folds
2f771433: calls $60
1d2ab313: folds
a39a6670: folds
*** TURN *** [Th 4c Kd] [7h]
2f771433: checks
Hero: checks
*** RIVER *** [Th 4c Kd 7h] [5d]
2f771433: checks
Hero: checks
Hero: shows [Ks 3d]
2f771433: shows [Tc Qd]
*** SHOWDOWN ***
Hero collected $240 from pot
*** SUMMARY ***
Total pot $240
Board [Th 4c Kd 7h 5d]
Seat 2: 252578ae folded on the Flop
Seat 5: 1d2ab313(big blind) folded on the Flop
Seat 3: 43451143 folded on the Flop
Seat 1: Hero showed [Ks 3d] and won ($240) with Pair of Kings
Seat 4: 2f771433(small blind) showed [Tc Qd] and lost with Pair of Tens
Seat 6: a39a6670 folded on the Flop



Poker Hand #ring_988855376: NLH No Limit ($2/$4) - 2025/07/13 13:28:11
Table 'MR NLH BOMBPOT 2/4' 7-max Seat #2 is the button
Seat 2: 252578ae ($1,013.73 in chips)
Seat 5: 1d2ab313 ($804 in chips)
Seat 3: 43451143 ($1,898.6 in chips)
Seat 1: Hero ($503.22 in chips)
Seat 4: 2f771433 ($798 in chips)
Seat 6: a39a6670 ($501.69 in chips)
Seat 7: 987e241c ($789.91 in chips)
43451143: posts small blind $2
2f771433: posts big blind $4
*** HOLE CARDS ***
Dealt to 252578ae 
Dealt to 1d2ab313 
Dealt to 43451143 
Dealt to Hero [As 7d]
Dealt to 2f771433 
Dealt to a39a6670 
Dealt to 987e241c 
1d2ab313: folds
a39a6670: folds
987e241c: folds
Hero: raises $8 to $12
252578ae: folds
43451143: calls $10
2f771433: folds
*** FLOP *** [Jc 7s 7h]
43451143: checks
Hero: bets $14
43451143: folds
Uncalled bet ($14) returned to Hero
*** SHOWDOWN ***
Hero collected $28 from pot
*** SUMMARY ***
Total pot $28
Board [Jc 7s 7h]
Seat 2: 252578ae folded before Flop (didn't bet)
Seat 5: 1d2ab313 folded before Flop (didn't bet)
Seat 3: 43451143(small blind) folded on the Flop
Seat 1: Herowon ($28) with Three Sevens
Seat 4: 2f771433(big blind) folded before Flop
Seat 6: a39a6670 folded before Flop (didn't bet)
Seat 7: 987e241c folded before Flop (didn't bet)



Poker Hand #ring_988854468: NLH No Limit ($2/$4) - 2025/07/13 13:27:17
Table 'MR NLH BOMBPOT 2/4' 7-max Seat #1 is the button
Seat 2: 252578ae ($1,015.73 in chips)
Seat 5: 1d2ab313 ($804 in chips)
Seat 3: 43451143 ($1,925.1 in chips)
Seat 1: Hero ($503.22 in chips)
Seat 4: 2f771433 ($798 in chips)
Seat 6: a39a6670 ($501.69 in chips)
Seat 7: 987e241c ($764.88 in chips)
252578ae: posts small blind $2
43451143: posts big blind $4
*** HOLE CARDS ***
Dealt to 252578ae 
Dealt to 1d2ab313 
Dealt to 43451143 
Dealt to Hero [Qd 8h]
Dealt to 2f771433 
Dealt to a39a6670 
Dealt to 987e241c 
2f771433: folds
1d2ab313: folds
a39a6670: folds
987e241c: raises $6 to $10
Hero: folds
252578ae: folds
43451143: calls $6
*** FLOP *** [Js Ac 5c]
43451143: checks
987e241c: checks
*** TURN *** [Js Ac 5c] [6h]
43451143: checks
987e241c: checks
*** RIVER *** [Js Ac 5c 6h] [Jc]
43451143: checks
987e241c: bets $16.5
43451143: calls $16.5
43451143: shows [6d 4s]
987e241c: shows [8c 7c]
*** SHOWDOWN ***
987e241c collected $55 from pot
*** SUMMARY ***
Total pot $55
Board [Js Ac 5c 6h Jc]
Seat 2: 252578ae(small blind) folded before Flop
Seat 5: 1d2ab313 folded before Flop (didn't bet)
Seat 3: 43451143(big blind) showed [6d 4s] and lost with Pair of Jacks and Pair of Sixes
Seat 1: Hero folded before Flop (didn't bet)
Seat 4: 2f771433 folded before Flop (didn't bet)
Seat 6: a39a6670 folded before Flop (didn't bet)
Seat 7: 987e241c showed [8c 7c] and won ($55) with Ace High Flush



Poker Hand #ring_988854028: NLH No Limit ($2/$4) - 2025/07/13 13:26:51
Table 'MR NLH BOMBPOT 2/4' 7-max Seat #7 is the button
Seat 2: 252578ae ($1,013.73 in chips)
Seat 5: 1d2ab313 ($804 in chips)
Seat 3: 43451143 ($1,925.1 in chips)
Seat 1: Hero ($505.22 in chips)
Seat 4: 2f771433 ($798 in chips)
Seat 6: a39a6670 ($501.69 in chips)
Seat 7: 987e241c ($764.88 in chips)
Hero: posts small blind $2
252578ae: posts big blind $4
*** HOLE CARDS ***
Dealt to 252578ae 
Dealt to 1d2ab313 
Dealt to 43451143 
Dealt to Hero [6d 2h]
Dealt to 2f771433 
Dealt to a39a6670 
Dealt to 987e241c 
43451143: folds
2f771433: folds
1d2ab313: folds
a39a6670: folds
987e241c: folds
Hero: folds
*** SHOWDOWN ***
252578ae collected $6 from pot
*** SUMMARY ***
Total pot $6
Seat 2: 252578ae(big blind)won ($6)
Seat 5: 1d2ab313 folded before Flop (didn't bet)
Seat 3: 43451143 folded before Flop (didn't bet)
Seat 1: Hero(small blind) folded before Flop
Seat 4: 2f771433 folded before Flop (didn't bet)
Seat 6: a39a6670 folded before Flop (didn't bet)
Seat 7: 987e241c folded before Flop (didn't bet)



Poker Hand #ring_988852649: NLH No Limit ($2/$4) - 2025/07/13 13:25:29
Table 'MR NLH BOMBPOT 2/4' 7-max Seat #6 is the button
Seat 2: 252578ae ($870.72 in chips)
Seat 5: 1d2ab313 ($804 in chips)
Seat 3: 43451143 ($1,943.1 in chips)
Seat 1: Hero ($573.22 in chips)
Seat 4: 2f771433 ($798 in chips)
Seat 6: a39a6670 ($501.69 in chips)
Seat 7: 987e241c ($832.88 in chips)
987e241c: posts small blind $2
Hero: posts big blind $4
*** HOLE CARDS ***
Dealt to 252578ae 
Dealt to 1d2ab313 
Dealt to 43451143 
Dealt to Hero [9s 9c]
Dealt to 2f771433 
Dealt to a39a6670 
Dealt to 987e241c 
252578ae: calls $4
43451143: raises $14 to $18
2f771433: folds
1d2ab313: folds
a39a6670: folds
987e241c: calls $16
Hero: calls $14
252578ae: calls $14
*** FLOP *** [Kh 4c 2s]
987e241c: checks
Hero: checks
252578ae: bets $50
43451143: folds
987e241c: calls $50
Hero: calls $50
*** TURN *** [Kh 4c 2s] [Kd]
987e241c: checks
Hero: checks
252578ae: bets $122
987e241c: folds
Hero: folds
Uncalled bet ($122) returned to 252578ae
*** SHOWDOWN ***
252578ae collected $222 from pot
*** SUMMARY ***
Total pot $222
Board [Kh 4c 2s Kd]
Seat 2: 252578aewon ($222) with Pair of Kings and Pair of Nines
Seat 5: 1d2ab313 folded before Flop (didn't bet)
Seat 3: 43451143 folded on the Flop
Seat 1: Hero(big blind) folded on the Turn
Seat 4: 2f771433 folded before Flop (didn't bet)
Seat 6: a39a6670 folded before Flop (didn't bet)
Seat 7: 987e241c(small blind) folded on the Turn



Poker Hand #ring_988852118: NLH No Limit ($2/$4) - 2025/07/13 13:24:58
Table 'MR NLH BOMBPOT 2/4' 7-max Seat #5 is the button
Seat 2: 252578ae ($870.72 in chips)
Seat 5: 1d2ab313 ($798 in chips)
Seat 3: 43451143 ($1,943.1 in chips)
Seat 1: Hero ($573.22 in chips)
Seat 4: 2f771433 ($798 in chips)
Seat 6: a39a6670 ($503.69 in chips)
Seat 7: 987e241c ($836.88 in chips)
a39a6670: posts small blind $2
987e241c: posts big blind $4
*** HOLE CARDS ***
Dealt to 252578ae 
Dealt to 1d2ab313 
Dealt to 43451143 
Dealt to Hero [9d 4s]
Dealt to 2f771433 
Dealt to a39a6670 
Dealt to 987e241c 
Hero: folds
252578ae: folds
43451143: folds
2f771433: folds
1d2ab313: raises $6 to $10
a39a6670: folds
987e241c: folds
Uncalled bet ($6) returned to 1d2ab313
*** SHOWDOWN ***
1d2ab313 collected $10 from pot
*** SUMMARY ***
Total pot $10
Seat 2: 252578ae folded before Flop (didn't bet)
Seat 5: 1d2ab313won ($10)
Seat 3: 43451143 folded before Flop (didn't bet)
Seat 1: Hero folded before Flop (didn't bet)
Seat 4: 2f771433 folded before Flop (didn't bet)
Seat 6: a39a6670(small blind) folded before Flop
Seat 7: 987e241c(big blind) folded before Flop



Poker Hand #ring_988851597: NLH No Limit ($2/$4) - 2025/07/13 13:24:27
Table 'MR NLH BOMBPOT 2/4' 7-max Seat #4 is the button
Seat 2: 252578ae ($870.72 in chips)
Seat 5: 1d2ab313 ($800 in chips)
Seat 3: 43451143 ($1,943.1 in chips)
Seat 1: Hero ($573.22 in chips)
Seat 4: 2f771433 ($798 in chips)
Seat 6: a39a6670 ($507.69 in chips)
Seat 7: 987e241c ($830.88 in chips)
1d2ab313: posts small blind $2
a39a6670: posts big blind $4
*** HOLE CARDS ***
Dealt to 252578ae 
Dealt to 1d2ab313 
Dealt to 43451143 
Dealt to Hero [5c Jh]
Dealt to 2f771433 
Dealt to a39a6670 
Dealt to 987e241c 
987e241c: raises $6 to $10
Hero: folds
252578ae: folds
43451143: folds
2f771433: folds
1d2ab313: folds
a39a6670: folds
Uncalled bet ($6) returned to 987e241c
*** SHOWDOWN ***
987e241c collected $10 from pot
*** SUMMARY ***
Total pot $10
Seat 2: 252578ae folded before Flop (didn't bet)
Seat 5: 1d2ab313(small blind) folded before Flop
Seat 3: 43451143 folded before Flop (didn't bet)
Seat 1: Hero folded before Flop (didn't bet)
Seat 4: 2f771433 folded before Flop (didn't bet)
Seat 6: a39a6670(big blind) folded before Flop
Seat 7: 987e241cwon ($10)



Poker Hand #ring_988850131: NLH No Limit ($2/$4) - 2025/07/13 13:23:00
Table 'MR NLH BOMBPOT 2/4' 7-max Seat #3 is the button
Seat 2: 252578ae ($870.72 in chips)
Seat 5: 1d2ab313 ($800 in chips)
Seat 3: 43451143 ($2,007.1 in chips)
Seat 1: Hero ($500.7 in chips)
Seat 4: 2f771433 ($800 in chips)
Seat 6: a39a6670 ($517.69 in chips)
Seat 7: 987e241c ($830.88 in chips)
2f771433: posts small blind $2
1d2ab313: posts big blind $4
*** HOLE CARDS ***
Dealt to 252578ae 
Dealt to 1d2ab313 
Dealt to 43451143 
Dealt to Hero [9d 8d]
Dealt to 2f771433 
Dealt to a39a6670 
Dealt to 987e241c 
a39a6670: raises $6 to $10
987e241c: folds
Hero: calls $10
252578ae: folds
43451143: calls $10
2f771433: folds
1d2ab313: folds
*** FLOP *** [8h Th 2c]
a39a6670: checks
Hero: checks
43451143: bets $18
a39a6670: folds
Hero: calls $18
*** TURN *** [8h Th 2c] [Ks]
Hero: checks
43451143: checks
*** RIVER *** [8h Th 2c Ks] [Jd]
Hero: checks
43451143: bets $36
Hero: calls $36
Hero: shows [9d 8d]
43451143: shows [6c 3s]
*** SHOWDOWN ***
Hero collected $144 from pot
*** SUMMARY ***
Total pot $144
Board [8h Th 2c Ks Jd]
Seat 2: 252578ae folded before Flop (didn't bet)
Seat 5: 1d2ab313(big blind) folded before Flop
Seat 3: 43451143 showed [6c 3s] and lost with King-High
Seat 1: Hero showed [9d 8d] and won ($144) with Pair of Eights
Seat 4: 2f771433(small blind) folded before Flop
Seat 6: a39a6670 folded on the Flop
Seat 7: 987e241c folded before Flop (didn't bet)



Poker Hand #ring_988849450: NLH No Limit ($2/$4) - 2025/07/13 13:22:20
Table 'MR NLH BOMBPOT 2/4' 7-max Seat #2 is the button
Seat 2: 252578ae ($886.72 in chips)
Seat 3: 43451143 ($1,978.26 in chips)
Seat 1: Hero ($500.7 in chips)
Seat 4: 2f771433 ($800 in chips)
Seat 6: a39a6670 ($517.69 in chips)
Seat 7: 987e241c ($830.88 in chips)
43451143: posts small blind $2
2f771433: posts big blind $4
*** HOLE CARDS ***
Dealt to 252578ae 
Dealt to 43451143 
Dealt to Hero [2s Qs]
Dealt to 2f771433 
Dealt to a39a6670 
Dealt to 987e241c 
a39a6670: folds
987e241c: folds
Hero: folds
252578ae: calls $4
43451143: raises $12 to $16
2f771433: calls $12
252578ae: calls $12
*** FLOP *** [Qh 9c 7h]
43451143: bets $24
2f771433: folds
252578ae: folds
Uncalled bet ($24) returned to 43451143
*** SHOWDOWN ***
43451143 collected $48 from pot
*** SUMMARY ***
Total pot $48
Board [Qh 9c 7h]
Seat 2: 252578ae folded on the Flop
Seat 3: 43451143(small blind)won ($48) with Queen-High
Seat 1: Hero folded before Flop (didn't bet)
Seat 4: 2f771433(big blind) folded on the Flop
Seat 6: a39a6670 folded before Flop (didn't bet)
Seat 7: 987e241c folded before Flop (didn't bet)



Poker Hand #ring_988848519: NLH No Limit ($2/$4) - 2025/07/13 13:21:23
Table 'MR NLH BOMBPOT 2/4' 7-max Seat #1 is the button
Seat 2: 252578ae ($888.72 in chips)
Seat 3: 43451143 ($2,007.76 in chips)
Seat 1: Hero ($500.7 in chips)
Seat 4: 2f771433 ($800 in chips)
Seat 6: a39a6670 ($629.69 in chips)
Seat 7: 987e241c ($687.38 in chips)
252578ae: posts small blind $2
43451143: posts big blind $4
*** HOLE CARDS ***
Dealt to 252578ae 
Dealt to 43451143 
Dealt to Hero [Kh Jd]
Dealt to 2f771433 
Dealt to a39a6670 
Dealt to 987e241c 
2f771433: folds
a39a6670: raises $6 to $10
987e241c: raises $19.5 to $29.5
Hero: folds
252578ae: folds
43451143: calls $25.5
a39a6670: raises $82.5 to $112
987e241c: raises $575.38 to $687.38 and is all-in
43451143: folds
a39a6670: folds
Uncalled bet ($575.38) returned to 987e241c
*** SHOWDOWN ***
987e241c collected $255.5 from pot
*** SUMMARY ***
Total pot $255.5
Seat 2: 252578ae(small blind) folded before Flop
Seat 3: 43451143(big blind) folded before Flop
Seat 1: Hero folded before Flop (didn't bet)
Seat 4: 2f771433 folded before Flop (didn't bet)
Seat 6: a39a6670 folded before Flop
Seat 7: 987e241cwon ($255.5)



Poker Hand #ring_988847776: NLH No Limit ($2/$4) - 2025/07/13 13:20:38
Table 'MR NLH BOMBPOT 2/4' 7-max Seat #7 is the button
Seat 5: bb84fd6e ($843.82 in chips)
Seat 2: 252578ae ($908.72 in chips)
Seat 3: 43451143 ($2,027.76 in chips)
Seat 1: Hero ($388 in chips)
Seat 4: 2f771433 ($800 in chips)
Seat 6: a39a6670 ($649.69 in chips)
Seat 7: 987e241c ($707.38 in chips)
Hero: posts the ante $20
252578ae: posts the ante $20
43451143: posts the ante $20
2f771433: posts the ante $20
bb84fd6e: posts the ante $20
a39a6670: posts the ante $20
987e241c: posts the ante $20
*** HOLE CARDS ***
Dealt to bb84fd6e 
Dealt to 252578ae 
Dealt to 43451143 
Dealt to Hero [Js Qc]
Dealt to 2f771433 
Dealt to a39a6670 
Dealt to 987e241c 
*** FLOP *** [2s 3h 9h]
Hero: bets $70
252578ae: folds
43451143: folds
2f771433: folds
bb84fd6e: folds
a39a6670: folds
987e241c: folds
Uncalled bet ($70) returned to Hero
*** SHOWDOWN ***
Hero collected $140 from pot
*** SUMMARY ***
Total pot $140
Board [2s 3h 9h]
Seat 5: bb84fd6e folded on the Flop
Seat 2: 252578ae(big blind) folded on the Flop
Seat 3: 43451143 folded on the Flop
Seat 1: Hero(small blind)won ($140) with Queen-High
Seat 4: 2f771433 folded on the Flop
Seat 6: a39a6670 folded on the Flop
Seat 7: 987e241c folded on the Flop



Poker Hand #ring_988846504: NLH No Limit ($2/$4) - 2025/07/13 13:19:20
Table 'MR NLH BOMBPOT 2/4' 7-max Seat #6 is the button
Seat 5: bb84fd6e ($755.29 in chips)
Seat 2: 252578ae ($908.72 in chips)
Seat 3: 43451143 ($2,039.76 in chips)
Seat 1: Hero ($400 in chips)
Seat 4: 2f771433 ($798 in chips)
Seat 6: a39a6670 ($708.19 in chips)
Seat 7: 987e241c ($709.38 in chips)
987e241c: posts small blind $2
Hero: posts big blind $4
*** HOLE CARDS ***
Dealt to bb84fd6e 
Dealt to 252578ae 
Dealt to 43451143 
Dealt to Hero [7c Td]
Dealt to 2f771433 
Dealt to a39a6670 
Dealt to 987e241c 
252578ae: folds
43451143: raises $8 to $12
2f771433: calls $12
bb84fd6e: calls $12
a39a6670: calls $12
987e241c: folds
Hero: calls $8
*** FLOP *** [Ac Th Qc]
Hero: checks
43451143: checks
2f771433: checks
bb84fd6e: bets $46.5
a39a6670: calls $46.5
Hero: folds
43451143: folds
2f771433: folds
*** TURN *** [Ac Th Qc] [4d]
bb84fd6e: bets $116.25
a39a6670: folds
Uncalled bet ($116.25) returned to bb84fd6e
*** SHOWDOWN ***
bb84fd6e collected $155 from pot
*** SUMMARY ***
Total pot $155
Board [Ac Th Qc 4d]
Seat 5: bb84fd6ewon ($155) with Pair of Aces
Seat 2: 252578ae folded before Flop (didn't bet)
Seat 3: 43451143 folded on the Flop
Seat 1: Hero(big blind) folded on the Flop
Seat 4: 2f771433 folded on the Flop
Seat 6: a39a6670 folded on the Turn
Seat 7: 987e241c(small blind) folded before Flop



Poker Hand #ring_988839443: NLH No Limit ($2/$4) - 2025/07/13 13:12:09
Table 'MR NLH BOMBPOT 2/4' 7-max Seat #6 is the button
Seat 5: bb84fd6e ($769.29 in chips)
Seat 2: 252578ae ($800 in chips)
Seat 3: 43451143 ($843.84 in chips)
Seat 1: Hero ($798.25 in chips)
Seat 4: 2f771433 ($800 in chips)
Seat 6: a39a6670 ($1,075.97 in chips)
Seat 7: 987e241c ($785.72 in chips)
987e241c: posts small blind $2
Hero: posts big blind $4
*** HOLE CARDS ***
Dealt to bb84fd6e 
Dealt to 252578ae 
Dealt to 43451143 
Dealt to Hero [Ad Qd]
Dealt to 2f771433 
Dealt to a39a6670 
Dealt to 987e241c 
252578ae: folds
43451143: raises $12 to $16
2f771433: raises $32 to $48
bb84fd6e: folds
a39a6670: folds
987e241c: folds
Hero: calls $44
43451143: calls $32
*** FIRST FLOP *** [9s 6d 2d]
Hero: checks
43451143: bets $48.18
2f771433: folds
Hero: raises $193.89 to $242.07
43451143: calls $193.89
*** FIRST TURN *** [9s 6d 2d] [4c]
Hero: bets $508.18 and is all-in
43451143: calls $508.18
Hero: shows [Ad Qd]
43451143: shows [3c 5h]
*** FIRST RIVER *** [9s 6d 2d 4c] [8c]
*** SECOND RIVER *** [9s 6d 2d 4c] [Qh]
*** FIRST SHOWDOWN ***
43451143 collected $823.76 from pot
*** SECOND SHOWDOWN ***
43451143 collected $822.74 from pot
*** SUMMARY ***
Total pot $1,646.5
Hand was run two timesFIRST Board [9s 6d 2d 4c 8c]
SECOND Board [Qh]
Seat 5: bb84fd6e folded before Flop (didn't bet)
Seat 2: 252578ae folded before Flop (didn't bet)
Seat 3: 43451143 showed [3c 5h] and won ($1,646.5) with Sixes-High Straight / Sixes-High Straight
Seat 1: Hero(big blind) showed [Ad Qd] and lost with Ace-High / Pair of Queens
Seat 4: 2f771433 folded on the Flop
Seat 6: a39a6670 folded before Flop (didn't bet)
Seat 7: 987e241c(small blind) folded before Flop



Poker Hand #ring_988838126: NLH No Limit ($2/$4) - 2025/07/13 13:10:48
Table 'MR NLH BOMBPOT 2/4' 7-max Seat #5 is the button
Seat 5: bb84fd6e ($769.29 in chips)
Seat 2: 252578ae ($532.57 in chips)
Seat 3: 43451143 ($1,081.45 in chips)
Seat 1: Hero ($798.25 in chips)
Seat 4: 2f771433 ($800 in chips)
Seat 6: a39a6670 ($633.82 in chips)
Seat 7: 987e241c ($1,023.33 in chips)
a39a6670: posts small blind $2
987e241c: posts big blind $4
*** HOLE CARDS ***
Dealt to bb84fd6e 
Dealt to 252578ae 
Dealt to 43451143 
Dealt to Hero [2h 9s]
Dealt to 2f771433 
Dealt to a39a6670 
Dealt to 987e241c 
Hero: folds
252578ae: folds
43451143: raises $10 to $14
2f771433: folds
bb84fd6e: folds
a39a6670: raises $46 to $60
987e241c: calls $56
43451143: calls $46
*** FLOP *** [9h Qh 2c]
a39a6670: bets $59.4
987e241c: calls $59.4
43451143: calls $59.4
*** TURN *** [9h Qh 2c] [Js]
a39a6670: checks
987e241c: bets $118.21
43451143: calls $118.21
a39a6670: raises $396.21 to $514.42 and is all-in
987e241c: folds
43451143: folds
Uncalled bet ($396.21) returned to a39a6670
*** SHOWDOWN ***
a39a6670 collected $712.83 from pot
*** SUMMARY ***
Total pot $712.83
Board [9h Qh 2c Js]
Seat 5: bb84fd6e folded before Flop (didn't bet)
Seat 2: 252578ae folded before Flop (didn't bet)
Seat 3: 43451143 folded on the Turn
Seat 1: Hero folded before Flop (didn't bet)
Seat 4: 2f771433 folded before Flop (didn't bet)
Seat 6: a39a6670(small blind)won ($712.83) with Three Jacks
Seat 7: 987e241c(big blind) folded on the Turn



Poker Hand #ring_988836825: NLH No Limit ($2/$4) - 2025/07/13 13:09:23
Table 'MR NLH BOMBPOT 2/4' 7-max Seat #4 is the button
Seat 5: bb84fd6e ($726.09 in chips)
Seat 2: 252578ae ($489.37 in chips)
Seat 3: 43451143 ($1,101.45 in chips)
Seat 1: Hero ($818.25 in chips)
Seat 4: 2f771433 ($798 in chips)
Seat 6: a39a6670 ($653.82 in chips)
Seat 7: 987e241c ($1,043.33 in chips)
bb84fd6e: posts the ante $20
a39a6670: posts the ante $20
987e241c: posts the ante $20
Hero: posts the ante $20
252578ae: posts the ante $20
43451143: posts the ante $20
2f771433: posts the ante $20
*** HOLE CARDS ***
Dealt to bb84fd6e 
Dealt to 252578ae 
Dealt to 43451143 
Dealt to Hero [Qh Ac]
Dealt to 2f771433 
Dealt to a39a6670 
Dealt to 987e241c 
*** FLOP *** [Kc 7d 7s]
bb84fd6e: checks
a39a6670: checks
987e241c: checks
Hero: checks
252578ae: checks
43451143: checks
2f771433: checks
*** TURN *** [Kc 7d 7s] [Th]
bb84fd6e: bets $70
a39a6670: folds
987e241c: folds
Hero: folds
252578ae: calls $70
43451143: folds
2f771433: folds
*** RIVER *** [Kc 7d 7s Th] [8h]
bb84fd6e: checks
252578ae: checks
252578ae: shows [6d Kd]
bb84fd6e: shows [Ks 6s]
*** SHOWDOWN ***
252578ae collected $140 from pot
bb84fd6e collected $140 from pot
*** SUMMARY ***
Total pot $280
Board [Kc 7d 7s Th 8h]
Seat 5: bb84fd6e(small blind) showed [Ks 6s] and won ($140) with Pair of Kings and Pair of Sevens
Seat 2: 252578ae showed [6d Kd] and won ($140) with Pair of Kings and Pair of Sevens
Seat 3: 43451143 folded on the Turn
Seat 1: Hero folded on the Turn
Seat 4: 2f771433 folded on the Turn
Seat 6: a39a6670(big blind) folded on the Turn
Seat 7: 987e241c folded on the Turn



Poker Hand #ring_988835616: NLH No Limit ($2/$4) - 2025/07/13 13:08:07
Table 'MR NLH BOMBPOT 2/4' 7-max Seat #3 is the button
Seat 5: bb84fd6e ($387.44 in chips)
Seat 2: 252578ae ($751.37 in chips)
Seat 3: 43451143 ($1,153.45 in chips)
Seat 1: Hero ($818.25 in chips)
Seat 4: 2f771433 ($800 in chips)
Seat 6: a39a6670 ($653.82 in chips)
Seat 7: 987e241c ($1,095.33 in chips)
2f771433: posts small blind $2
bb84fd6e: posts big blind $4
*** HOLE CARDS ***
Dealt to bb84fd6e 
Dealt to 252578ae 
Dealt to 43451143 
Dealt to Hero [6h Ac]
Dealt to 2f771433 
Dealt to a39a6670 
Dealt to 987e241c 
a39a6670: folds
987e241c: raises $6 to $10
Hero: folds
252578ae: calls $10
43451143: calls $10
2f771433: folds
bb84fd6e: raises $42 to $52
987e241c: calls $42
252578ae: calls $42
43451143: calls $42
*** FLOP *** [9s Td 7h]
bb84fd6e: bets $210
987e241c: folds
252578ae: calls $210
43451143: folds
*** TURN *** [9s Td 7h] [7c]
bb84fd6e: bets $125.44 and is all-in
252578ae: folds
Uncalled bet ($125.44) returned to bb84fd6e
*** SHOWDOWN ***
bb84fd6e collected $630 from pot
*** SUMMARY ***
Total pot $630
Board [9s Td 7h 7c]
Seat 5: bb84fd6e(big blind)won ($630) with Pair of Jacks and Pair of Sevens
Seat 2: 252578ae folded on the Turn
Seat 3: 43451143 folded on the Flop
Seat 1: Hero folded before Flop (didn't bet)
Seat 4: 2f771433(small blind) folded before Flop
Seat 6: a39a6670 folded before Flop (didn't bet)
Seat 7: 987e241c folded on the Flop



Poker Hand #ring_988834673: NLH No Limit ($2/$4) - 2025/07/13 13:07:07
Table 'MR NLH BOMBPOT 2/4' 7-max Seat #2 is the button
Seat 5: bb84fd6e ($387.44 in chips)
Seat 2: 252578ae ($732.99 in chips)
Seat 3: 43451143 ($1,169.45 in chips)
Seat 1: Hero ($818.25 in chips)
Seat 4: 2f771433 ($799.01 in chips)
Seat 6: a39a6670 ($653.82 in chips)
Seat 7: 987e241c ($1,095.33 in chips)
43451143: posts small blind $2
2f771433: posts big blind $4
*** HOLE CARDS ***
Dealt to bb84fd6e 
Dealt to 252578ae 
Dealt to 43451143 
Dealt to Hero [Jd 6h]
Dealt to 2f771433 
Dealt to a39a6670 
Dealt to 987e241c 
bb84fd6e: folds
a39a6670: folds
987e241c: folds
Hero: folds
252578ae: calls $4
43451143: raises $12 to $16
2f771433: folds
252578ae: calls $12
*** FLOP *** [3d 8h Qs]
43451143: checks
252578ae: checks
*** TURN *** [3d 8h Qs] [9d]
43451143: checks
252578ae: checks
*** RIVER *** [3d 8h Qs 9d] [Qd]
43451143: checks
252578ae: checks
252578ae: shows [3s As]
43451143: shows [4s 7h]
*** SHOWDOWN ***
252578ae collected $36 from pot
*** SUMMARY ***
Total pot $36
Board [3d 8h Qs 9d Qd]
Seat 5: bb84fd6e folded before Flop (didn't bet)
Seat 2: 252578ae showed [3s As] and won ($36) with Pair of Queens and Pair of Treys
Seat 3: 43451143(small blind) showed [4s 7h] and lost with Pair of Queens
Seat 1: Hero folded before Flop (didn't bet)
Seat 4: 2f771433(big blind) folded before Flop
Seat 6: a39a6670 folded before Flop (didn't bet)
Seat 7: 987e241c folded before Flop (didn't bet)



Poker Hand #ring_988833368: NLH No Limit ($2/$4) - 2025/07/13 13:05:41
Table 'MR NLH BOMBPOT 2/4' 7-max Seat #1 is the button
Seat 5: bb84fd6e ($387.44 in chips)
Seat 2: 252578ae ($734.99 in chips)
Seat 3: 43451143 ($1,322.45 in chips)
Seat 1: Hero ($818.25 in chips)
Seat 4: 2f771433 ($799.01 in chips)
Seat 6: a39a6670 ($513.68 in chips)
Seat 7: 987e241c ($1,095.33 in chips)
252578ae: posts small blind $2
43451143: posts big blind $4
*** HOLE CARDS ***
Dealt to bb84fd6e 
Dealt to 252578ae 
Dealt to 43451143 
Dealt to Hero [2s 3s]
Dealt to 2f771433 
Dealt to a39a6670 
Dealt to 987e241c 
2f771433: folds
bb84fd6e: folds
a39a6670: raises $6 to $10
987e241c: folds
Hero: folds
252578ae: folds
43451143: raises $22 to $32
a39a6670: calls $22
*** FLOP *** [Js 4h 7h]
43451143: bets $33
a39a6670: calls $33
*** TURN *** [Js 4h 7h] [Th]
43451143: checks
a39a6670: bets $88
43451143: calls $88
*** RIVER *** [Js 4h 7h Th] [5s]
43451143: checks
a39a6670: bets $360.68 and is all-in
43451143: folds
Uncalled bet ($360.68) returned to a39a6670
*** SHOWDOWN ***
a39a6670 collected $308 from pot
*** SUMMARY ***
Total pot $308
Board [Js 4h 7h Th 5s]
Seat 5: bb84fd6e folded before Flop (didn't bet)
Seat 2: 252578ae(small blind) folded before Flop
Seat 3: 43451143(big blind) folded on the River
Seat 1: Hero folded before Flop (didn't bet)
Seat 4: 2f771433 folded before Flop (didn't bet)
Seat 6: a39a6670won ($308) with Pair of Fives
Seat 7: 987e241c folded before Flop (didn't bet)



Poker Hand #ring_988832972: NLH No Limit ($2/$4) - 2025/07/13 13:05:14
Table 'MR NLH BOMBPOT 2/4' 7-max Seat #7 is the button
Seat 5: bb84fd6e ($387.44 in chips)
Seat 2: 252578ae ($738.99 in chips)
Seat 3: 43451143 ($1,322.45 in chips)
Seat 1: Hero ($814.25 in chips)
Seat 4: 2f771433 ($799.01 in chips)
Seat 6: a39a6670 ($513.68 in chips)
Seat 7: 987e241c ($1,095.33 in chips)
Hero: posts small blind $2
252578ae: posts big blind $4
*** HOLE CARDS ***
Dealt to bb84fd6e 
Dealt to 252578ae 
Dealt to 43451143 
Dealt to Hero [8h Ac]
Dealt to 2f771433 
Dealt to a39a6670 
Dealt to 987e241c 
43451143: folds
2f771433: folds
bb84fd6e: folds
a39a6670: folds
987e241c: folds
Hero: raises $6 to $10
252578ae: folds
Uncalled bet ($6) returned to Hero
*** SHOWDOWN ***
Hero collected $8 from pot
*** SUMMARY ***
Total pot $8
Seat 5: bb84fd6e folded before Flop (didn't bet)
Seat 2: 252578ae(big blind) folded before Flop
Seat 3: 43451143 folded before Flop (didn't bet)
Seat 1: Hero(small blind)won ($8)
Seat 4: 2f771433 folded before Flop (didn't bet)
Seat 6: a39a6670 folded before Flop (didn't bet)
Seat 7: 987e241c folded before Flop (didn't bet)



Poker Hand #ring_988832127: NLH No Limit ($2/$4) - 2025/07/13 13:04:18
Table 'MR NLH BOMBPOT 2/4' 7-max Seat #6 is the button
Seat 5: bb84fd6e ($387.44 in chips)
Seat 2: 252578ae ($738.99 in chips)
Seat 3: 43451143 ($1,322.45 in chips)
Seat 1: Hero ($795.6 in chips)
Seat 4: 2f771433 ($809.01 in chips)
Seat 6: a39a6670 ($513.68 in chips)
Seat 7: 987e241c ($1,105.33 in chips)
987e241c: posts small blind $2
Hero: posts big blind $4
*** HOLE CARDS ***
Dealt to bb84fd6e 
Dealt to 252578ae 
Dealt to 43451143 
Dealt to Hero [9s 6h]
Dealt to 2f771433 
Dealt to a39a6670 
Dealt to 987e241c 
252578ae: folds
43451143: folds
2f771433: raises $6 to $10
bb84fd6e: folds
a39a6670: folds
987e241c: calls $8
Hero: calls $6
*** FLOP *** [9c 9h 5s]
987e241c: checks
Hero: checks
2f771433: checks
*** TURN *** [9c 9h 5s] [4s]
987e241c: checks
Hero: checks
2f771433: checks
*** RIVER *** [9c 9h 5s 4s] [2h]
987e241c: checks
Hero: bets $24
2f771433: folds
987e241c: folds
Uncalled bet ($24) returned to Hero
*** SHOWDOWN ***
Hero collected $30 from pot
*** SUMMARY ***
Total pot $30
Board [9c 9h 5s 4s 2h]
Seat 5: bb84fd6e folded before Flop (didn't bet)
Seat 2: 252578ae folded before Flop (didn't bet)
Seat 3: 43451143 folded before Flop (didn't bet)
Seat 1: Hero(big blind)won ($30) with Three Nines
Seat 4: 2f771433 folded on the River
Seat 6: a39a6670 folded before Flop (didn't bet)
Seat 7: 987e241c(small blind) folded on the River



Poker Hand #ring_988831571: NLH No Limit ($2/$4) - 2025/07/13 13:03:43
Table 'MR NLH BOMBPOT 2/4' 7-max Seat #5 is the button
Seat 5: bb84fd6e ($387.44 in chips)
Seat 2: 252578ae ($738.99 in chips)
Seat 3: 43451143 ($1,316.45 in chips)
Seat 1: Hero ($795.6 in chips)
Seat 4: 2f771433 ($809.01 in chips)
Seat 6: a39a6670 ($515.68 in chips)
Seat 7: 987e241c ($1,109.33 in chips)
a39a6670: posts small blind $2
987e241c: posts big blind $4
*** HOLE CARDS ***
Dealt to bb84fd6e 
Dealt to 252578ae 
Dealt to 43451143 
Dealt to Hero [Ts Kd]
Dealt to 2f771433 
Dealt to a39a6670 
Dealt to 987e241c 
Hero: folds
252578ae: folds
43451143: raises $10 to $14
2f771433: folds
bb84fd6e: folds
a39a6670: folds
987e241c: folds
Uncalled bet ($10) returned to 43451143
*** SHOWDOWN ***
43451143 collected $10 from pot
*** SUMMARY ***
Total pot $10
Seat 5: bb84fd6e folded before Flop (didn't bet)
Seat 2: 252578ae folded before Flop (didn't bet)
Seat 3: 43451143won ($10)
Seat 1: Hero folded before Flop (didn't bet)
Seat 4: 2f771433 folded before Flop (didn't bet)
Seat 6: a39a6670(small blind) folded before Flop
Seat 7: 987e241c(big blind) folded before Flop



Poker Hand #ring_988831021: NLH No Limit ($2/$4) - 2025/07/13 13:03:07
Table 'MR NLH BOMBPOT 2/4' 7-max Seat #4 is the button
Seat 5: bb84fd6e ($389.44 in chips)
Seat 2: 252578ae ($738.99 in chips)
Seat 3: 43451143 ($1,316.45 in chips)
Seat 1: Hero ($795.6 in chips)
Seat 4: 2f771433 ($798 in chips)
Seat 6: a39a6670 ($525.68 in chips)
Seat 7: 987e241c ($1,109.33 in chips)
bb84fd6e: posts small blind $2
a39a6670: posts big blind $4
*** HOLE CARDS ***
Dealt to bb84fd6e 
Dealt to 252578ae 
Dealt to 43451143 
Dealt to Hero [Qh 3d]
Dealt to 2f771433 
Dealt to a39a6670 
Dealt to 987e241c 
987e241c: folds
Hero: folds
252578ae: folds
43451143: folds
2f771433: raises $6 to $10
bb84fd6e: folds
a39a6670: calls $6
*** FLOP *** [As 9d Jh]
a39a6670: checks
2f771433: bets $7.26
a39a6670: folds
Uncalled bet ($7.26) returned to 2f771433
*** SHOWDOWN ***
2f771433 collected $22 from pot
*** SUMMARY ***
Total pot $22
Board [As 9d Jh]
Seat 5: bb84fd6e(small blind) folded before Flop
Seat 2: 252578ae folded before Flop (didn't bet)
Seat 3: 43451143 folded before Flop (didn't bet)
Seat 1: Hero folded before Flop (didn't bet)
Seat 4: 2f771433won ($22) with Pair of Aces
Seat 6: a39a6670(big blind) folded on the Flop
Seat 7: 987e241c folded before Flop (didn't bet)



Poker Hand #ring_988830058: NLH No Limit ($2/$4) - 2025/07/13 13:02:04
Table 'MR NLH BOMBPOT 2/4' 7-max Seat #3 is the button
Seat 5: bb84fd6e ($393.44 in chips)
Seat 2: 252578ae ($738.99 in chips)
Seat 3: 43451143 ($1,207.07 in chips)
Seat 1: Hero ($900.1 in chips)
Seat 4: 2f771433 ($800 in chips)
Seat 6: a39a6670 ($535.68 in chips)
Seat 7: 987e241c ($1,109.33 in chips)
2f771433: posts small blind $2
bb84fd6e: posts big blind $4
*** HOLE CARDS ***
Dealt to bb84fd6e 
Dealt to 252578ae 
Dealt to 43451143 
Dealt to Hero [5d 7d]
Dealt to 2f771433 
Dealt to a39a6670 
Dealt to 987e241c 
a39a6670: raises $6 to $10
987e241c: folds
Hero: calls $10
252578ae: folds
43451143: calls $10
2f771433: folds
bb84fd6e: folds
*** FLOP *** [Kc 3c 5c]
a39a6670: checks
Hero: checks
43451143: bets $27
a39a6670: folds
Hero: calls $27
*** TURN *** [Kc 3c 5c] [7s]
Hero: checks
43451143: bets $67.5
Hero: calls $67.5
*** RIVER *** [Kc 3c 5c 7s] [8c]
Hero: checks
43451143: bets $1,102.57 and is all-in
Hero: folds
Uncalled bet ($1,102.57) returned to 43451143
*** SHOWDOWN ***
43451143 collected $225 from pot
*** SUMMARY ***
Total pot $225
Board [Kc 3c 5c 7s 8c]
Seat 5: bb84fd6e(big blind) folded before Flop
Seat 2: 252578ae folded before Flop (didn't bet)
Seat 3: 43451143won ($225) with Ace High Flush
Seat 1: Hero folded on the River
Seat 4: 2f771433(small blind) folded before Flop
Seat 6: a39a6670 folded on the Flop
Seat 7: 987e241c folded before Flop (didn't bet)



Poker Hand #ring_988829305: NLH No Limit ($2/$4) - 2025/07/13 13:01:15
Table 'MR NLH BOMBPOT 2/4' 7-max Seat #2 is the button
Seat 5: bb84fd6e ($393.44 in chips)
Seat 2: 252578ae ($710.15 in chips)
Seat 3: 43451143 ($1,223.07 in chips)
Seat 1: Hero ($900.1 in chips)
Seat 4: 2f771433 ($800 in chips)
Seat 6: a39a6670 ($535.68 in chips)
Seat 7: 987e241c ($1,109.33 in chips)
43451143: posts small blind $2
2f771433: posts big blind $4
*** HOLE CARDS ***
Dealt to bb84fd6e 
Dealt to 252578ae 
Dealt to 43451143 
Dealt to Hero [8h 6d]
Dealt to 2f771433 
Dealt to a39a6670 
Dealt to 987e241c 
bb84fd6e: folds
a39a6670: folds
987e241c: folds
Hero: folds
252578ae: raises $12 to $16
43451143: calls $14
2f771433: calls $12
*** FLOP *** [3s 4s 6c]
43451143: checks
2f771433: checks
252578ae: bets $36
43451143: folds
2f771433: folds
Uncalled bet ($36) returned to 252578ae
*** SHOWDOWN ***
252578ae collected $48 from pot
*** SUMMARY ***
Total pot $48
Board [3s 4s 6c]
Seat 5: bb84fd6e folded before Flop (didn't bet)
Seat 2: 252578aewon ($48) with Ace-High
Seat 3: 43451143(small blind) folded on the Flop
Seat 1: Hero folded before Flop (didn't bet)
Seat 4: 2f771433(big blind) folded on the Flop
Seat 6: a39a6670 folded before Flop (didn't bet)
Seat 7: 987e241c folded before Flop (didn't bet)



Poker Hand #ring_988827680: NLH No Limit ($2/$4) - 2025/07/13 12:59:33
Table 'MR NLH BOMBPOT 2/4' 7-max Seat #1 is the button
Seat 5: bb84fd6e ($413.44 in chips)
Seat 2: 252578ae ($730.15 in chips)
Seat 3: 43451143 ($796 in chips)
Seat 1: Hero ($1,192.1 in chips)
Seat 4: 2f771433 ($796.77 in chips)
Seat 6: a39a6670 ($555.68 in chips)
Seat 7: 987e241c ($1,129.33 in chips)
252578ae: posts the ante $20
43451143: posts the ante $20
2f771433: posts the ante $20
bb84fd6e: posts the ante $20
a39a6670: posts the ante $20
987e241c: posts the ante $20
Hero: posts the ante $20
*** HOLE CARDS ***
Dealt to bb84fd6e 
Dealt to 252578ae 
Dealt to 43451143 
Dealt to Hero [Jc 5h]
Dealt to 2f771433 
Dealt to a39a6670 
Dealt to 987e241c 
*** FLOP *** [Th 6c Qd]
252578ae: checks
43451143: checks
2f771433: checks
bb84fd6e: checks
a39a6670: checks
987e241c: checks
Hero: checks
*** TURN *** [Th 6c Qd] [9c]
252578ae: checks
43451143: bets $70
2f771433: calls $70
bb84fd6e: folds
a39a6670: folds
987e241c: folds
Hero: calls $70
252578ae: folds
*** RIVER *** [Th 6c Qd 9c] [7h]
43451143: checks
2f771433: checks
Hero: bets $202
43451143: calls $202
2f771433: folds
Hero: shows [Jc 5h]
43451143: shows [Jd Js]
*** SHOWDOWN ***
43451143 collected $754 from pot
*** SUMMARY ***
Total pot $754
Board [Th 6c Qd 9c 7h]
Seat 5: bb84fd6e folded on the Turn
Seat 2: 252578ae(small blind) folded on the Turn
Seat 3: 43451143(big blind) showed [Jd Js] and won ($754) with Pair of Jacks
Seat 1: Hero showed [Jc 5h] and lost with Queen-High
Seat 4: 2f771433 folded on the River
Seat 6: a39a6670 folded on the Turn
Seat 7: 987e241c folded on the Turn



Poker Hand #ring_988826882: NLH No Limit ($2/$4) - 2025/07/13 12:58:43
Table 'MR NLH BOMBPOT 2/4' 7-max Seat #7 is the button
Seat 5: bb84fd6e ($413.44 in chips)
Seat 2: 252578ae ($734.15 in chips)
Seat 3: 43451143 ($800 in chips)
Seat 1: Hero ($1,184.64 in chips)
Seat 4: 2f771433 ($796.77 in chips)
Seat 6: a39a6670 ($555.68 in chips)
Seat 7: 987e241c ($1,129.33 in chips)
Hero: posts small blind $2
252578ae: posts big blind $4
*** HOLE CARDS ***
Dealt to bb84fd6e 
Dealt to 252578ae 
Dealt to 43451143 
Dealt to Hero [Kh 6h]
Dealt to 2f771433 
Dealt to a39a6670 
Dealt to 987e241c 
43451143: calls $4
2f771433: folds
bb84fd6e: folds
a39a6670: folds
987e241c: folds
Hero: calls $2
252578ae: checks
*** FLOP *** [Kc 2c Qh]
Hero: checks
252578ae: checks
43451143: checks
*** TURN *** [Kc 2c Qh] [7h]
Hero: bets $6
252578ae: folds
43451143: folds
Uncalled bet ($6) returned to Hero
*** SHOWDOWN ***
Hero collected $12 from pot
*** SUMMARY ***
Total pot $12
Board [Kc 2c Qh 7h]
Seat 5: bb84fd6e folded before Flop (didn't bet)
Seat 2: 252578ae(big blind) folded on the Turn
Seat 3: 43451143 folded on the Turn
Seat 1: Hero(small blind)won ($12) with Pair of Kings
Seat 4: 2f771433 folded before Flop (didn't bet)
Seat 6: a39a6670 folded before Flop (didn't bet)
Seat 7: 987e241c folded before Flop (didn't bet)



Poker Hand #ring_988825452: NLH No Limit ($2/$4) - 2025/07/13 12:57:12
Table 'MR NLH BOMBPOT 2/4' 7-max Seat #6 is the button
Seat 5: bb84fd6e ($413.44 in chips)
Seat 2: 252578ae ($866.99 in chips)
Seat 3: 43451143 ($251.65 in chips)
Seat 1: Hero ($935.98 in chips)
Seat 4: 2f771433 ($796.77 in chips)
Seat 6: a39a6670 ($555.68 in chips)
Seat 7: 987e241c ($1,131.33 in chips)
987e241c: posts small blind $2
Hero: posts big blind $4
*** HOLE CARDS ***
Dealt to bb84fd6e 
Dealt to 252578ae 
Dealt to 43451143 
Dealt to Hero [Kh Ac]
Dealt to 2f771433 
Dealt to a39a6670 
Dealt to 987e241c 
252578ae: raises $16 to $20
43451143: calls $20
2f771433: folds
bb84fd6e: folds
a39a6670: folds
987e241c: folds
Hero: raises $49.6 to $69.6
252578ae: calls $49.6
43451143: calls $49.6
*** FLOP *** [6d 4s 9s]
Hero: bets $63.24
252578ae: calls $63.24
43451143: calls $63.24
*** TURN *** [6d 4s 9s] [6c]
Hero: bets $120
252578ae: folds
43451143: folds
Uncalled bet ($120) returned to Hero
*** SHOWDOWN ***
Hero collected $400.52 from pot
*** SUMMARY ***
Total pot $400.52
Board [6d 4s 9s 6c]
Seat 5: bb84fd6e folded before Flop (didn't bet)
Seat 2: 252578ae folded on the Turn
Seat 3: 43451143 folded on the Turn
Seat 1: Hero(big blind)won ($400.52) with Pair of Sixes
Seat 4: 2f771433 folded before Flop (didn't bet)
Seat 6: a39a6670 folded before Flop (didn't bet)
Seat 7: 987e241c(small blind) folded before Flop



Poker Hand #ring_988824711: NLH No Limit ($2/$4) - 2025/07/13 12:56:22
Table 'MR NLH BOMBPOT 2/4' 7-max Seat #5 is the button
Seat 5: bb84fd6e ($413.44 in chips)
Seat 2: 252578ae ($866.99 in chips)
Seat 3: 43451143 ($843.49 in chips)
Seat 1: Hero ($935.98 in chips)
Seat 4: 2f771433 ($796.77 in chips)
Seat 6: a39a6670 ($557.68 in chips)
Seat 7: 987e241c ($591.84 in chips)
a39a6670: posts small blind $2
987e241c: posts big blind $4
*** HOLE CARDS ***
Dealt to bb84fd6e 
Dealt to 252578ae 
Dealt to 43451143 
Dealt to Hero [3h Jh]
Dealt to 2f771433 
Dealt to a39a6670 
Dealt to 987e241c 
Hero: folds
252578ae: folds
43451143: raises $8 to $12
2f771433: folds
bb84fd6e: folds
a39a6670: folds
987e241c: calls $8
*** FLOP *** [Kc Qc 3c]
987e241c: checks
43451143: bets $13
987e241c: calls $13
*** TURN *** [Kc Qc 3c] [9s]
987e241c: checks
43451143: bets $52
987e241c: calls $52
*** RIVER *** [Kc Qc 3c 9s] [9d]
987e241c: bets $117
43451143: raises $649.49 to $766.49 and is all-in
987e241c: calls $397.84 and is all-in
Uncalled bet ($251.65) returned to 43451143
43451143: shows [7c 5c]
987e241c: shows [9c Kd]
*** SHOWDOWN ***
987e241c collected $1,185.68 from pot
*** SUMMARY ***
Total pot $1,185.68
Board [Kc Qc 3c 9s 9d]
Seat 5: bb84fd6e folded before Flop (didn't bet)
Seat 2: 252578ae folded before Flop (didn't bet)
Seat 3: 43451143 showed [7c 5c] and lost with King High Flush
Seat 1: Hero folded before Flop (didn't bet)
Seat 4: 2f771433 folded before Flop (didn't bet)
Seat 6: a39a6670(small blind) folded before Flop
Seat 7: 987e241c(big blind) showed [9c Kd] and won ($1,185.68) with Nines Full over Kings



Poker Hand #ring_988824161: NLH No Limit ($2/$4) - 2025/07/13 12:55:44
Table 'MR NLH BOMBPOT 2/4' 7-max Seat #4 is the button
Seat 5: bb84fd6e ($415.44 in chips)
Seat 2: 252578ae ($866.99 in chips)
Seat 3: 43451143 ($806 in chips)
Seat 1: Hero ($935.98 in chips)
Seat 4: 2f771433 ($796.77 in chips)
Seat 6: a39a6670 ($561.68 in chips)
Seat 7: 987e241c ($627.84 in chips)
bb84fd6e: posts small blind $2
a39a6670: posts big blind $4
*** HOLE CARDS ***
Dealt to bb84fd6e 
Dealt to 252578ae 
Dealt to 43451143 
Dealt to Hero [Kd Th]
Dealt to 2f771433 
Dealt to a39a6670 
Dealt to 987e241c 
987e241c: raises $6 to $10
Hero: folds
252578ae: folds
43451143: raises $26 to $36
2f771433: folds
bb84fd6e: folds
a39a6670: folds
987e241c: calls $26
*** FLOP *** [7c 6s 2s]
987e241c: checks
43451143: bets $39
987e241c: folds
Uncalled bet ($39) returned to 43451143
*** SHOWDOWN ***
43451143 collected $78 from pot
*** SUMMARY ***
Total pot $78
Board [7c 6s 2s]
Seat 5: bb84fd6e(small blind) folded before Flop
Seat 2: 252578ae folded before Flop (didn't bet)
Seat 3: 43451143won ($78) with Pair of Sixes
Seat 1: Hero folded before Flop (didn't bet)
Seat 4: 2f771433 folded before Flop (didn't bet)
Seat 6: a39a6670(big blind) folded before Flop
Seat 7: 987e241c folded on the Flop



Poker Hand #ring_988823786: NLH No Limit ($2/$4) - 2025/07/13 12:55:19
Table 'MR NLH BOMBPOT 2/4' 7-max Seat #3 is the button
Seat 5: bb84fd6e ($419.44 in chips)
Seat 2: 252578ae ($866.99 in chips)
Seat 3: 43451143 ($800 in chips)
Seat 1: Hero ($935.98 in chips)
Seat 4: 2f771433 ($798.77 in chips)
Seat 6: a39a6670 ($561.68 in chips)
Seat 7: 987e241c ($627.84 in chips)
2f771433: posts small blind $2
bb84fd6e: posts big blind $4
*** HOLE CARDS ***
Dealt to bb84fd6e 
Dealt to 252578ae 
Dealt to 43451143 
Dealt to Hero [3s 9h]
Dealt to 2f771433 
Dealt to a39a6670 
Dealt to 987e241c 
a39a6670: folds
987e241c: folds
Hero: folds
252578ae: folds
43451143: raises $8 to $12
2f771433: folds
bb84fd6e: folds
Uncalled bet ($8) returned to 43451143
*** SHOWDOWN ***
43451143 collected $10 from pot
*** SUMMARY ***
Total pot $10
Seat 5: bb84fd6e(big blind) folded before Flop
Seat 2: 252578ae folded before Flop (didn't bet)
Seat 3: 43451143won ($10)
Seat 1: Hero folded before Flop (didn't bet)
Seat 4: 2f771433(small blind) folded before Flop
Seat 6: a39a6670 folded before Flop (didn't bet)
Seat 7: 987e241c folded before Flop (didn't bet)



Poker Hand #ring_988822725: NLH No Limit ($2/$4) - 2025/07/13 12:54:07
Table 'MR NLH BOMBPOT 2/4' 7-max Seat #2 is the button
Seat 5: bb84fd6e ($145.42 in chips)
Seat 2: 252578ae ($866.99 in chips)
Seat 3: 43451143 ($225.87 in chips)
Seat 1: Hero ($935.98 in chips)
Seat 4: 2f771433 ($802.77 in chips)
Seat 6: a39a6670 ($633.88 in chips)
Seat 7: 987e241c ($627.84 in chips)
43451143: posts small blind $2
2f771433: posts big blind $4
*** HOLE CARDS ***
Dealt to bb84fd6e 
Dealt to 252578ae 
Dealt to 43451143 
Dealt to Hero [5h Qh]
Dealt to 2f771433 
Dealt to a39a6670 
Dealt to 987e241c 
bb84fd6e: raises $8 to $12
a39a6670: calls $12
987e241c: folds
Hero: folds
252578ae: folds
43451143: calls $10
2f771433: folds
*** FLOP *** [6c 4h 8s]
43451143: checks
bb84fd6e: bets $30
a39a6670: raises $66 to $96
43451143: calls $96
bb84fd6e: raises $37.42 to $133.42 and is all-in
a39a6670: calls $37.42
43451143: calls $37.42
*** TURN *** [6c 4h 8s] [Jc]
43451143: bets $80.45 and is all-in
a39a6670: calls $80.45
43451143: shows [4c Ah]
bb84fd6e: shows [Th Tc]
a39a6670: shows [Ks Kh]
*** RIVER *** [6c 4h 8s Jc] [Ts]
*** SHOWDOWN ***
bb84fd6e collected $440.26 from pot
a39a6670 collected $160.9 from pot
*** SUMMARY ***
Total pot $601.16
Board [6c 4h 8s Jc Ts]
Seat 5: bb84fd6e showed [Th Tc] and won ($440.26) with Three Tens
Seat 2: 252578ae folded before Flop (didn't bet)
Seat 3: 43451143(small blind) showed [4c Ah] and lost with Pair of Fours
Seat 1: Hero folded before Flop (didn't bet)
Seat 4: 2f771433(big blind) folded before Flop
Seat 6: a39a6670 showed [Ks Kh] and lost with Pair of Kings
Seat 7: 987e241c folded before Flop (didn't bet)



Poker Hand #ring_988822028: NLH No Limit ($2/$4) - 2025/07/13 12:53:20
Table 'MR NLH BOMBPOT 2/4' 7-max Seat #1 is the button
Seat 5: bb84fd6e ($145.42 in chips)
Seat 2: 252578ae ($911.99 in chips)
Seat 3: 43451143 ($185.92 in chips)
Seat 1: Hero ($935.98 in chips)
Seat 4: 2f771433 ($802.77 in chips)
Seat 6: a39a6670 ($633.88 in chips)
Seat 7: 987e241c ($627.84 in chips)
252578ae: posts small blind $2
43451143: posts big blind $4
*** HOLE CARDS ***
Dealt to bb84fd6e 
Dealt to 252578ae 
Dealt to 43451143 
Dealt to Hero [2h 4s]
Dealt to 2f771433 
Dealt to a39a6670 
Dealt to 987e241c 
2f771433: folds
bb84fd6e: folds
a39a6670: folds
987e241c: folds
Hero: folds
252578ae: raises $11 to $15
43451143: raises $30 to $45
252578ae: calls $30
*** FLOP *** [7s 2d Kc]
252578ae: checks
43451143: bets $45
252578ae: folds
Uncalled bet ($45) returned to 43451143
*** SHOWDOWN ***
43451143 collected $90 from pot
*** SUMMARY ***
Total pot $90
Board [7s 2d Kc]
Seat 5: bb84fd6e folded before Flop (didn't bet)
Seat 2: 252578ae(small blind) folded on the Flop
Seat 3: 43451143(big blind)won ($90) with Pair of Eights
Seat 1: Hero folded before Flop (didn't bet)
Seat 4: 2f771433 folded before Flop (didn't bet)
Seat 6: a39a6670 folded before Flop (didn't bet)
Seat 7: 987e241c folded before Flop (didn't bet)



Poker Hand #ring_988820791: NLH No Limit ($2/$4) - 2025/07/13 12:51:56
Table 'MR NLH BOMBPOT 2/4' 7-max Seat #7 is the button
Seat 5: bb84fd6e ($145.42 in chips)
Seat 2: 252578ae ($875.6 in chips)
Seat 3: 43451143 ($205.92 in chips)
Seat 1: Hero ($937.98 in chips)
Seat 4: 2f771433 ($820.77 in chips)
Seat 6: a39a6670 ($633.88 in chips)
Seat 7: 987e241c ($627.84 in chips)
Hero: posts small blind $2
252578ae: posts big blind $4
43451143: posts big blind $4
43451143: posts small blind $2
*** HOLE CARDS ***
Dealt to bb84fd6e 
Dealt to 252578ae 
Dealt to 43451143 
Dealt to Hero [7s Qh]
Dealt to 2f771433 
Dealt to a39a6670 
Dealt to 987e241c 
43451143: checks
2f771433: raises $14 to $18
bb84fd6e: folds
a39a6670: folds
987e241c: folds
Hero: folds
252578ae: calls $14
43451143: calls $14
*** FLOP *** [2s 4c 8d]
252578ae: checks
43451143: checks
2f771433: checks
*** TURN *** [2s 4c 8d] [2c]
252578ae: bets $40
43451143: folds
2f771433: folds
Uncalled bet ($40) returned to 252578ae
*** SHOWDOWN ***
252578ae collected $58 from pot
*** SUMMARY ***
Total pot $56
Board [2s 4c 8d 2c]
Seat 5: bb84fd6e folded before Flop (didn't bet)
Seat 2: 252578ae(big blind)won ($58) with Pair of Treys and Pair of Twos
Seat 3: 43451143 folded on the Turn
Seat 1: Hero(small blind) folded before Flop
Seat 4: 2f771433 folded on the Turn
Seat 6: a39a6670 folded before Flop (didn't bet)
Seat 7: 987e241c folded before Flop (didn't bet)



Poker Hand #ring_988820322: NLH No Limit ($2/$4) - 2025/07/13 12:51:25
Table 'MR NLH BOMBPOT 2/4' 7-max Seat #6 is the button
Seat 5: bb84fd6e ($145.42 in chips)
Seat 2: 252578ae ($875.6 in chips)
Seat 1: Hero ($947.98 in chips)
Seat 4: 2f771433 ($809.76 in chips)
Seat 6: a39a6670 ($633.88 in chips)
Seat 7: 987e241c ($629.84 in chips)
987e241c: posts small blind $2
Hero: posts big blind $4
*** HOLE CARDS ***
Dealt to bb84fd6e 
Dealt to 252578ae 
Dealt to Hero [2d 5d]
Dealt to 2f771433 
Dealt to a39a6670 
Dealt to 987e241c 
252578ae: folds
2f771433: raises $6 to $10
bb84fd6e: folds
a39a6670: folds
987e241c: folds
Hero: calls $6
*** FLOP *** [7s Kc 6c]
Hero: checks
2f771433: bets $7.26
Hero: folds
Uncalled bet ($7.26) returned to 2f771433
*** SHOWDOWN ***
2f771433 collected $22 from pot
*** SUMMARY ***
Total pot $22
Board [7s Kc 6c]
Seat 5: bb84fd6e folded before Flop (didn't bet)
Seat 2: 252578ae folded before Flop (didn't bet)
Seat 1: Hero(big blind) folded on the Flop
Seat 4: 2f771433won ($22) with Ace-High
Seat 6: a39a6670 folded before Flop (didn't bet)
Seat 7: 987e241c(small blind) folded before Flop



Poker Hand #ring_988819537: NLH No Limit ($2/$4) - 2025/07/13 12:50:32
Table 'MR NLH BOMBPOT 2/4' 7-max Seat #5 is the button
Seat 5: bb84fd6e ($165.42 in chips)
Seat 2: 252578ae ($782 in chips)
Seat 1: Hero ($967.98 in chips)
Seat 4: 2f771433 ($829.76 in chips)
Seat 6: a39a6670 ($653.88 in chips)
Seat 7: 987e241c ($649.84 in chips)
a39a6670: posts the ante $20
987e241c: posts the ante $20
Hero: posts the ante $20
252578ae: posts the ante $20
2f771433: posts the ante $20
bb84fd6e: posts the ante $20
*** HOLE CARDS ***
Dealt to bb84fd6e 
Dealt to 252578ae 
Dealt to Hero [Qh 7d]
Dealt to 2f771433 
Dealt to a39a6670 
Dealt to 987e241c 
*** FLOP *** [Ts 4c 6c]
a39a6670: checks
987e241c: checks
Hero: checks
252578ae: checks
2f771433: checks
bb84fd6e: checks
*** TURN *** [Ts 4c 6c] [Jh]
a39a6670: checks
987e241c: checks
Hero: checks
252578ae: bets $100
2f771433: folds
bb84fd6e: folds
a39a6670: folds
987e241c: folds
Hero: folds
Uncalled bet ($100) returned to 252578ae
*** SHOWDOWN ***
252578ae collected $120 from pot
*** SUMMARY ***
Total pot $120
Board [Ts 4c 6c Jh]
Seat 5: bb84fd6e folded on the Turn
Seat 2: 252578aewon ($120) with Pair of Jacks and Pair of Tens
Seat 1: Hero folded on the Turn
Seat 4: 2f771433 folded on the Turn
Seat 6: a39a6670(small blind) folded on the Turn
Seat 7: 987e241c(big blind) folded on the Turn



Poker Hand #ring_988819099: NLH No Limit ($2/$4) - 2025/07/13 12:50:02
Table 'MR NLH BOMBPOT 2/4' 7-max Seat #4 is the button
Seat 5: bb84fd6e ($167.42 in chips)
Seat 2: 252578ae ($782 in chips)
Seat 1: Hero ($961.98 in chips)
Seat 4: 2f771433 ($829.76 in chips)
Seat 6: a39a6670 ($657.88 in chips)
Seat 7: 987e241c ($649.84 in chips)
bb84fd6e: posts small blind $2
a39a6670: posts big blind $4
*** HOLE CARDS ***
Dealt to bb84fd6e 
Dealt to 252578ae 
Dealt to Hero [Ah 2h]
Dealt to 2f771433 
Dealt to a39a6670 
Dealt to 987e241c 
987e241c: folds
Hero: raises $8 to $12
252578ae: folds
2f771433: folds
bb84fd6e: folds
a39a6670: folds
Uncalled bet ($8) returned to Hero
*** SHOWDOWN ***
Hero collected $10 from pot
*** SUMMARY ***
Total pot $10
Seat 5: bb84fd6e(small blind) folded before Flop
Seat 2: 252578ae folded before Flop (didn't bet)
Seat 1: Herowon ($10)
Seat 4: 2f771433 folded before Flop (didn't bet)
Seat 6: a39a6670(big blind) folded before Flop
Seat 7: 987e241c folded before Flop (didn't bet)



Poker Hand #ring_988818712: NLH No Limit ($2/$4) - 2025/07/13 12:49:35
Table 'MR NLH BOMBPOT 2/4' 7-max Seat #2 is the button
Seat 5: bb84fd6e ($171.42 in chips)
Seat 2: 252578ae ($782 in chips)
Seat 1: Hero ($955.98 in chips)
Seat 4: 2f771433 ($831.76 in chips)
Seat 6: a39a6670 ($657.88 in chips)
Seat 7: 987e241c ($649.84 in chips)
2f771433: posts small blind $2
bb84fd6e: posts big blind $4
*** HOLE CARDS ***
Dealt to bb84fd6e 
Dealt to 252578ae 
Dealt to Hero [Tc 9c]
Dealt to 2f771433 
Dealt to a39a6670 
Dealt to 987e241c 
a39a6670: folds
987e241c: folds
Hero: raises $8 to $12
252578ae: folds
2f771433: folds
bb84fd6e: folds
Uncalled bet ($8) returned to Hero
*** SHOWDOWN ***
Hero collected $10 from pot
*** SUMMARY ***
Total pot $10
Seat 5: bb84fd6e(big blind) folded before Flop
Seat 2: 252578ae folded before Flop (didn't bet)
Seat 1: Herowon ($10)
Seat 4: 2f771433(small blind) folded before Flop
Seat 6: a39a6670 folded before Flop (didn't bet)
Seat 7: 987e241c folded before Flop (didn't bet)



Poker Hand #ring_988818326: NLH No Limit ($2/$4) - 2025/07/13 12:49:09
Table 'MR NLH BOMBPOT 2/4' 7-max Seat #1 is the button
Seat 5: bb84fd6e ($165.42 in chips)
Seat 2: 252578ae ($784 in chips)
Seat 1: Hero ($955.98 in chips)
Seat 4: 2f771433 ($835.76 in chips)
Seat 6: a39a6670 ($657.88 in chips)
Seat 7: 987e241c ($649.84 in chips)
252578ae: posts small blind $2
2f771433: posts big blind $4
*** HOLE CARDS ***
Dealt to bb84fd6e 
Dealt to 252578ae 
Dealt to Hero [Kh Tc]
Dealt to 2f771433 
Dealt to a39a6670 
Dealt to 987e241c 
bb84fd6e: raises $8 to $12
a39a6670: folds
987e241c: folds
Hero: folds
252578ae: folds
2f771433: folds
Uncalled bet ($8) returned to bb84fd6e
2f771433: shows [8h 3d]
*** SHOWDOWN ***
bb84fd6e collected $10 from pot
*** SUMMARY ***
Total pot $10
Seat 5: bb84fd6ewon ($10)
Seat 2: 252578ae(small blind) folded before Flop
Seat 1: Hero folded before Flop (didn't bet)
Seat 4: 2f771433(big blind) folded before Flop
Seat 6: a39a6670 folded before Flop (didn't bet)
Seat 7: 987e241c folded before Flop (didn't bet)



Poker Hand #ring_988817971: NLH No Limit ($2/$4) - 2025/07/13 12:48:44
Table 'MR NLH BOMBPOT 2/4' 7-max Seat #7 is the button
Seat 5: bb84fd6e ($165.42 in chips)
Seat 2: 252578ae ($788 in chips)
Seat 1: Hero ($957.98 in chips)
Seat 4: 2f771433 ($835.76 in chips)
Seat 6: a39a6670 ($651.88 in chips)
Seat 7: 987e241c ($649.84 in chips)
Hero: posts small blind $2
252578ae: posts big blind $4
*** HOLE CARDS ***
Dealt to bb84fd6e 
Dealt to 252578ae 
Dealt to Hero [4s Ts]
Dealt to 2f771433 
Dealt to a39a6670 
Dealt to 987e241c 
2f771433: folds
bb84fd6e: folds
a39a6670: raises $6 to $10
987e241c: folds
Hero: folds
252578ae: folds
Uncalled bet ($6) returned to a39a6670
*** SHOWDOWN ***
a39a6670 collected $10 from pot
*** SUMMARY ***
Total pot $10
Seat 5: bb84fd6e folded before Flop (didn't bet)
Seat 2: 252578ae(big blind) folded before Flop
Seat 1: Hero(small blind) folded before Flop
Seat 4: 2f771433 folded before Flop (didn't bet)
Seat 6: a39a6670won ($10)
Seat 7: 987e241c folded before Flop (didn't bet)



Poker Hand #ring_988817439: NLH No Limit ($2/$4) - 2025/07/13 12:48:09
Table 'MR NLH BOMBPOT 2/4' 7-max Seat #6 is the button
Seat 5: bb84fd6e ($165.42 in chips)
Seat 2: 252578ae ($788 in chips)
Seat 1: Hero ($967.98 in chips)
Seat 4: 2f771433 ($824.75 in chips)
Seat 6: a39a6670 ($651.88 in chips)
Seat 7: 987e241c ($651.84 in chips)
987e241c: posts small blind $2
Hero: posts big blind $4
*** HOLE CARDS ***
Dealt to bb84fd6e 
Dealt to 252578ae 
Dealt to Hero [7s As]
Dealt to 2f771433 
Dealt to a39a6670 
Dealt to 987e241c 
252578ae: folds
2f771433: raises $6 to $10
bb84fd6e: folds
a39a6670: folds
987e241c: folds
Hero: calls $6
*** FLOP *** [2h Jc 6h]
Hero: checks
2f771433: bets $7.26
Hero: folds
Uncalled bet ($7.26) returned to 2f771433
*** SHOWDOWN ***
2f771433 collected $22 from pot
*** SUMMARY ***
Total pot $22
Board [2h Jc 6h]
Seat 5: bb84fd6e folded before Flop (didn't bet)
Seat 2: 252578ae folded before Flop (didn't bet)
Seat 1: Hero(big blind) folded on the Flop
Seat 4: 2f771433won ($22) with Pair of Jacks
Seat 6: a39a6670 folded before Flop (didn't bet)
Seat 7: 987e241c(small blind) folded before Flop



Poker Hand #ring_988816539: NLH No Limit ($2/$4) - 2025/07/13 12:47:10
Table 'MR NLH BOMBPOT 2/4' 7-max Seat #5 is the button
Seat 5: bb84fd6e ($165.42 in chips)
Seat 2: 252578ae ($788 in chips)
Seat 1: Hero ($967.98 in chips)
Seat 4: 2f771433 ($798 in chips)
Seat 6: a39a6670 ($661.88 in chips)
Seat 7: 987e241c ($671.84 in chips)
a39a6670: posts small blind $2
987e241c: posts big blind $4
*** HOLE CARDS ***
Dealt to bb84fd6e 
Dealt to 252578ae 
Dealt to Hero [Qh Tc]
Dealt to 2f771433 
Dealt to a39a6670 
Dealt to 987e241c 
Hero: folds
252578ae: folds
2f771433: raises $6 to $10
bb84fd6e: folds
a39a6670: calls $8
987e241c: calls $6
*** FLOP *** [6c 7c Ah]
a39a6670: checks
987e241c: checks
2f771433: bets $10
a39a6670: folds
987e241c: calls $10
*** TURN *** [6c 7c Ah] [9d]
987e241c: checks
2f771433: checks
*** RIVER *** [6c 7c Ah 9d] [2s]
987e241c: checks
2f771433: checks
2f771433: shows [9h 8h]
987e241c: shows [8c Kc]
*** SHOWDOWN ***
2f771433 collected $50 from pot
*** SUMMARY ***
Total pot $50
Board [6c 7c Ah 9d 2s]
Seat 5: bb84fd6e folded before Flop (didn't bet)
Seat 2: 252578ae folded before Flop (didn't bet)
Seat 1: Hero folded before Flop (didn't bet)
Seat 4: 2f771433 showed [9h 8h] and won ($50) with Pair of Nines
Seat 6: a39a6670(small blind) folded on the Flop
Seat 7: 987e241c(big blind) showed [8c Kc] and lost with Ace-High



Poker Hand #ring_988815479: NLH No Limit ($2/$4) - 2025/07/13 12:45:59
Table 'MR NLH BOMBPOT 2/4' 7-max Seat #4 is the button
Seat 5: bb84fd6e ($167.42 in chips)
Seat 2: 252578ae ($800 in chips)
Seat 1: Hero ($979.98 in chips)
Seat 4: 2f771433 ($798 in chips)
Seat 6: a39a6670 ($733.88 in chips)
Seat 7: 987e241c ($573.84 in chips)
bb84fd6e: posts small blind $2
a39a6670: posts big blind $4
252578ae: posts big blind $4
*** HOLE CARDS ***
Dealt to bb84fd6e 
Dealt to 252578ae 
Dealt to Hero [Qd Jd]
Dealt to 2f771433 
Dealt to a39a6670 
Dealt to 987e241c 
987e241c: raises $8 to $12
Hero: calls $12
252578ae: calls $8
2f771433: folds
bb84fd6e: folds
a39a6670: raises $60 to $72
987e241c: raises $170 to $242
Hero: folds
252578ae: folds
a39a6670: folds
Uncalled bet ($170) returned to 987e241c
*** SHOWDOWN ***
987e241c collected $170 from pot
*** SUMMARY ***
Total pot $170
Seat 5: bb84fd6e(small blind) folded before Flop
Seat 2: 252578ae folded before Flop
Seat 1: Hero folded before Flop
Seat 4: 2f771433 folded before Flop (didn't bet)
Seat 6: a39a6670(big blind) folded before Flop
Seat 7: 987e241cwon ($170)



Poker Hand #ring_988815100: NLH No Limit ($2/$4) - 2025/07/13 12:45:34
Table 'MR NLH BOMBPOT 2/4' 7-max Seat #3 is the button
Seat 5: bb84fd6e ($171.42 in chips)
Seat 3: 43451143 ($199.92 in chips)
Seat 1: Hero ($979.98 in chips)
Seat 4: 2f771433 ($800 in chips)
Seat 6: a39a6670 ($733.88 in chips)
Seat 7: 987e241c ($573.84 in chips)
2f771433: posts small blind $2
bb84fd6e: posts big blind $4
*** HOLE CARDS ***
Dealt to bb84fd6e 
Dealt to 43451143 
Dealt to Hero [Ad 5s]
Dealt to 2f771433 
Dealt to a39a6670 
Dealt to 987e241c 
a39a6670: folds
987e241c: folds
Hero: folds
43451143: raises $8 to $12
2f771433: folds
bb84fd6e: folds
Uncalled bet ($8) returned to 43451143
*** SHOWDOWN ***
43451143 collected $10 from pot
*** SUMMARY ***
Total pot $10
Seat 5: bb84fd6e(big blind) folded before Flop
Seat 3: 43451143won ($10)
Seat 1: Hero folded before Flop (didn't bet)
Seat 4: 2f771433(small blind) folded before Flop
Seat 6: a39a6670 folded before Flop (didn't bet)
Seat 7: 987e241c folded before Flop (didn't bet)



Poker Hand #ring_988814171: NLH No Limit ($2/$4) - 2025/07/13 12:44:33
Table 'MR NLH BOMBPOT 2/4' 7-max Seat #1 is the button
Seat 5: bb84fd6e ($171.42 in chips)
Seat 3: 43451143 ($695.52 in chips)
Seat 1: Hero ($495.6 in chips)
Seat 4: 2f771433 ($800 in chips)
Seat 6: a39a6670 ($765.88 in chips)
Seat 7: 987e241c ($573.84 in chips)
43451143: posts small blind $2
2f771433: posts big blind $4
*** HOLE CARDS ***
Dealt to bb84fd6e 
Dealt to 43451143 
Dealt to Hero [Ac Ad]
Dealt to 2f771433 
Dealt to a39a6670 
Dealt to 987e241c 
bb84fd6e: folds
a39a6670: raises $6 to $10
987e241c: folds
Hero: raises $22 to $32
43451143: calls $30
2f771433: folds
a39a6670: calls $22
*** FLOP *** [2c 6s Jd]
43451143: bets $33
a39a6670: folds
Hero: calls $33
*** TURN *** [2c 6s Jd] [4d]
43451143: bets $83
Hero: calls $83
*** RIVER *** [2c 6s Jd 4d] [8s]
43451143: bets $547.52 and is all-in
Hero: calls $347.6 and is all-in
Uncalled bet ($199.92) returned to 43451143
Hero: shows [Ac Ad]
43451143: shows [Qd Tc]
*** SHOWDOWN ***
Hero collected $1,027.2 from pot
*** SUMMARY ***
Total pot $1,027.2
Board [2c 6s Jd 4d 8s]
Seat 5: bb84fd6e folded before Flop (didn't bet)
Seat 3: 43451143(small blind) showed [Qd Tc] and lost with Queen-High
Seat 1: Hero showed [Ac Ad] and won ($1,027.2) with Pair of Aces
Seat 4: 2f771433(big blind) folded before Flop
Seat 6: a39a6670 folded on the Flop
Seat 7: 987e241c folded before Flop (didn't bet)



Poker Hand #ring_988813812: NLH No Limit ($2/$4) - 2025/07/13 12:44:09
Table 'MR NLH BOMBPOT 2/4' 7-max Seat #7 is the button
Seat 5: bb84fd6e ($191.42 in chips)
Seat 3: 43451143 ($715.52 in chips)
Seat 1: Hero ($402 in chips)
Seat 4: 2f771433 ($800 in chips)
Seat 6: a39a6670 ($785.88 in chips)
Seat 7: 987e241c ($593.84 in chips)
Hero: posts the ante $20
43451143: posts the ante $20
2f771433: posts the ante $20
bb84fd6e: posts the ante $20
a39a6670: posts the ante $20
987e241c: posts the ante $20
*** HOLE CARDS ***
Dealt to bb84fd6e 
Dealt to 43451143 
Dealt to Hero [2s 8c]
Dealt to 2f771433 
Dealt to a39a6670 
Dealt to 987e241c 
*** FLOP *** [Jd 2h Jh]
Hero: bets $60
43451143: folds
2f771433: folds
bb84fd6e: folds
a39a6670: folds
987e241c: folds
Uncalled bet ($60) returned to Hero
*** SHOWDOWN ***
Hero collected $120 from pot
*** SUMMARY ***
Total pot $120
Board [Jd 2h Jh]
Seat 5: bb84fd6e folded on the Flop
Seat 3: 43451143(big blind) folded on the Flop
Seat 1: Hero(small blind)won ($120) with Pair of Jacks and Pair of Twos
Seat 4: 2f771433 folded on the Flop
Seat 6: a39a6670 folded on the Flop
Seat 7: 987e241c folded on the Flop



Poker Hand #ring_988813576: NLH No Limit ($2/$4) - 2025/07/13 12:43:53
Table 'MR NLH BOMBPOT 2/4' 7-max Seat #6 is the button
Seat 5: bb84fd6e ($191.42 in chips)
Seat 3: 43451143 ($715.52 in chips)
Seat 1: Hero ($400 in chips)
Seat 4: 2f771433 ($800 in chips)
Seat 6: a39a6670 ($785.88 in chips)
Seat 7: 987e241c ($595.84 in chips)
987e241c: posts small blind $2
Hero: posts big blind $4
*** HOLE CARDS ***
Dealt to bb84fd6e 
Dealt to 43451143 
Dealt to Hero [Jh 9c]
Dealt to 2f771433 
Dealt to a39a6670 
Dealt to 987e241c 
43451143: folds
2f771433: folds
bb84fd6e: folds
a39a6670: folds
987e241c: folds
*** SHOWDOWN ***
Hero collected $6 from pot
*** SUMMARY ***
Total pot $6
Seat 5: bb84fd6e folded before Flop (didn't bet)
Seat 3: 43451143 folded before Flop (didn't bet)
Seat 1: Hero(big blind)won ($6)
Seat 4: 2f771433 folded before Flop (didn't bet)
Seat 6: a39a6670 folded before Flop (didn't bet)
Seat 7: 987e241c(small blind) folded before Flop



