Poker Hand #ring_965007633: NLH No Limit ($2/$4) - 2025/06/30 23:12:45
Table 'MR NLH 2/4' 7-max Seat #3 is the button
Seat 5: 23336382 ($1,345.87 in chips)
Seat 2: Hero ($249.59 in chips)
Seat 4: cf62befd ($642.74 in chips)
Seat 3: 684a3eb2 ($181.5 in chips)
cf62befd: posts small blind $2
23336382: posts big blind $4
*** HOLE CARDS ***
Dealt to 23336382 
Dealt to Hero [4s Td]
Dealt to cf62befd 
Dealt to 684a3eb2 
Hero: folds
684a3eb2: folds
cf62befd: raises $8 to $12
23336382: calls $8
*** FLOP *** [3s 2s 8c]
cf62befd: checks
23336382: checks
*** TURN *** [3s 2s 8c] [9c]
cf62befd: bets $12
23336382: folds
Uncalled bet ($12) returned to cf62befd
*** SHOWDOWN ***
cf62befd collected $24 from pot
*** SUMMARY ***
Total pot $24
Board [3s 2s 8c 9c]
Seat 5: 23336382(big blind) folded on the Turn
Seat 2: Hero folded before Flop (didn't bet)
Seat 4: cf62befd(small blind)won ($24) with Ace-High
Seat 3: 684a3eb2 folded before Flop (didn't bet)



Poker Hand #ring_965006563: NLH No Limit ($2/$4) - 2025/06/30 23:12:12
Table 'MR NLH 2/4' 7-max Seat #2 is the button
Seat 5: 23336382 ($1,370.87 in chips)
Seat 2: Hero ($249.59 in chips)
Seat 4: cf62befd ($652.74 in chips)
Seat 3: 684a3eb2 ($150.2 in chips)
684a3eb2: posts small blind $2
cf62befd: posts big blind $4
*** HOLE CARDS ***
Dealt to 23336382 
Dealt to Hero [6h 9d]
Dealt to cf62befd 
Dealt to 684a3eb2 
23336382: raises $6 to $10
Hero: folds
684a3eb2: calls $8
cf62befd: calls $6
*** FLOP *** [8d 8c 6s]
684a3eb2: checks
cf62befd: checks
23336382: bets $15
684a3eb2: raises $30 to $45
cf62befd: folds
23336382: folds
Uncalled bet ($30) returned to 684a3eb2
*** SHOWDOWN ***
684a3eb2 collected $60 from pot
*** SUMMARY ***
Total pot $60
Board [8d 8c 6s]
Seat 5: 23336382 folded on the Flop
Seat 2: Hero folded before Flop (didn't bet)
Seat 4: cf62befd(big blind) folded on the Flop
Seat 3: 684a3eb2(small blind)won ($60) with Pair of Eights



Poker Hand #ring_965006017: NLH No Limit ($2/$4) - 2025/06/30 23:11:55
Table 'MR NLH 2/4' 7-max Seat #5 is the button
Seat 5: 23336382 ($1,370.87 in chips)
Seat 2: Hero ($251.59 in chips)
Seat 4: cf62befd ($652.74 in chips)
Seat 3: 684a3eb2 ($148.2 in chips)
Hero: posts small blind $2
684a3eb2: posts big blind $4
*** HOLE CARDS ***
Dealt to 23336382 
Dealt to Hero [Jd 6c]
Dealt to cf62befd 
Dealt to 684a3eb2 
cf62befd: folds
23336382: folds
Hero: folds
*** SHOWDOWN ***
684a3eb2 collected $6 from pot
*** SUMMARY ***
Total pot $6
Seat 5: 23336382 folded before Flop (didn't bet)
Seat 2: Hero(small blind) folded before Flop
Seat 4: cf62befd folded before Flop (didn't bet)
Seat 3: 684a3eb2(big blind)won ($6)



Poker Hand #ring_965005135: NLH No Limit ($2/$4) - 2025/06/30 23:11:27
Table 'MR NLH 2/4' 7-max Seat #4 is the button
Seat 5: 23336382 ($1,372.87 in chips)
Seat 2: Hero ($246.04 in chips)
Seat 4: cf62befd ($656.74 in chips)
Seat 3: 684a3eb2 ($148.2 in chips)
23336382: posts small blind $2
Hero: posts big blind $4
*** HOLE CARDS ***
Dealt to 23336382 
Dealt to Hero [7c As]
Dealt to cf62befd 
Dealt to 684a3eb2 
684a3eb2: folds
cf62befd: calls $4
23336382: folds
Hero: checks
*** FLOP *** [6h 8s 4s]
Hero: checks
cf62befd: checks
*** TURN *** [6h 8s 4s] [6d]
Hero: checks
cf62befd: checks
*** RIVER *** [6h 8s 4s 6d] [8h]
Hero: checks
cf62befd: checks
Hero: shows [7c As]
cf62befd: shows [Qc Ks]
*** SHOWDOWN ***
Hero collected $10 from pot
*** SUMMARY ***
Total pot $10
Board [6h 8s 4s 6d 8h]
Seat 5: 23336382(small blind) folded before Flop
Seat 2: Hero(big blind) showed [7c As] and won ($10) with Pair of Eights and Pair of Sixes
Seat 4: cf62befd showed [Qc Ks] and lost with Pair of Eights and Pair of Sixes
Seat 3: 684a3eb2 folded before Flop (didn't bet)



Poker Hand #ring_965004163: NLH No Limit ($2/$4) - 2025/06/30 23:10:56
Table 'MR NLH 2/4' 7-max Seat #3 is the button
Seat 5: 23336382 ($1,420.87 in chips)
Seat 2: Hero ($246.04 in chips)
Seat 4: cf62befd ($614.06 in chips)
Seat 3: 684a3eb2 ($148.2 in chips)
cf62befd: posts small blind $2
23336382: posts big blind $4
*** HOLE CARDS ***
Dealt to 23336382 
Dealt to Hero [Kh 4h]
Dealt to cf62befd 
Dealt to 684a3eb2 
Hero: folds
684a3eb2: folds
cf62befd: calls $2
23336382: raises $12 to $16
cf62befd: raises $32 to $48
23336382: calls $32
*** FLOP *** [4c 9h 7c]
cf62befd: bets $58
23336382: folds
Uncalled bet ($58) returned to cf62befd
*** SHOWDOWN ***
cf62befd collected $96 from pot
*** SUMMARY ***
Total pot $96
Board [4c 9h 7c]
Seat 5: 23336382(big blind) folded on the Flop
Seat 2: Hero folded before Flop (didn't bet)
Seat 4: cf62befd(small blind)won ($96) with Ace-High
Seat 3: 684a3eb2 folded before Flop (didn't bet)



Poker Hand #ring_965002793: NLH No Limit ($2/$4) - 2025/06/30 23:10:13
Table 'MR NLH 2/4' 7-max Seat #2 is the button
Seat 5: 23336382 ($1,420.87 in chips)
Seat 2: Hero ($246.04 in chips)
Seat 4: cf62befd ($540 in chips)
Seat 3: 684a3eb2 ($230.68 in chips)
684a3eb2: posts small blind $2
cf62befd: posts big blind $4
*** HOLE CARDS ***
Dealt to 23336382 
Dealt to Hero [8c Ts]
Dealt to cf62befd 
Dealt to 684a3eb2 
23336382: folds
Hero: folds
684a3eb2: raises $8 to $12
cf62befd: raises $24 to $36
684a3eb2: calls $24
*** FLOP *** [3h Qd 7s]
684a3eb2: checks
cf62befd: bets $46.48
684a3eb2: calls $46.48
*** TURN *** [3h Qd 7s] [Jd]
684a3eb2: checks
cf62befd: checks
*** RIVER *** [3h Qd 7s Jd] [6h]
684a3eb2: checks
cf62befd: checks
684a3eb2: shows [3c 2s]
cf62befd: shows [9h 9c]
*** SHOWDOWN ***
cf62befd collected $164.96 from pot
*** SUMMARY ***
Total pot $164.96
Board [3h Qd 7s Jd 6h]
Seat 5: 23336382 folded before Flop (didn't bet)
Seat 2: Hero folded before Flop (didn't bet)
Seat 4: cf62befd(big blind) showed [9h 9c] and won ($164.96) with Pair of Nines
Seat 3: 684a3eb2(small blind) showed [3c 2s] and lost with Pair of Treys



Poker Hand #ring_965001748: NLH No Limit ($2/$4) - 2025/06/30 23:09:38
Table 'MR NLH 2/4' 7-max Seat #5 is the button
Seat 5: 23336382 ($1,420.87 in chips)
Seat 2: Hero ($270.04 in chips)
Seat 3: 684a3eb2 ($208.84 in chips)
Hero: posts small blind $2
684a3eb2: posts big blind $4
*** HOLE CARDS ***
Dealt to 23336382 
Dealt to Hero [8d Jd]
Dealt to 684a3eb2 
23336382: folds
Hero: raises $6 to $10
684a3eb2: calls $6
*** FLOP *** [Ks 9h 4c]
Hero: bets $10
684a3eb2: calls $10
*** TURN *** [Ks 9h 4c] [8h]
Hero: checks
684a3eb2: checks
*** RIVER *** [Ks 9h 4c 8h] [4h]
Hero: bets $4
684a3eb2: calls $4
Hero: shows [8d Jd]
684a3eb2: shows [6c 9s]
*** SHOWDOWN ***
684a3eb2 collected $48 from pot
*** SUMMARY ***
Total pot $48
Board [Ks 9h 4c 8h 4h]
Seat 5: 23336382 folded before Flop (didn't bet)
Seat 2: Hero(small blind) showed [8d Jd] and lost with Pair of Eights and Pair of Fours
Seat 3: 684a3eb2(big blind) showed [6c 9s] and won ($48) with Pair of Nines and Pair of Fours



Poker Hand #ring_965001330: NLH No Limit ($2/$4) - 2025/06/30 23:09:25
Table 'MR NLH 2/4' 7-max Seat #3 is the button
Seat 5: 23336382 ($1,422.87 in chips)
Seat 2: Hero ($268.04 in chips)
Seat 3: 684a3eb2 ($208.84 in chips)
23336382: posts small blind $2
Hero: posts big blind $4
*** HOLE CARDS ***
Dealt to 23336382 
Dealt to Hero [4h 4d]
Dealt to 684a3eb2 
684a3eb2: folds
23336382: folds
*** SHOWDOWN ***
Hero collected $6 from pot
*** SUMMARY ***
Total pot $6
Seat 5: 23336382(small blind) folded before Flop
Seat 2: Hero(big blind)won ($6)
Seat 3: 684a3eb2 folded before Flop (didn't bet)



Poker Hand #ring_965000373: NLH No Limit ($2/$4) - 2025/06/30 23:08:55
Table 'MR NLH 2/4' 7-max Seat #2 is the button
Seat 5: 23336382 ($1,434.87 in chips)
Seat 2: Hero ($268.04 in chips)
Seat 3: 684a3eb2 ($197.92 in chips)
684a3eb2: posts small blind $2
23336382: posts big blind $4
*** HOLE CARDS ***
Dealt to 23336382 
Dealt to Hero [2h 4d]
Dealt to 684a3eb2 
Hero: folds
684a3eb2: raises $8 to $12
23336382: calls $8
*** FLOP *** [7c 4s Tc]
684a3eb2: checks
23336382: checks
*** TURN *** [7c 4s Tc] [4c]
684a3eb2: bets $12
23336382: folds
Uncalled bet ($12) returned to 684a3eb2
*** SHOWDOWN ***
684a3eb2 collected $24 from pot
*** SUMMARY ***
Total pot $24
Board [7c 4s Tc 4c]
Seat 5: 23336382(big blind) folded on the Turn
Seat 2: Hero folded before Flop (didn't bet)
Seat 3: 684a3eb2(small blind)won ($24) with Pair of Fours



Poker Hand #ring_964999494: NLH No Limit ($2/$4) - 2025/06/30 23:08:26
Table 'MR NLH 2/4' 7-max Seat #5 is the button
Seat 5: 23336382 ($1,444.87 in chips)
Seat 2: Hero ($270.04 in chips)
Seat 3: 684a3eb2 ($186.91 in chips)
Hero: posts small blind $2
684a3eb2: posts big blind $4
*** HOLE CARDS ***
Dealt to 23336382 
Dealt to Hero [6c Ts]
Dealt to 684a3eb2 
23336382: raises $6 to $10
Hero: folds
684a3eb2: calls $6
*** FLOP *** [Js 8h 9h]
684a3eb2: bets $11
23336382: folds
Uncalled bet ($11) returned to 684a3eb2
*** SHOWDOWN ***
684a3eb2 collected $22 from pot
*** SUMMARY ***
Total pot $22
Board [Js 8h 9h]
Seat 5: 23336382 folded on the Flop
Seat 2: Hero(small blind) folded before Flop
Seat 3: 684a3eb2(big blind)won ($22) with Pair of Nines



Poker Hand #ring_964999101: NLH No Limit ($2/$4) - 2025/06/30 23:08:13
Table 'MR NLH 2/4' 7-max Seat #3 is the button
Seat 5: 23336382 ($1,446.87 in chips)
Seat 2: Hero ($268.04 in chips)
Seat 3: 684a3eb2 ($186.91 in chips)
23336382: posts small blind $2
Hero: posts big blind $4
*** HOLE CARDS ***
Dealt to 23336382 
Dealt to Hero [8h 7c]
Dealt to 684a3eb2 
684a3eb2: folds
23336382: folds
*** SHOWDOWN ***
Hero collected $6 from pot
*** SUMMARY ***
Total pot $6
Seat 5: 23336382(small blind) folded before Flop
Seat 2: Hero(big blind)won ($6)
Seat 3: 684a3eb2 folded before Flop (didn't bet)



Poker Hand #ring_964997628: NLH No Limit ($2/$4) - 2025/06/30 23:07:26
Table 'MR NLH 2/4' 7-max Seat #2 is the button
Seat 5: 23336382 ($1,424.49 in chips)
Seat 2: Hero ($280.04 in chips)
Seat 3: 684a3eb2 ($198.91 in chips)
684a3eb2: posts small blind $2
23336382: posts big blind $4
*** HOLE CARDS ***
Dealt to 23336382 
Dealt to Hero [Th Qh]
Dealt to 684a3eb2 
Hero: raises $8 to $12
684a3eb2: calls $10
23336382: calls $8
*** FLOP *** [5h 7s As]
684a3eb2: checks
23336382: checks
Hero: checks
*** TURN *** [5h 7s As] [7h]
684a3eb2: checks
23336382: bets $48
Hero: folds
684a3eb2: folds
Uncalled bet ($48) returned to 23336382
*** SHOWDOWN ***
23336382 collected $36 from pot
*** SUMMARY ***
Total pot $36
Board [5h 7s As 7h]
Seat 5: 23336382(big blind)won ($36) with Three Sevens
Seat 2: Hero folded on the Turn
Seat 3: 684a3eb2(small blind) folded on the Turn



Poker Hand #ring_964996920: NLH No Limit ($2/$4) - 2025/06/30 23:07:04
Table 'MR NLH 2/4' 7-max Seat #5 is the button
Seat 5: 23336382 ($1,424.49 in chips)
Seat 2: Hero ($270.94 in chips)
Seat 3: 684a3eb2 ($208.91 in chips)
Hero: posts small blind $2
684a3eb2: posts big blind $4
*** HOLE CARDS ***
Dealt to 23336382 
Dealt to Hero [Kd 2h]
Dealt to 684a3eb2 
23336382: folds
Hero: raises $6 to $10
684a3eb2: calls $6
*** FLOP *** [Qd Ad 2d]
Hero: bets $10
684a3eb2: folds
Uncalled bet ($10) returned to Hero
*** SHOWDOWN ***
Hero collected $20 from pot
*** SUMMARY ***
Total pot $20
Board [Qd Ad 2d]
Seat 5: 23336382 folded before Flop (didn't bet)
Seat 2: Hero(small blind)won ($20) with Pair of Twos
Seat 3: 684a3eb2(big blind) folded on the Flop



Poker Hand #ring_964995679: NLH No Limit ($2/$4) - 2025/06/30 23:06:24
Table 'MR NLH 2/4' 7-max Seat #5 is the button
Seat 5: 23336382 ($1,416.49 in chips)
Seat 2: Hero ($274.94 in chips)
Seat 3: 684a3eb2 ($212.91 in chips)
23336382: posts small blind $2
Hero: posts big blind $4
684a3eb2: posts big blind $4
*** HOLE CARDS ***
Dealt to 23336382 
Dealt to Hero [Ad 4c]
Dealt to 684a3eb2 
684a3eb2: checks
23336382: raises $16 to $20
Hero: folds
684a3eb2: folds
Uncalled bet ($16) returned to 23336382
*** SHOWDOWN ***
23336382 collected $12 from pot
*** SUMMARY ***
Total pot $12
Seat 5: 23336382(small blind)won ($12)
Seat 2: Hero(big blind) folded before Flop
Seat 3: 684a3eb2 folded before Flop



Poker Hand #ring_964995026: NLH No Limit ($2/$4) - 2025/06/30 23:06:03
Table 'MR NLH 2/4' 7-max Seat #2 is the button
Seat 5: 23336382 ($1,406.94 in chips)
Seat 2: Hero ($284.94 in chips)
Hero: posts small blind $2
23336382: posts big blind $4
*** HOLE CARDS ***
Dealt to 23336382 
Dealt to Hero [5c Ks]
Hero: raises $6 to $10
23336382: calls $6
*** FLOP *** [2h 8h 8s]
23336382: bets $10
Hero: folds
Uncalled bet ($10) returned to 23336382
*** SHOWDOWN ***
23336382 collected $20 from pot
*** SUMMARY ***
Total pot $20
Board [2h 8h 8s]
Seat 5: 23336382(big blind)won ($20) with Pair of Eights
Seat 2: Hero(small blind) folded on the Flop



Poker Hand #ring_964994668: NLH No Limit ($2/$4) - 2025/06/30 23:05:52
Table 'MR NLH 2/4' 7-max Seat #5 is the button
Seat 5: 23336382 ($1,408.94 in chips)
Seat 2: Hero ($282.94 in chips)
23336382: posts small blind $2
Hero: posts big blind $4
*** HOLE CARDS ***
Dealt to 23336382 
Dealt to Hero [Qc 8c]
23336382: folds
*** SHOWDOWN ***
Hero collected $6 from pot
*** SUMMARY ***
Total pot $6
Seat 5: 23336382(small blind) folded before Flop
Seat 2: Hero(big blind)won ($6)



Poker Hand #ring_964994234: NLH No Limit ($2/$4) - 2025/06/30 23:05:39
Table 'MR NLH 2/4' 7-max Seat #2 is the button
Seat 5: 23336382 ($1,412.94 in chips)
Seat 2: Hero ($278.94 in chips)
Hero: posts small blind $2
23336382: posts big blind $4
*** HOLE CARDS ***
Dealt to 23336382 
Dealt to Hero [Tc Td]
Hero: raises $6 to $10
23336382: folds
Uncalled bet ($6) returned to Hero
*** SHOWDOWN ***
Hero collected $8 from pot
*** SUMMARY ***
Total pot $8
Seat 5: 23336382(big blind) folded before Flop
Seat 2: Hero(small blind)won ($8)



Poker Hand #ring_964993951: NLH No Limit ($2/$4) - 2025/06/30 23:05:29
Table 'MR NLH 2/4' 7-max Seat #5 is the button
Seat 5: 23336382 ($1,414.94 in chips)
Seat 2: Hero ($276.94 in chips)
23336382: posts small blind $2
Hero: posts big blind $4
*** HOLE CARDS ***
Dealt to 23336382 
Dealt to Hero [4c Jh]
23336382: folds
*** SHOWDOWN ***
Hero collected $6 from pot
*** SUMMARY ***
Total pot $6
Seat 5: 23336382(small blind) folded before Flop
Seat 2: Hero(big blind)won ($6)



Poker Hand #ring_964993407: NLH No Limit ($2/$4) - 2025/06/30 23:05:13
Table 'MR NLH 2/4' 7-max Seat #2 is the button
Seat 5: 23336382 ($1,404.94 in chips)
Seat 2: Hero ($286.94 in chips)
Hero: posts small blind $2
23336382: posts big blind $4
*** HOLE CARDS ***
Dealt to 23336382 
Dealt to Hero [8d 9s]
Hero: raises $6 to $10
23336382: raises $34 to $44
Hero: folds
Uncalled bet ($34) returned to 23336382
*** SHOWDOWN ***
23336382 collected $20 from pot
*** SUMMARY ***
Total pot $20
Seat 5: 23336382(big blind)won ($20)
Seat 2: Hero(small blind) folded before Flop



Poker Hand #ring_964993046: NLH No Limit ($2/$4) - 2025/06/30 23:05:02
Table 'MR NLH 2/4' 7-max Seat #5 is the button
Seat 5: 23336382 ($1,406.94 in chips)
Seat 2: Hero ($284.94 in chips)
23336382: posts small blind $2
Hero: posts big blind $4
*** HOLE CARDS ***
Dealt to 23336382 
Dealt to Hero [2h Jh]
23336382: folds
*** SHOWDOWN ***
Hero collected $6 from pot
*** SUMMARY ***
Total pot $6
Seat 5: 23336382(small blind) folded before Flop
Seat 2: Hero(big blind)won ($6)



Poker Hand #ring_964992365: NLH No Limit ($2/$4) - 2025/06/30 23:04:40
Table 'MR NLH 2/4' 7-max Seat #2 is the button
Seat 5: 23336382 ($1,397.39 in chips)
Seat 2: Hero ($294.94 in chips)
Hero: posts small blind $2
23336382: posts big blind $4
*** HOLE CARDS ***
Dealt to 23336382 
Dealt to Hero [As 3s]
Hero: raises $6 to $10
23336382: calls $6
*** FLOP *** [9c 6s 7h]
23336382: checks
Hero: checks
*** TURN *** [9c 6s 7h] [5d]
23336382: bets $16
Hero: folds
Uncalled bet ($16) returned to 23336382
*** SHOWDOWN ***
23336382 collected $20 from pot
*** SUMMARY ***
Total pot $20
Board [9c 6s 7h 5d]
Seat 5: 23336382(big blind)won ($20) with Nines-High Straight
Seat 2: Hero(small blind) folded on the Turn



Poker Hand #ring_964992041: NLH No Limit ($2/$4) - 2025/06/30 23:04:29
Table 'MR NLH 2/4' 7-max Seat #5 is the button
Seat 5: 23336382 ($1,399.39 in chips)
Seat 2: Hero ($292.94 in chips)
23336382: posts small blind $2
Hero: posts big blind $4
*** HOLE CARDS ***
Dealt to 23336382 
Dealt to Hero [7h 7d]
23336382: folds
*** SHOWDOWN ***
Hero collected $6 from pot
*** SUMMARY ***
Total pot $6
Seat 5: 23336382(small blind) folded before Flop
Seat 2: Hero(big blind)won ($6)



Poker Hand #ring_964991656: NLH No Limit ($2/$4) - 2025/06/30 23:04:17
Table 'MR NLH 2/4' 7-max Seat #2 is the button
Seat 5: 23336382 ($1,397.39 in chips)
Seat 2: Hero ($294.94 in chips)
Hero: posts small blind $2
23336382: posts big blind $4
*** HOLE CARDS ***
Dealt to 23336382 
Dealt to Hero [9h 4h]
Hero: folds
*** SHOWDOWN ***
23336382 collected $6 from pot
*** SUMMARY ***
Total pot $6
Seat 5: 23336382(big blind)won ($6)
Seat 2: Hero(small blind) folded before Flop



Poker Hand #ring_964991304: NLH No Limit ($2/$4) - 2025/06/30 23:04:06
Table 'MR NLH 2/4' 7-max Seat #5 is the button
Seat 5: 23336382 ($1,399.39 in chips)
Seat 2: Hero ($292.94 in chips)
23336382: posts small blind $2
Hero: posts big blind $4
*** HOLE CARDS ***
Dealt to 23336382 
Dealt to Hero [2s Th]
23336382: folds
*** SHOWDOWN ***
Hero collected $6 from pot
*** SUMMARY ***
Total pot $6
Seat 5: 23336382(small blind) folded before Flop
Seat 2: Hero(big blind)won ($6)



Poker Hand #ring_964990954: NLH No Limit ($2/$4) - 2025/06/30 23:03:56
Table 'MR NLH 2/4' 7-max Seat #2 is the button
Seat 5: 23336382 ($1,397.39 in chips)
Seat 2: Hero ($294.94 in chips)
Hero: posts small blind $2
23336382: posts big blind $4
*** HOLE CARDS ***
Dealt to 23336382 
Dealt to Hero [8s 4d]
Hero: folds
*** SHOWDOWN ***
23336382 collected $6 from pot
*** SUMMARY ***
Total pot $6
Seat 5: 23336382(big blind)won ($6)
Seat 2: Hero(small blind) folded before Flop



Poker Hand #ring_964990619: NLH No Limit ($2/$4) - 2025/06/30 23:03:44
Table 'MR NLH 2/4' 7-max Seat #5 is the button
Seat 5: 23336382 ($1,399.39 in chips)
Seat 2: Hero ($292.94 in chips)
23336382: posts small blind $2
Hero: posts big blind $4
*** HOLE CARDS ***
Dealt to 23336382 
Dealt to Hero [7h Kd]
23336382: folds
*** SHOWDOWN ***
Hero collected $6 from pot
*** SUMMARY ***
Total pot $6
Seat 5: 23336382(small blind) folded before Flop
Seat 2: Hero(big blind)won ($6)



Poker Hand #ring_964989454: NLH No Limit ($2/$4) - 2025/06/30 23:03:07
Table 'MR NLH 2/4' 7-max Seat #2 is the button
Seat 5: 23336382 ($1,465.79 in chips)
Seat 2: Hero ($229.52 in chips)
Hero: posts small blind $2
23336382: posts big blind $4
*** HOLE CARDS ***
Dealt to 23336382 
Dealt to Hero [Td Qd]
Hero: raises $6 to $10
23336382: raises $30 to $40
Hero: calls $30
*** FLOP *** [6d Qc Ad]
23336382: bets $26.4
Hero: raises $66.4 to $92.8
23336382: folds
Uncalled bet ($66.4) returned to Hero
*** SHOWDOWN ***
Hero collected $132.8 from pot
*** SUMMARY ***
Total pot $132.8
Board [6d Qc Ad]
Seat 5: 23336382(big blind) folded on the Flop
Seat 2: Hero(small blind)won ($132.8) with Pair of Queens



Poker Hand #ring_964989104: NLH No Limit ($2/$4) - 2025/06/30 23:02:56
Table 'MR NLH 2/4' 7-max Seat #5 is the button
Seat 5: 23336382 ($1,461.79 in chips)
Seat 2: Hero ($233.52 in chips)
23336382: posts small blind $2
Hero: posts big blind $4
*** HOLE CARDS ***
Dealt to 23336382 
Dealt to Hero [6c Qd]
23336382: raises $6 to $10
Hero: folds
Uncalled bet ($6) returned to 23336382
*** SHOWDOWN ***
23336382 collected $8 from pot
*** SUMMARY ***
Total pot $8
Seat 5: 23336382(small blind)won ($8)
Seat 2: Hero(big blind) folded before Flop



Poker Hand #ring_964988466: NLH No Limit ($2/$4) - 2025/06/30 23:02:34
Table 'MR NLH 2/4' 7-max Seat #2 is the button
Seat 5: 23336382 ($1,451.79 in chips)
Seat 2: Hero ($243.52 in chips)
Hero: posts small blind $2
23336382: posts big blind $4
*** HOLE CARDS ***
Dealt to 23336382 
Dealt to Hero [8h 9d]
Hero: raises $6 to $10
23336382: raises $30 to $40
Hero: folds
Uncalled bet ($30) returned to 23336382
*** SHOWDOWN ***
23336382 collected $20 from pot
*** SUMMARY ***
Total pot $20
Seat 5: 23336382(big blind)won ($20)
Seat 2: Hero(small blind) folded before Flop



Poker Hand #ring_964987637: NLH No Limit ($2/$4) - 2025/06/30 23:02:08
Table 'MR NLH 2/4' 7-max Seat #5 is the button
Seat 5: 23336382 ($1,461.79 in chips)
Seat 2: Hero ($233.52 in chips)
23336382: posts small blind $2
Hero: posts big blind $4
*** HOLE CARDS ***
Dealt to 23336382 
Dealt to Hero [9s 9h]
23336382: raises $6 to $10
Hero: raises $23 to $33
23336382: folds
Uncalled bet ($23) returned to Hero
*** SHOWDOWN ***
Hero collected $20 from pot
*** SUMMARY ***
Total pot $20
Seat 5: 23336382(small blind) folded before Flop
Seat 2: Hero(big blind)won ($20)



Poker Hand #ring_964985169: NLH No Limit ($2/$4) - 2025/06/30 23:00:49
Table 'MR NLH 2/4' 7-max Seat #2 is the button
Seat 5: 23336382 ($1,253.98 in chips)
Seat 2: Hero ($451.12 in chips)
Hero: posts small blind $2
23336382: posts big blind $4
*** HOLE CARDS ***
Dealt to 23336382 
Dealt to Hero [4h Kd]
Hero: raises $6 to $10
23336382: calls $6
*** FLOP *** [9c Qc 8s]
23336382: checks
Hero: bets $6
23336382: calls $6
*** TURN *** [9c Qc 8s] [5s]
23336382: checks
Hero: bets $25.6
23336382: calls $25.6
*** RIVER *** [9c Qc 8s 5s] [Jd]
23336382: bets $66.56
Hero: raises $109.44 to $176
23336382: calls $109.44
Hero: shows [4h Kd]
23336382: shows [Td Ah]
*** SHOWDOWN ***
23336382 collected $435.2 from pot
*** SUMMARY ***
Total pot $435.2
Board [9c Qc 8s 5s Jd]
Seat 5: 23336382(big blind) showed [Td Ah] and won ($435.2) with Queens-High Straight
Seat 2: Hero(small blind) showed [4h Kd] and lost with King-High



Poker Hand #ring_964984849: NLH No Limit ($2/$4) - 2025/06/30 23:00:38
Table 'MR NLH 2/4' 7-max Seat #5 is the button
Seat 5: 23336382 ($1,255.98 in chips)
Seat 2: Hero ($449.12 in chips)
23336382: posts small blind $2
Hero: posts big blind $4
*** HOLE CARDS ***
Dealt to 23336382 
Dealt to Hero [9d Qh]
23336382: folds
*** SHOWDOWN ***
Hero collected $6 from pot
*** SUMMARY ***
Total pot $6
Seat 5: 23336382(small blind) folded before Flop
Seat 2: Hero(big blind)won ($6)



Poker Hand #ring_964984554: NLH No Limit ($2/$4) - 2025/06/30 23:00:28
Table 'MR NLH 2/4' 7-max Seat #2 is the button
Seat 5: 23336382 ($1,253.98 in chips)
Seat 2: Hero ($451.12 in chips)
Hero: posts small blind $2
23336382: posts big blind $4
*** HOLE CARDS ***
Dealt to 23336382 
Dealt to Hero [Jd 5s]
Hero: folds
*** SHOWDOWN ***
23336382 collected $6 from pot
*** SUMMARY ***
Total pot $6
Seat 5: 23336382(big blind)won ($6)
Seat 2: Hero(small blind) folded before Flop



Poker Hand #ring_964984158: NLH No Limit ($2/$4) - 2025/06/30 23:00:16
Table 'MR NLH 2/4' 7-max Seat #5 is the button
Seat 5: 23336382 ($1,249.98 in chips)
Seat 2: Hero ($455.12 in chips)
23336382: posts small blind $2
Hero: posts big blind $4
*** HOLE CARDS ***
Dealt to 23336382 
Dealt to Hero [8h 3c]
23336382: raises $6 to $10
Hero: folds
Uncalled bet ($6) returned to 23336382
*** SHOWDOWN ***
23336382 collected $8 from pot
*** SUMMARY ***
Total pot $8
Seat 5: 23336382(small blind)won ($8)
Seat 2: Hero(big blind) folded before Flop



Poker Hand #ring_964983190: NLH No Limit ($2/$4) - 2025/06/30 22:59:45
Table 'MR NLH 2/4' 7-max Seat #2 is the button
Seat 5: 23336382 ($1,230.88 in chips)
Seat 2: Hero ($475.12 in chips)
Hero: posts small blind $2
23336382: posts big blind $4
*** HOLE CARDS ***
Dealt to 23336382 
Dealt to Hero [8c Kc]
Hero: raises $6 to $10
23336382: calls $6
*** FLOP *** [Ad 3s 4c]
23336382: checks
Hero: checks
*** TURN *** [Ad 3s 4c] [4h]
23336382: bets $10
Hero: calls $10
*** RIVER *** [Ad 3s 4c 4h] [Th]
23336382: bets $26.4
Hero: folds
Uncalled bet ($26.4) returned to 23336382
*** SHOWDOWN ***
23336382 collected $40 from pot
*** SUMMARY ***
Total pot $40
Board [Ad 3s 4c 4h Th]
Seat 5: 23336382(big blind)won ($40) with Pair of Aces and Pair of Fours
Seat 2: Hero(small blind) folded on the River



Poker Hand #ring_964982624: NLH No Limit ($2/$4) - 2025/06/30 22:59:27
Table 'MR NLH 2/4' 7-max Seat #5 is the button
Seat 5: 23336382 ($1,240.88 in chips)
Seat 2: Hero ($465.12 in chips)
23336382: posts small blind $2
Hero: posts big blind $4
*** HOLE CARDS ***
Dealt to 23336382 
Dealt to Hero [Kd Ah]
23336382: raises $6 to $10
Hero: raises $22 to $32
23336382: folds
Uncalled bet ($22) returned to Hero
*** SHOWDOWN ***
Hero collected $20 from pot
*** SUMMARY ***
Total pot $20
Seat 5: 23336382(small blind) folded before Flop
Seat 2: Hero(big blind)won ($20)



Poker Hand #ring_964982244: NLH No Limit ($2/$4) - 2025/06/30 22:59:14
Table 'MR NLH 2/4' 7-max Seat #2 is the button
Seat 5: 23336382 ($1,244.88 in chips)
Seat 2: Hero ($461.12 in chips)
Hero: posts small blind $2
23336382: posts big blind $4
*** HOLE CARDS ***
Dealt to 23336382 
Dealt to Hero [5s 9s]
Hero: raises $6 to $10
23336382: folds
Uncalled bet ($6) returned to Hero
*** SHOWDOWN ***
Hero collected $8 from pot
*** SUMMARY ***
Total pot $8
Seat 5: 23336382(big blind) folded before Flop
Seat 2: Hero(small blind)won ($8)



Poker Hand #ring_964981916: NLH No Limit ($2/$4) - 2025/06/30 22:59:04
Table 'MR NLH 2/4' 7-max Seat #5 is the button
Seat 5: 23336382 ($1,246.88 in chips)
Seat 2: Hero ($459.12 in chips)
23336382: posts small blind $2
Hero: posts big blind $4
*** HOLE CARDS ***
Dealt to 23336382 
Dealt to Hero [5s 2d]
23336382: folds
*** SHOWDOWN ***
Hero collected $6 from pot
*** SUMMARY ***
Total pot $6
Seat 5: 23336382(small blind) folded before Flop
Seat 2: Hero(big blind)won ($6)



Poker Hand #ring_964981036: NLH No Limit ($2/$4) - 2025/06/30 22:58:37
Table 'MR NLH 2/4' 7-max Seat #2 is the button
Seat 5: 23336382 ($1,254.88 in chips)
Seat 2: Hero ($451.48 in chips)
Hero: posts small blind $2
23336382: posts big blind $4
*** HOLE CARDS ***
Dealt to 23336382 
Dealt to Hero [9c 6c]
Hero: raises $4 to $8
23336382: calls $4
*** FLOP *** [As 7h Jc]
23336382: checks
Hero: checks
*** TURN *** [As 7h Jc] [Jh]
23336382: checks
Hero: bets $8
23336382: folds
Uncalled bet ($8) returned to Hero
*** SHOWDOWN ***
Hero collected $16 from pot
*** SUMMARY ***
Total pot $16
Board [As 7h Jc Jh]
Seat 5: 23336382(big blind) folded on the Turn
Seat 2: Hero(small blind)won ($16) with Pair of Jacks



Poker Hand #ring_964980668: NLH No Limit ($2/$4) - 2025/06/30 22:58:25
Table 'MR NLH 2/4' 7-max Seat #5 is the button
Seat 5: 23336382 ($1,250.88 in chips)
Seat 2: Hero ($455.48 in chips)
23336382: posts small blind $2
Hero: posts big blind $4
*** HOLE CARDS ***
Dealt to 23336382 
Dealt to Hero [8c 2d]
23336382: raises $6 to $10
Hero: folds
Uncalled bet ($6) returned to 23336382
*** SHOWDOWN ***
23336382 collected $8 from pot
*** SUMMARY ***
Total pot $8
Seat 5: 23336382(small blind)won ($8)
Seat 2: Hero(big blind) folded before Flop



Poker Hand #ring_964980354: NLH No Limit ($2/$4) - 2025/06/30 22:58:15
Table 'MR NLH 2/4' 7-max Seat #2 is the button
Seat 5: 23336382 ($1,248.88 in chips)
Seat 2: Hero ($457.48 in chips)
Hero: posts small blind $2
23336382: posts big blind $4
*** HOLE CARDS ***
Dealt to 23336382 
Dealt to Hero [2s 8h]
Hero: folds
*** SHOWDOWN ***
23336382 collected $6 from pot
*** SUMMARY ***
Total pot $6
Seat 5: 23336382(big blind)won ($6)
Seat 2: Hero(small blind) folded before Flop



Poker Hand #ring_964980014: NLH No Limit ($2/$4) - 2025/06/30 22:58:05
Table 'MR NLH 2/4' 7-max Seat #5 is the button
Seat 5: 23336382 ($1,250.88 in chips)
Seat 2: Hero ($455.48 in chips)
23336382: posts small blind $2
Hero: posts big blind $4
*** HOLE CARDS ***
Dealt to 23336382 
Dealt to Hero [9s 4h]
23336382: folds
*** SHOWDOWN ***
Hero collected $6 from pot
*** SUMMARY ***
Total pot $6
Seat 5: 23336382(small blind) folded before Flop
Seat 2: Hero(big blind)won ($6)



Poker Hand #ring_964978720: NLH No Limit ($2/$4) - 2025/06/30 22:57:24
Table 'MR NLH 2/4' 7-max Seat #2 is the button
Seat 5: 23336382 ($1,162.25 in chips)
Seat 2: Hero ($548.28 in chips)
Hero: posts small blind $2
23336382: posts big blind $4
*** HOLE CARDS ***
Dealt to 23336382 
Dealt to Hero [6d 9d]
Hero: raises $6 to $10
23336382: calls $6
*** FLOP *** [2s 4c 5d]
23336382: checks
Hero: bets $10
23336382: calls $10
*** TURN *** [2s 4c 5d] [5h]
23336382: bets $26.4
Hero: calls $26.4
*** RIVER *** [2s 4c 5d 5h] [Jh]
23336382: checks
Hero: bets $46.4
23336382: calls $46.4
Hero: shows [6d 9d]
23336382: shows [9h 9s]
*** SHOWDOWN ***
23336382 collected $185.6 from pot
*** SUMMARY ***
Total pot $185.6
Board [2s 4c 5d 5h Jh]
Seat 5: 23336382(big blind) showed [9h 9s] and won ($185.6) with Pair of Nines and Pair of Fives
Seat 2: Hero(small blind) showed [6d 9d] and lost with Pair of Fives



Poker Hand #ring_964978371: NLH No Limit ($2/$4) - 2025/06/30 22:57:12
Table 'MR NLH 2/4' 7-max Seat #5 is the button
Seat 5: 23336382 ($1,158.25 in chips)
Seat 2: Hero ($552.28 in chips)
23336382: posts small blind $2
Hero: posts big blind $4
*** HOLE CARDS ***
Dealt to 23336382 
Dealt to Hero [Th 2s]
23336382: raises $6 to $10
Hero: folds
Uncalled bet ($6) returned to 23336382
*** SHOWDOWN ***
23336382 collected $8 from pot
*** SUMMARY ***
Total pot $8
Seat 5: 23336382(small blind)won ($8)
Seat 2: Hero(big blind) folded before Flop



Poker Hand #ring_964977368: NLH No Limit ($2/$4) - 2025/06/30 22:56:41
Table 'MR NLH 2/4' 7-max Seat #2 is the button
Seat 5: 23336382 ($1,181.45 in chips)
Seat 2: Hero ($530.12 in chips)
Hero: posts small blind $2
23336382: posts big blind $4
*** HOLE CARDS ***
Dealt to 23336382 
Dealt to Hero [Ks 3h]
Hero: raises $6 to $10
23336382: calls $6
*** FLOP *** [6c 4h 6s]
23336382: checks
Hero: checks
*** TURN *** [6c 4h 6s] [5c]
23336382: bets $13.2
Hero: calls $13.2
*** RIVER *** [6c 4h 6s 5c] [2c]
23336382: checks
Hero: bets $23.2
23336382: folds
Uncalled bet ($23.2) returned to Hero
*** SHOWDOWN ***
Hero collected $46.4 from pot
*** SUMMARY ***
Total pot $46.4
Board [6c 4h 6s 5c 2c]
Seat 5: 23336382(big blind) folded on the River
Seat 2: Hero(small blind)won ($46.4) with Sixes-High Straight



Poker Hand #ring_964976747: NLH No Limit ($2/$4) - 2025/06/30 22:56:21
Table 'MR NLH 2/4' 7-max Seat #5 is the button
Seat 5: 23336382 ($1,191.45 in chips)
Seat 2: Hero ($520.12 in chips)
23336382: posts small blind $2
Hero: posts big blind $4
*** HOLE CARDS ***
Dealt to 23336382 
Dealt to Hero [Tc Th]
23336382: raises $6 to $10
Hero: raises $26 to $36
23336382: folds
Uncalled bet ($26) returned to Hero
*** SHOWDOWN ***
Hero collected $20 from pot
*** SUMMARY ***
Total pot $20
Seat 5: 23336382(small blind) folded before Flop
Seat 2: Hero(big blind)won ($20)



Poker Hand #ring_964975558: NLH No Limit ($2/$4) - 2025/06/30 22:55:45
Table 'MR NLH 2/4' 7-max Seat #2 is the button
Seat 5: 23336382 ($1,211.45 in chips)
Seat 2: Hero ($501.02 in chips)
Hero: posts small blind $2
23336382: posts big blind $4
*** HOLE CARDS ***
Dealt to 23336382 
Dealt to Hero [Ad Js]
Hero: raises $6 to $10
23336382: calls $6
*** FLOP *** [Ac 8c 6d]
23336382: checks
Hero: checks
*** TURN *** [Ac 8c 6d] [Ts]
23336382: checks
Hero: bets $10
23336382: calls $10
*** RIVER *** [Ac 8c 6d Ts] [7d]
23336382: checks
Hero: bets $12
23336382: folds
Uncalled bet ($12) returned to Hero
*** SHOWDOWN ***
Hero collected $40 from pot
*** SUMMARY ***
Total pot $40
Board [Ac 8c 6d Ts 7d]
Seat 5: 23336382(big blind) folded on the River
Seat 2: Hero(small blind)won ($40) with Pair of Aces



Poker Hand #ring_964975247: NLH No Limit ($2/$4) - 2025/06/30 22:55:34
Table 'MR NLH 2/4' 7-max Seat #5 is the button
Seat 5: 23336382 ($1,213.45 in chips)
Seat 2: Hero ($499.02 in chips)
23336382: posts small blind $2
Hero: posts big blind $4
*** HOLE CARDS ***
Dealt to 23336382 
Dealt to Hero [Js 8s]
23336382: folds
*** SHOWDOWN ***
Hero collected $6 from pot
*** SUMMARY ***
Total pot $6
Seat 5: 23336382(small blind) folded before Flop
Seat 2: Hero(big blind)won ($6)



Poker Hand #ring_964974897: NLH No Limit ($2/$4) - 2025/06/30 22:55:23
Table 'MR NLH 2/4' 7-max Seat #2 is the button
Seat 5: 23336382 ($1,211.45 in chips)
Seat 2: Hero ($501.02 in chips)
Hero: posts small blind $2
23336382: posts big blind $4
*** HOLE CARDS ***
Dealt to 23336382 
Dealt to Hero [Tc 2c]
Hero: folds
*** SHOWDOWN ***
23336382 collected $6 from pot
*** SUMMARY ***
Total pot $6
Seat 5: 23336382(big blind)won ($6)
Seat 2: Hero(small blind) folded before Flop



Poker Hand #ring_964974493: NLH No Limit ($2/$4) - 2025/06/30 22:55:10
Table 'MR NLH 2/4' 7-max Seat #5 is the button
Seat 5: 23336382 ($1,207.45 in chips)
Seat 2: Hero ($505.02 in chips)
23336382: posts small blind $2
Hero: posts big blind $4
*** HOLE CARDS ***
Dealt to 23336382 
Dealt to Hero [7s 4d]
23336382: raises $6 to $10
Hero: folds
Uncalled bet ($6) returned to 23336382
*** SHOWDOWN ***
23336382 collected $8 from pot
*** SUMMARY ***
Total pot $8
Seat 5: 23336382(small blind)won ($8)
Seat 2: Hero(big blind) folded before Flop



Poker Hand #ring_964974190: NLH No Limit ($2/$4) - 2025/06/30 22:55:00
Table 'MR NLH 2/4' 7-max Seat #2 is the button
Seat 5: 23336382 ($1,205.45 in chips)
Seat 2: Hero ($507.02 in chips)
Hero: posts small blind $2
23336382: posts big blind $4
*** HOLE CARDS ***
Dealt to 23336382 
Dealt to Hero [3c 7d]
Hero: folds
*** SHOWDOWN ***
23336382 collected $6 from pot
*** SUMMARY ***
Total pot $6
Seat 5: 23336382(big blind)won ($6)
Seat 2: Hero(small blind) folded before Flop



Poker Hand #ring_964973856: NLH No Limit ($2/$4) - 2025/06/30 22:54:49
Table 'MR NLH 2/4' 7-max Seat #5 is the button
Seat 5: 23336382 ($1,201.45 in chips)
Seat 2: Hero ($511.02 in chips)
23336382: posts small blind $2
Hero: posts big blind $4
*** HOLE CARDS ***
Dealt to 23336382 
Dealt to Hero [9s 2c]
23336382: raises $6 to $10
Hero: folds
Uncalled bet ($6) returned to 23336382
*** SHOWDOWN ***
23336382 collected $8 from pot
*** SUMMARY ***
Total pot $8
Seat 5: 23336382(small blind)won ($8)
Seat 2: Hero(big blind) folded before Flop



Poker Hand #ring_964973476: NLH No Limit ($2/$4) - 2025/06/30 22:54:37
Table 'MR NLH 2/4' 7-max Seat #2 is the button
Seat 5: 23336382 ($1,205.45 in chips)
Seat 2: Hero ($507.02 in chips)
Hero: posts small blind $2
23336382: posts big blind $4
*** HOLE CARDS ***
Dealt to 23336382 
Dealt to Hero [Kc 2h]
Hero: raises $6 to $10
23336382: folds
Uncalled bet ($6) returned to Hero
*** SHOWDOWN ***
Hero collected $8 from pot
*** SUMMARY ***
Total pot $8
Seat 5: 23336382(big blind) folded before Flop
Seat 2: Hero(small blind)won ($8)



Poker Hand #ring_964972824: NLH No Limit ($2/$4) - 2025/06/30 22:54:17
Table 'MR NLH 2/4' 7-max Seat #5 is the button
Seat 5: 23336382 ($1,195.9 in chips)
Seat 2: Hero ($517.02 in chips)
23336382: posts small blind $2
Hero: posts big blind $4
*** HOLE CARDS ***
Dealt to 23336382 
Dealt to Hero [Kh 6c]
23336382: raises $6 to $10
Hero: calls $6
*** FLOP *** [Qs Ad 9s]
Hero: checks
23336382: bets $13.2
Hero: folds
Uncalled bet ($13.2) returned to 23336382
*** SHOWDOWN ***
23336382 collected $20 from pot
*** SUMMARY ***
Total pot $20
Board [Qs Ad 9s]
Seat 5: 23336382(small blind)won ($20) with Ace-High
Seat 2: Hero(big blind) folded on the Flop



Poker Hand #ring_964972421: NLH No Limit ($2/$4) - 2025/06/30 22:54:03
Table 'MR NLH 2/4' 7-max Seat #2 is the button
Seat 5: 23336382 ($1,193.9 in chips)
Seat 2: Hero ($519.02 in chips)
Hero: posts small blind $2
23336382: posts big blind $4
*** HOLE CARDS ***
Dealt to 23336382 
Dealt to Hero [5h 7c]
Hero: folds
*** SHOWDOWN ***
23336382 collected $6 from pot
*** SUMMARY ***
Total pot $6
Seat 5: 23336382(big blind)won ($6)
Seat 2: Hero(small blind) folded before Flop



Poker Hand #ring_964972054: NLH No Limit ($2/$4) - 2025/06/30 22:53:52
Table 'MR NLH 2/4' 7-max Seat #5 is the button
Seat 5: 23336382 ($1,189.9 in chips)
Seat 2: Hero ($523.02 in chips)
23336382: posts small blind $2
Hero: posts big blind $4
*** HOLE CARDS ***
Dealt to 23336382 
Dealt to Hero [3d 9s]
23336382: raises $8 to $12
Hero: folds
Uncalled bet ($8) returned to 23336382
*** SHOWDOWN ***
23336382 collected $8 from pot
*** SUMMARY ***
Total pot $8
Seat 5: 23336382(small blind)won ($8)
Seat 2: Hero(big blind) folded before Flop



Poker Hand #ring_964971620: NLH No Limit ($2/$4) - 2025/06/30 22:53:38
Table 'MR NLH 2/4' 7-max Seat #2 is the button
Seat 5: 23336382 ($1,193.9 in chips)
Seat 2: Hero ($519.02 in chips)
Hero: posts small blind $2
23336382: posts big blind $4
*** HOLE CARDS ***
Dealt to 23336382 
Dealt to Hero [3c 7c]
Hero: raises $6 to $10
23336382: folds
Uncalled bet ($6) returned to Hero
*** SHOWDOWN ***
Hero collected $8 from pot
*** SUMMARY ***
Total pot $8
Seat 5: 23336382(big blind) folded before Flop
Seat 2: Hero(small blind)won ($8)



Poker Hand #ring_964971316: NLH No Limit ($2/$4) - 2025/06/30 22:53:28
Table 'MR NLH 2/4' 7-max Seat #5 is the button
Seat 5: 23336382 ($1,195.9 in chips)
Seat 2: Hero ($517.02 in chips)
23336382: posts small blind $2
Hero: posts big blind $4
*** HOLE CARDS ***
Dealt to 23336382 
Dealt to Hero [8c 8h]
23336382: folds
Hero: shows [8c 8h]
*** SHOWDOWN ***
Hero collected $6 from pot
*** SUMMARY ***
Total pot $6
Seat 5: 23336382(small blind) folded before Flop
Seat 2: Hero(big blind) showed [8c 8h] and won ($6)



Poker Hand #ring_964969683: NLH No Limit ($2/$4) - 2025/06/30 22:52:37
Table 'MR NLH 2/4' 7-max Seat #2 is the button
Seat 1: c3d39366 ($278.4 in chips)
Seat 5: 23336382 ($942.55 in chips)
Seat 2: Hero ($517.02 in chips)
23336382: posts small blind $2
c3d39366: posts big blind $4
*** HOLE CARDS ***
Dealt to c3d39366 
Dealt to 23336382 
Dealt to Hero [2d 8c]
Hero: folds
23336382: raises $8 to $12
c3d39366: calls $8
*** FLOP *** [9d Jc 5d]
23336382: bets $15.84
c3d39366: calls $15.84
*** TURN *** [9d Jc 5d] [3c]
23336382: checks
c3d39366: bets $18.37
23336382: raises $73.94 to $92.31
c3d39366: raises $158.25 to $250.56 and is all-in
23336382: calls $158.25
c3d39366: shows [Js Th]
23336382: shows [Qs Jh]
*** RIVER *** [9d Jc 5d 3c] [Ah]
*** SHOWDOWN ***
23336382 collected $556.8 from pot
*** SUMMARY ***
Total pot $556.8
Board [9d Jc 5d 3c Ah]
Seat 1: c3d39366(big blind) showed [Js Th] and lost with Pair of Jacks
Seat 5: 23336382(small blind) showed [Qs Jh] and won ($556.8) with Pair of Jacks
Seat 2: Hero folded before Flop (didn't bet)



Poker Hand #ring_964967737: NLH No Limit ($2/$4) - 2025/06/30 22:51:35
Table 'MR NLH 2/4' 7-max Seat #1 is the button
Seat 1: c3d39366 ($394.4 in chips)
Seat 5: 23336382 ($835.08 in chips)
Seat 2: Hero ($519.02 in chips)
Hero: posts small blind $2
23336382: posts big blind $4
*** HOLE CARDS ***
Dealt to c3d39366 
Dealt to 23336382 
Dealt to Hero [9d Js]
c3d39366: raises $4 to $8
Hero: folds
23336382: calls $4
*** FLOP *** [3d 5c 8s]
23336382: checks
c3d39366: bets $13.5
23336382: calls $13.5
*** TURN *** [3d 5c 8s] [9c]
23336382: checks
c3d39366: checks
*** RIVER *** [3d 5c 8s 9c] [2s]
23336382: bets $36
c3d39366: raises $58.5 to $94.5
23336382: calls $58.5
c3d39366: shows [2c 2h]
23336382: shows [Ad 4d]
*** SHOWDOWN ***
23336382 collected $234 from pot
*** SUMMARY ***
Total pot $234
Board [3d 5c 8s 9c 2s]
Seat 1: c3d39366 showed [2c 2h] and lost with Three Twos
Seat 5: 23336382(big blind) showed [Ad 4d] and won ($234) with Fives-High Straight
Seat 2: Hero(small blind) folded before Flop



Poker Hand #ring_964967292: NLH No Limit ($2/$4) - 2025/06/30 22:51:22
Table 'MR NLH 2/4' 7-max Seat #5 is the button
Seat 1: c3d39366 ($396.4 in chips)
Seat 5: 23336382 ($829.08 in chips)
Seat 2: Hero ($523.02 in chips)
c3d39366: posts small blind $2
Hero: posts big blind $4
*** HOLE CARDS ***
Dealt to c3d39366 
Dealt to 23336382 
Dealt to Hero [5h 2s]
23336382: raises $6 to $10
c3d39366: folds
Hero: folds
Uncalled bet ($6) returned to 23336382
*** SHOWDOWN ***
23336382 collected $10 from pot
*** SUMMARY ***
Total pot $10
Seat 1: c3d39366(small blind) folded before Flop
Seat 5: 23336382won ($10)
Seat 2: Hero(big blind) folded before Flop



Poker Hand #ring_964966815: NLH No Limit ($2/$4) - 2025/06/30 22:51:07
Table 'MR NLH 2/4' 7-max Seat #2 is the button
Seat 1: c3d39366 ($394.4 in chips)
Seat 5: 23336382 ($831.08 in chips)
Seat 2: Hero ($523.02 in chips)
23336382: posts small blind $2
c3d39366: posts big blind $4
*** HOLE CARDS ***
Dealt to c3d39366 
Dealt to 23336382 
Dealt to Hero [Jc 4c]
Hero: folds
23336382: folds
*** SHOWDOWN ***
c3d39366 collected $6 from pot
*** SUMMARY ***
Total pot $6
Seat 1: c3d39366(big blind)won ($6)
Seat 5: 23336382(small blind) folded before Flop
Seat 2: Hero folded before Flop (didn't bet)



Poker Hand #ring_964966447: NLH No Limit ($2/$4) - 2025/06/30 22:50:55
Table 'MR NLH 2/4' 7-max Seat #1 is the button
Seat 1: c3d39366 ($394.4 in chips)
Seat 5: 23336382 ($829.08 in chips)
Seat 2: Hero ($525.02 in chips)
Hero: posts small blind $2
23336382: posts big blind $4
*** HOLE CARDS ***
Dealt to c3d39366 
Dealt to 23336382 
Dealt to Hero [3d 4h]
c3d39366: folds
Hero: folds
*** SHOWDOWN ***
23336382 collected $6 from pot
*** SUMMARY ***
Total pot $6
Seat 1: c3d39366 folded before Flop (didn't bet)
Seat 5: 23336382(big blind)won ($6)
Seat 2: Hero(small blind) folded before Flop



Poker Hand #ring_964966091: NLH No Limit ($2/$4) - 2025/06/30 22:50:42
Table 'MR NLH 2/4' 7-max Seat #5 is the button
Seat 1: c3d39366 ($396.4 in chips)
Seat 5: 23336382 ($829.08 in chips)
Seat 2: Hero ($523.02 in chips)
c3d39366: posts small blind $2
Hero: posts big blind $4
*** HOLE CARDS ***
Dealt to c3d39366 
Dealt to 23336382 
Dealt to Hero [6c Ks]
23336382: folds
c3d39366: folds
*** SHOWDOWN ***
Hero collected $6 from pot
*** SUMMARY ***
Total pot $6
Seat 1: c3d39366(small blind) folded before Flop
Seat 5: 23336382 folded before Flop (didn't bet)
Seat 2: Hero(big blind)won ($6)



Poker Hand #ring_964965447: NLH No Limit ($2/$4) - 2025/06/30 22:50:22
Table 'MR NLH 2/4' 7-max Seat #2 is the button
Seat 1: c3d39366 ($400.4 in chips)
Seat 5: 23336382 ($825.08 in chips)
Seat 2: Hero ($523.02 in chips)
23336382: posts small blind $2
c3d39366: posts big blind $4
*** HOLE CARDS ***
Dealt to c3d39366 
Dealt to 23336382 
Dealt to Hero [2d 3h]
Hero: folds
23336382: raises $8 to $12
c3d39366: folds
Uncalled bet ($8) returned to 23336382
*** SHOWDOWN ***
23336382 collected $8 from pot
*** SUMMARY ***
Total pot $8
Seat 1: c3d39366(big blind) folded before Flop
Seat 5: 23336382(small blind)won ($8)
Seat 2: Hero folded before Flop (didn't bet)



Poker Hand #ring_964965105: NLH No Limit ($2/$4) - 2025/06/30 22:50:10
Table 'MR NLH 2/4' 7-max Seat #1 is the button
Seat 1: c3d39366 ($400.4 in chips)
Seat 5: 23336382 ($823.08 in chips)
Seat 2: Hero ($525.02 in chips)
Hero: posts small blind $2
23336382: posts big blind $4
*** HOLE CARDS ***
Dealt to c3d39366 
Dealt to 23336382 
Dealt to Hero [9s 2d]
c3d39366: folds
Hero: folds
*** SHOWDOWN ***
23336382 collected $6 from pot
*** SUMMARY ***
Total pot $6
Seat 1: c3d39366 folded before Flop (didn't bet)
Seat 5: 23336382(big blind)won ($6)
Seat 2: Hero(small blind) folded before Flop



Poker Hand #ring_964964730: NLH No Limit ($2/$4) - 2025/06/30 22:49:58
Table 'MR NLH 2/4' 7-max Seat #5 is the button
Seat 1: c3d39366 ($402.4 in chips)
Seat 5: 23336382 ($823.08 in chips)
Seat 2: Hero ($523.02 in chips)
c3d39366: posts small blind $2
Hero: posts big blind $4
*** HOLE CARDS ***
Dealt to c3d39366 
Dealt to 23336382 
Dealt to Hero [As Jc]
23336382: folds
c3d39366: folds
*** SHOWDOWN ***
Hero collected $6 from pot
*** SUMMARY ***
Total pot $6
Seat 1: c3d39366(small blind) folded before Flop
Seat 5: 23336382 folded before Flop (didn't bet)
Seat 2: Hero(big blind)won ($6)



Poker Hand #ring_964963920: NLH No Limit ($2/$4) - 2025/06/30 22:49:33
Table 'MR NLH 2/4' 7-max Seat #4 is the button
Seat 4: 1fe97c8b ($17.37 in chips)
Seat 1: c3d39366 ($406.4 in chips)
Seat 5: 23336382 ($803.45 in chips)
Seat 2: Hero ($523.02 in chips)
23336382: posts small blind $2
c3d39366: posts big blind $4
*** HOLE CARDS ***
Dealt to 1fe97c8b 
Dealt to c3d39366 
Dealt to 23336382 
Dealt to Hero [8c 6d]
Hero: folds
1fe97c8b: raises $13.37 to $17.37 and is all-in
23336382: calls $15.37
c3d39366: folds
1fe97c8b: shows [Qh Tc]
23336382: shows [Qd Kd]
*** FLOP *** [7c 3h Th]
*** TURN *** [7c 3h Th] [Jc]
*** RIVER *** [7c 3h Th Jc] [Kc]
*** SHOWDOWN ***
23336382 collected $38.74 from pot
*** SUMMARY ***
Total pot $38.74
Board [7c 3h Th Jc Kc]
Seat 4: 1fe97c8b showed [Qh Tc] and lost with Pair of Tens
Seat 1: c3d39366(big blind) folded before Flop
Seat 5: 23336382(small blind) showed [Qd Kd] and won ($38.74) with Pair of Kings
Seat 2: Hero folded before Flop (didn't bet)



Poker Hand #ring_964962432: NLH No Limit ($2/$4) - 2025/06/30 22:48:45
Table 'MR NLH 2/4' 7-max Seat #3 is the button
Seat 3: b5b3a1b1 ($304.85 in chips)
Seat 4: 1fe97c8b ($4.81 in chips)
Seat 1: c3d39366 ($397.79 in chips)
Seat 5: 23336382 ($815.45 in chips)
Seat 2: Hero ($523.02 in chips)
1fe97c8b: posts small blind $2
23336382: posts big blind $4
*** HOLE CARDS ***
Dealt to b5b3a1b1 
Dealt to 1fe97c8b 
Dealt to c3d39366 
Dealt to 23336382 
Dealt to Hero [5h Qh]
c3d39366: raises $8 to $12
Hero: folds
b5b3a1b1: calls $12
1fe97c8b: calls $2.81 and is all-in
23336382: calls $8
*** FLOP *** [9h 8c Qd]
23336382: checks
c3d39366: bets $20.4
b5b3a1b1: folds
23336382: folds
Uncalled bet ($20.4) returned to c3d39366
c3d39366: shows [Kh 8h] (Pair of Eights)
1fe97c8b: shows [Ah Jd] (Ace-High)
*** TURN *** [9h 8c Qd] [Th]
*** RIVER *** [9h 8c Qd Th] [3s]
*** SHOWDOWN ***
1fe97c8b collected $19.24 from pot
c3d39366 collected $21.57 from pot
*** SUMMARY ***
Total pot $40.81
Board [9h 8c Qd Th 3s]
Seat 3: b5b3a1b1 folded on the Flop
Seat 4: 1fe97c8b(small blind) showed [Ah Jd] and won ($19.24) with Queens-High Straight
Seat 1: c3d39366 showed [Kh 8h] and lost with Pair of Eights
Seat 5: 23336382(big blind) folded on the Flop
Seat 2: Hero folded before Flop (didn't bet)



Poker Hand #ring_964960291: NLH No Limit ($2/$4) - 2025/06/30 22:47:35
Table 'MR NLH 2/4' 7-max Seat #2 is the button
Seat 3: b5b3a1b1 ($154.13 in chips)
Seat 4: 1fe97c8b ($158.94 in chips)
Seat 1: c3d39366 ($409.79 in chips)
Seat 5: 23336382 ($815.45 in chips)
Seat 2: Hero ($523.02 in chips)
b5b3a1b1: posts small blind $2
1fe97c8b: posts big blind $4
*** HOLE CARDS ***
Dealt to b5b3a1b1 
Dealt to 1fe97c8b 
Dealt to c3d39366 
Dealt to 23336382 
Dealt to Hero [5c Td]
*** FLOP *** [5s 2s As]
*** TURN *** [5s 2s As] [Qc]
*** RIVER *** [5s 2s As Qc] [Ks]
23336382: folds
c3d39366: raises $8 to $12
Hero: folds
b5b3a1b1: raises $28 to $40
1fe97c8b: raises $118.94 to $158.94 and is all-in
c3d39366: folds
b5b3a1b1: calls $114.13 and is all-in
Uncalled bet ($4.81) returned to 1fe97c8b
b5b3a1b1: shows [Ad Kh]
1fe97c8b: shows [4c 6c]
*** SHOWDOWN ***
b5b3a1b1 collected $320.26 from pot
*** SUMMARY ***
Total pot $320.26
Board [5s 2s As Qc Ks]
Seat 3: b5b3a1b1(small blind) showed [Ad Kh] and won ($320.26) with Pair of Aces and Pair of Kings
Seat 4: 1fe97c8b(big blind) showed [4c 6c] and lost with Ace-High
Seat 1: c3d39366 folded before Flop
Seat 5: 23336382 folded before Flop (didn't bet)
Seat 2: Hero folded before Flop (didn't bet)



Poker Hand #ring_964959119: NLH No Limit ($2/$4) - 2025/06/30 22:46:56
Table 'MR NLH 2/4' 7-max Seat #1 is the button
Seat 3: b5b3a1b1 ($127.11 in chips)
Seat 4: 1fe97c8b ($172.94 in chips)
Seat 1: c3d39366 ($423.79 in chips)
Seat 5: 23336382 ($815.45 in chips)
Seat 2: Hero ($525.02 in chips)
Hero: posts small blind $2
b5b3a1b1: posts big blind $4
*** HOLE CARDS ***
Dealt to b5b3a1b1 
Dealt to 1fe97c8b 
Dealt to c3d39366 
Dealt to 23336382 
Dealt to Hero [6c Kd]
1fe97c8b: raises $10 to $14
23336382: folds
c3d39366: calls $14
Hero: folds
b5b3a1b1: calls $10
*** FLOP *** [9d 4s 7s]
b5b3a1b1: bets $113.11 and is all-in
1fe97c8b: folds
c3d39366: folds
Uncalled bet ($113.11) returned to b5b3a1b1
*** SHOWDOWN ***
b5b3a1b1 collected $44 from pot
*** SUMMARY ***
Total pot $44
Board [9d 4s 7s]
Seat 3: b5b3a1b1(big blind)won ($44) with Pair of Nines
Seat 4: 1fe97c8b folded on the Flop
Seat 1: c3d39366 folded on the Flop
Seat 5: 23336382 folded before Flop (didn't bet)
Seat 2: Hero(small blind) folded before Flop



Poker Hand #ring_964958197: NLH No Limit ($2/$4) - 2025/06/30 22:46:26
Table 'MR NLH 2/4' 7-max Seat #5 is the button
Seat 3: b5b3a1b1 ($127.11 in chips)
Seat 4: 1fe97c8b ($156.38 in chips)
Seat 1: c3d39366 ($437.79 in chips)
Seat 5: 23336382 ($815.45 in chips)
Seat 2: Hero ($529.02 in chips)
c3d39366: posts small blind $2
Hero: posts big blind $4
*** HOLE CARDS ***
Dealt to b5b3a1b1 
Dealt to 1fe97c8b 
Dealt to c3d39366 
Dealt to 23336382 
Dealt to Hero [6c 3d]
b5b3a1b1: folds
1fe97c8b: raises $10 to $14
23336382: folds
c3d39366: calls $12
Hero: folds
*** FLOP *** [Qc 3h Qh]
c3d39366: checks
1fe97c8b: bets $10.56
c3d39366: folds
Uncalled bet ($10.56) returned to 1fe97c8b
*** SHOWDOWN ***
1fe97c8b collected $32 from pot
*** SUMMARY ***
Total pot $32
Board [Qc 3h Qh]
Seat 3: b5b3a1b1 folded before Flop (didn't bet)
Seat 4: 1fe97c8bwon ($32) with Pair of Queens
Seat 1: c3d39366(small blind) folded on the Flop
Seat 5: 23336382 folded before Flop (didn't bet)
Seat 2: Hero(big blind) folded before Flop



Poker Hand #ring_964956378: NLH No Limit ($2/$4) - 2025/06/30 22:45:29
Table 'MR NLH 2/4' 7-max Seat #4 is the button
Seat 3: b5b3a1b1 ($130.62 in chips)
Seat 4: 1fe97c8b ($159.89 in chips)
Seat 1: c3d39366 ($441.79 in chips)
Seat 5: 23336382 ($817.45 in chips)
Seat 2: Hero ($529.02 in chips)
23336382: posts small blind $2
c3d39366: posts big blind $4
*** HOLE CARDS ***
Dealt to b5b3a1b1 
Dealt to 1fe97c8b 
Dealt to c3d39366 
Dealt to 23336382 
Dealt to Hero [Td 3c]
Hero: folds
b5b3a1b1: calls $4
1fe97c8b: raises $14 to $18
23336382: folds
c3d39366: folds
b5b3a1b1: calls $14
*** FIRST FLOP *** [5d 6h 5c]
b5b3a1b1: bets $42
1fe97c8b: raises $99.89 to $141.89 and is all-in
b5b3a1b1: calls $70.62 and is all-in
Uncalled bet ($29.27) returned to 1fe97c8b
b5b3a1b1: shows [6c 2c] (Pair of Sixes and Pair of Fives)
1fe97c8b: shows [7d 7h] (Pair of Sevens and Pair of Fives)
*** FIRST TURN *** [5d 6h 5c] [6d]
*** SECOND TURN *** [5d 6h 5c] [4d]
*** FIRST RIVER *** [5d 6h 5c 6d] [Jh]
*** SECOND RIVER *** [5d 6h 5c 4d] [Qc]
*** FIRST SHOWDOWN ***
b5b3a1b1 collected $134.12 from pot
*** SECOND SHOWDOWN ***
1fe97c8b collected $133.12 from pot
*** SUMMARY ***
Total pot $267.24
Hand was run two timesFIRST Board [5d 6h 5c 6d Jh]
SECOND Board [4d Qc]
Seat 3: b5b3a1b1 showed [6c 2c] and won ($134.12) with Sixes Full over Fives / Pair of Sixes and Pair of Fives
Seat 4: 1fe97c8b showed [7d 7h] and won ($133.12) with Pair of Sevens and Pair of Sixes / Pair of Sevens and Pair of Fives
Seat 1: c3d39366(big blind) folded before Flop
Seat 5: 23336382(small blind) folded before Flop
Seat 2: Hero folded before Flop (didn't bet)



Poker Hand #ring_964955258: NLH No Limit ($2/$4) - 2025/06/30 22:44:53
Table 'MR NLH 2/4' 7-max Seat #3 is the button
Seat 3: b5b3a1b1 ($172.62 in chips)
Seat 4: 1fe97c8b ($101.89 in chips)
Seat 1: c3d39366 ($453.79 in chips)
Seat 5: 23336382 ($821.45 in chips)
Seat 2: Hero ($529.02 in chips)
1fe97c8b: posts small blind $2
23336382: posts big blind $4
*** HOLE CARDS ***
Dealt to b5b3a1b1 
Dealt to 1fe97c8b 
Dealt to c3d39366 
Dealt to 23336382 
Dealt to Hero [8h 2c]
c3d39366: raises $8 to $12
Hero: folds
b5b3a1b1: raises $30 to $42
1fe97c8b: raises $59.89 to $101.89 and is all-in
23336382: folds
c3d39366: folds
b5b3a1b1: folds
Uncalled bet ($59.89) returned to 1fe97c8b
1fe97c8b: shows [Ad 7s]
*** SHOWDOWN ***
1fe97c8b collected $100 from pot
*** SUMMARY ***
Total pot $100
Seat 3: b5b3a1b1 folded before Flop
Seat 4: 1fe97c8b(small blind) showed [Ad 7s] and won ($100)
Seat 1: c3d39366 folded before Flop
Seat 5: 23336382(big blind) folded before Flop
Seat 2: Hero folded before Flop (didn't bet)



Poker Hand #ring_964954372: NLH No Limit ($2/$4) - 2025/06/30 22:44:24
Table 'MR NLH 2/4' 7-max Seat #2 is the button
Seat 3: b5b3a1b1 ($193.86 in chips)
Seat 4: 1fe97c8b ($105.89 in chips)
Seat 1: c3d39366 ($431.64 in chips)
Seat 5: 23336382 ($821.45 in chips)
Seat 2: Hero ($529.02 in chips)
b5b3a1b1: posts small blind $2
1fe97c8b: posts big blind $4
*** HOLE CARDS ***
Dealt to b5b3a1b1 
Dealt to 1fe97c8b 
Dealt to c3d39366 
Dealt to 23336382 
Dealt to Hero [7d 5c]
23336382: folds
c3d39366: raises $8 to $12
Hero: folds
b5b3a1b1: calls $10
1fe97c8b: folds
*** FLOP *** [Qs 2h 2s]
b5b3a1b1: bets $9.24
c3d39366: raises $15.33 to $24.57
b5b3a1b1: folds
Uncalled bet ($15.33) returned to c3d39366
*** SHOWDOWN ***
c3d39366 collected $46.48 from pot
*** SUMMARY ***
Total pot $46.48
Board [Qs 2h 2s]
Seat 3: b5b3a1b1(small blind) folded on the Flop
Seat 4: 1fe97c8b(big blind) folded before Flop
Seat 1: c3d39366won ($46.48) with Pair of Twos
Seat 5: 23336382 folded before Flop (didn't bet)
Seat 2: Hero folded before Flop (didn't bet)



Poker Hand #ring_964952603: NLH No Limit ($2/$4) - 2025/06/30 22:43:26
Table 'MR NLH 2/4' 7-max Seat #1 is the button
Seat 3: b5b3a1b1 ($209.86 in chips)
Seat 4: 1fe97c8b ($200.63 in chips)
Seat 1: c3d39366 ($329.23 in chips)
Seat 5: 23336382 ($821.45 in chips)
Seat 2: Hero ($531.02 in chips)
Hero: posts small blind $2
b5b3a1b1: posts big blind $4
*** HOLE CARDS ***
Dealt to b5b3a1b1 
Dealt to 1fe97c8b 
Dealt to c3d39366 
Dealt to 23336382 
Dealt to Hero [Jc 2s]
1fe97c8b: raises $12 to $16
23336382: folds
c3d39366: calls $16
Hero: folds
b5b3a1b1: calls $12
*** FLOP *** [4c Qh Ac]
b5b3a1b1: checks
1fe97c8b: checks
c3d39366: bets $16.5
b5b3a1b1: folds
1fe97c8b: calls $16.5
*** TURN *** [4c Qh Ac] [Jh]
1fe97c8b: bets $62.24
c3d39366: raises $68.46 to $130.7
1fe97c8b: folds
Uncalled bet ($68.46) returned to c3d39366
*** SHOWDOWN ***
c3d39366 collected $207.48 from pot
*** SUMMARY ***
Total pot $207.48
Board [4c Qh Ac Jh]
Seat 3: b5b3a1b1(big blind) folded on the Flop
Seat 4: 1fe97c8b folded on the Turn
Seat 1: c3d39366won ($207.48) with Pair of Aces and Pair of Queens
Seat 5: 23336382 folded before Flop (didn't bet)
Seat 2: Hero(small blind) folded before Flop



Poker Hand #ring_964951380: NLH No Limit ($2/$4) - 2025/06/30 22:42:46
Table 'MR NLH 2/4' 7-max Seat #5 is the button
Seat 3: b5b3a1b1 ($225.86 in chips)
Seat 4: 1fe97c8b ($204.63 in chips)
Seat 1: c3d39366 ($308.03 in chips)
Seat 5: 23336382 ($821.45 in chips)
Seat 2: Hero ($535.02 in chips)
c3d39366: posts small blind $2
Hero: posts big blind $4
1fe97c8b: posts big blind $4
*** HOLE CARDS ***
Dealt to b5b3a1b1 
Dealt to 1fe97c8b 
Dealt to c3d39366 
Dealt to 23336382 
Dealt to Hero [6c Jh]
b5b3a1b1: calls $4
1fe97c8b: checks
23336382: folds
c3d39366: raises $12 to $16
Hero: folds
b5b3a1b1: calls $12
1fe97c8b: folds
*** FLOP *** [5c 8s 3h]
c3d39366: bets $30
b5b3a1b1: folds
Uncalled bet ($30) returned to c3d39366
*** SHOWDOWN ***
c3d39366 collected $40 from pot
*** SUMMARY ***
Total pot $40
Board [5c 8s 3h]
Seat 3: b5b3a1b1 folded on the Flop
Seat 4: 1fe97c8b folded before Flop
Seat 1: c3d39366(small blind)won ($40) with Ace-High
Seat 5: 23336382 folded before Flop (didn't bet)
Seat 2: Hero(big blind) folded before Flop



Poker Hand #ring_964950825: NLH No Limit ($2/$4) - 2025/06/30 22:42:29
Table 'MR NLH 2/4' 7-max Seat #3 is the button
Seat 3: b5b3a1b1 ($219.86 in chips)
Seat 1: c3d39366 ($312.03 in chips)
Seat 5: 23336382 ($823.45 in chips)
Seat 2: Hero ($535.02 in chips)
23336382: posts small blind $2
c3d39366: posts big blind $4
*** HOLE CARDS ***
Dealt to b5b3a1b1 
Dealt to c3d39366 
Dealt to 23336382 
Dealt to Hero [6c 4d]
Hero: folds
b5b3a1b1: raises $10 to $14
23336382: folds
c3d39366: folds
Uncalled bet ($10) returned to b5b3a1b1
*** SHOWDOWN ***
b5b3a1b1 collected $10 from pot
*** SUMMARY ***
Total pot $10
Seat 3: b5b3a1b1won ($10)
Seat 1: c3d39366(big blind) folded before Flop
Seat 5: 23336382(small blind) folded before Flop
Seat 2: Hero folded before Flop (didn't bet)



Poker Hand #ring_964950277: NLH No Limit ($2/$4) - 2025/06/30 22:42:11
Table 'MR NLH 2/4' 7-max Seat #2 is the button
Seat 3: b5b3a1b1 ($221.86 in chips)
Seat 1: c3d39366 ($306.03 in chips)
Seat 5: 23336382 ($827.45 in chips)
Seat 2: Hero ($535.02 in chips)
b5b3a1b1: posts small blind $2
23336382: posts big blind $4
*** HOLE CARDS ***
Dealt to b5b3a1b1 
Dealt to c3d39366 
Dealt to 23336382 
Dealt to Hero [2c 8s]
c3d39366: raises $8 to $12
Hero: folds
b5b3a1b1: folds
23336382: folds
Uncalled bet ($8) returned to c3d39366
*** SHOWDOWN ***
c3d39366 collected $10 from pot
*** SUMMARY ***
Total pot $10
Seat 3: b5b3a1b1(small blind) folded before Flop
Seat 1: c3d39366won ($10)
Seat 5: 23336382(big blind) folded before Flop
Seat 2: Hero folded before Flop (didn't bet)



Poker Hand #ring_964949440: NLH No Limit ($2/$4) - 2025/06/30 22:41:45
Table 'MR NLH 2/4' 7-max Seat #1 is the button
Seat 3: b5b3a1b1 ($225.86 in chips)
Seat 1: c3d39366 ($333.19 in chips)
Seat 5: 23336382 ($798 in chips)
Seat 2: Hero ($537.02 in chips)
Hero: posts small blind $2
b5b3a1b1: posts big blind $4
*** HOLE CARDS ***
Dealt to b5b3a1b1 
Dealt to c3d39366 
Dealt to 23336382 
Dealt to Hero [6h 9c]
23336382: raises $6 to $10
c3d39366: calls $10
Hero: folds
b5b3a1b1: folds
*** FLOP *** [9h Th 5d]
23336382: bets $17.16
c3d39366: calls $17.16
*** TURN *** [9h Th 5d] [2h]
23336382: bets $48.26
c3d39366: folds
Uncalled bet ($48.26) returned to 23336382
b5b3a1b1: shows [Ts]
*** SHOWDOWN ***
23336382 collected $60.32 from pot
*** SUMMARY ***
Total pot $60.32
Board [9h Th 5d 2h]
Seat 3: b5b3a1b1(big blind) folded before Flop
Seat 1: c3d39366 folded on the Turn
Seat 5: 23336382won ($60.32) with King-High
Seat 2: Hero(small blind) folded before Flop



Poker Hand #ring_964948765: NLH No Limit ($2/$4) - 2025/06/30 22:41:22
Table 'MR NLH 2/4' 7-max Seat #5 is the button
Seat 3: b5b3a1b1 ($220.31 in chips)
Seat 1: c3d39366 ($335.19 in chips)
Seat 5: 23336382 ($798 in chips)
Seat 2: Hero ($541.02 in chips)
c3d39366: posts small blind $2
Hero: posts big blind $4
*** HOLE CARDS ***
Dealt to b5b3a1b1 
Dealt to c3d39366 
Dealt to 23336382 
Dealt to Hero [Ts 4d]
b5b3a1b1: calls $4
23336382: folds
c3d39366: folds
Hero: checks
*** FLOP *** [8h Kh 3s]
Hero: checks
b5b3a1b1: bets $5
Hero: folds
Uncalled bet ($5) returned to b5b3a1b1
*** SHOWDOWN ***
b5b3a1b1 collected $10 from pot
*** SUMMARY ***
Total pot $10
Board [8h Kh 3s]
Seat 3: b5b3a1b1won ($10) with King-High
Seat 1: c3d39366(small blind) folded before Flop
Seat 5: 23336382 folded before Flop (didn't bet)
Seat 2: Hero(big blind) folded on the Flop



Poker Hand #ring_964947828: NLH No Limit ($2/$4) - 2025/06/30 22:40:51
Table 'MR NLH 2/4' 7-max Seat #3 is the button
Seat 3: b5b3a1b1 ($205.66 in chips)
Seat 1: c3d39366 ($349.19 in chips)
Seat 5: 23336382 ($800 in chips)
Seat 2: Hero ($541.02 in chips)
23336382: posts small blind $2
c3d39366: posts big blind $4
*** HOLE CARDS ***
Dealt to b5b3a1b1 
Dealt to c3d39366 
Dealt to 23336382 
Dealt to Hero [3h 6s]
Hero: folds
b5b3a1b1: raises $10 to $14
23336382: folds
c3d39366: calls $10
*** FLOP *** [As Th 6d]
c3d39366: checks
b5b3a1b1: bets $22.5
c3d39366: folds
Uncalled bet ($22.5) returned to b5b3a1b1
*** SHOWDOWN ***
b5b3a1b1 collected $30 from pot
*** SUMMARY ***
Total pot $30
Board [As Th 6d]
Seat 3: b5b3a1b1won ($30) with Pair of Tens
Seat 1: c3d39366(big blind) folded on the Flop
Seat 5: 23336382(small blind) folded before Flop
Seat 2: Hero folded before Flop (didn't bet)



Poker Hand #ring_964946916: NLH No Limit ($2/$4) - 2025/06/30 22:40:21
Table 'MR NLH 2/4' 7-max Seat #2 is the button
Seat 3: b5b3a1b1 ($207.66 in chips)
Seat 1: c3d39366 ($349.19 in chips)
Seat 5: 23336382 ($800 in chips)
Seat 2: Hero ($530.01 in chips)
b5b3a1b1: posts small blind $2
23336382: posts big blind $4
*** HOLE CARDS ***
Dealt to b5b3a1b1 
Dealt to c3d39366 
Dealt to 23336382 
Dealt to Hero [8c 7h]
c3d39366: folds
Hero: raises $6 to $10
b5b3a1b1: folds
23336382: calls $6
*** FLOP *** [Ac Jc 6h]
23336382: checks
Hero: checks
*** TURN *** [Ac Jc 6h] [6d]
23336382: checks
Hero: bets $6.6
23336382: folds
Uncalled bet ($6.6) returned to Hero
*** SHOWDOWN ***
Hero collected $22 from pot
*** SUMMARY ***
Total pot $22
Board [Ac Jc 6h 6d]
Seat 3: b5b3a1b1(small blind) folded before Flop
Seat 1: c3d39366 folded before Flop (didn't bet)
Seat 5: 23336382(big blind) folded on the Turn
Seat 2: Herowon ($22) with Pair of Sixes



Poker Hand #ring_964946333: NLH No Limit ($2/$4) - 2025/06/30 22:40:01
Table 'MR NLH 2/4' 7-max Seat #1 is the button
Seat 3: b5b3a1b1 ($197.66 in chips)
Seat 1: c3d39366 ($349.19 in chips)
Seat 5: 23336382 ($800 in chips)
Seat 2: Hero ($540.01 in chips)
Hero: posts small blind $2
b5b3a1b1: posts big blind $4
*** HOLE CARDS ***
Dealt to b5b3a1b1 
Dealt to c3d39366 
Dealt to 23336382 
Dealt to Hero [Ac 4d]
23336382: folds
c3d39366: folds
Hero: raises $6 to $10
b5b3a1b1: raises $20 to $30
Hero: folds
Uncalled bet ($20) returned to b5b3a1b1
Hero: shows [Ac]
b5b3a1b1: shows [Kd Ks]
*** SHOWDOWN ***
b5b3a1b1 collected $20 from pot
*** SUMMARY ***
Total pot $20
Seat 3: b5b3a1b1(big blind) showed [Kd Ks] and won ($20)
Seat 1: c3d39366 folded before Flop (didn't bet)
Seat 5: 23336382 folded before Flop (didn't bet)
Seat 2: Hero(small blind) folded before Flop



Poker Hand #ring_964944845: NLH No Limit ($2/$4) - 2025/06/30 22:39:11
Table 'MR NLH 2/4' 7-max Seat #5 is the button
Seat 3: b5b3a1b1 ($197.66 in chips)
Seat 1: c3d39366 ($258.93 in chips)
Seat 5: 23336382 ($800 in chips)
Seat 2: Hero ($604.61 in chips)
c3d39366: posts small blind $2
Hero: posts big blind $4
*** HOLE CARDS ***
Dealt to b5b3a1b1 
Dealt to c3d39366 
Dealt to 23336382 
Dealt to Hero [As Jh]
b5b3a1b1: folds
23336382: raises $6 to $10
c3d39366: calls $8
Hero: raises $24 to $34
23336382: calls $24
c3d39366: calls $24
*** FLOP *** [Kc 2c 7d]
c3d39366: checks
Hero: bets $30.6
23336382: folds
c3d39366: raises $122.4 to $153
Hero: folds
Uncalled bet ($122.4) returned to c3d39366
*** SHOWDOWN ***
c3d39366 collected $163.2 from pot
*** SUMMARY ***
Total pot $163.2
Board [Kc 2c 7d]
Seat 3: b5b3a1b1 folded before Flop (didn't bet)
Seat 1: c3d39366(small blind)won ($163.2) with Pair of Kings
Seat 5: 23336382 folded on the Flop
Seat 2: Hero(big blind) folded on the Flop



Poker Hand #ring_964944233: NLH No Limit ($2/$4) - 2025/06/30 22:38:51
Table 'MR NLH 2/4' 7-max Seat #3 is the button
Seat 3: b5b3a1b1 ($197.66 in chips)
Seat 1: c3d39366 ($246.93 in chips)
Seat 5: 23336382 ($800 in chips)
Seat 2: Hero ($604.61 in chips)
23336382: posts small blind $2
c3d39366: posts big blind $4
*** HOLE CARDS ***
Dealt to b5b3a1b1 
Dealt to c3d39366 
Dealt to 23336382 
Dealt to Hero [9d Js]
Hero: folds
b5b3a1b1: folds
23336382: raises $8 to $12
c3d39366: raises $18 to $30
23336382: folds
Uncalled bet ($18) returned to c3d39366
*** SHOWDOWN ***
c3d39366 collected $24 from pot
*** SUMMARY ***
Total pot $24
Seat 3: b5b3a1b1 folded before Flop (didn't bet)
Seat 1: c3d39366(big blind)won ($24)
Seat 5: 23336382(small blind) folded before Flop
Seat 2: Hero folded before Flop (didn't bet)



Poker Hand #ring_964943127: NLH No Limit ($2/$4) - 2025/06/30 22:38:13
Table 'MR NLH 2/4' 7-max Seat #2 is the button
Seat 3: b5b3a1b1 ($199.66 in chips)
Seat 1: c3d39366 ($246.67 in chips)
Seat 5: 23336382 ($800 in chips)
Seat 2: Hero ($604.35 in chips)
b5b3a1b1: posts small blind $2
23336382: posts big blind $4
*** HOLE CARDS ***
Dealt to b5b3a1b1 
Dealt to c3d39366 
Dealt to 23336382 
Dealt to Hero [3s As]
c3d39366: raises $8 to $12
Hero: calls $12
b5b3a1b1: folds
23336382: folds
*** FLOP *** [Th Kh Ac]
c3d39366: bets $15
Hero: calls $15
*** TURN *** [Th Kh Ac] [Js]
c3d39366: checks
Hero: checks
*** RIVER *** [Th Kh Ac Js] [8h]
c3d39366: bets $19.8
Hero: calls $19.8
c3d39366: shows [7s Ah]
Hero: shows [3s As]
*** SHOWDOWN ***
c3d39366 collected $49.8 from pot
Hero collected $49.8 from pot
*** SUMMARY ***
Total pot $99.6
Board [Th Kh Ac Js 8h]
Seat 3: b5b3a1b1(small blind) folded before Flop
Seat 1: c3d39366 showed [7s Ah] and won ($49.8) with Pair of Aces
Seat 5: 23336382(big blind) folded before Flop
Seat 2: Hero showed [3s As] and won ($49.8) with Pair of Aces



Poker Hand #ring_964942283: NLH No Limit ($2/$4) - 2025/06/30 22:37:44
Table 'MR NLH 2/4' 7-max Seat #1 is the button
Seat 3: b5b3a1b1 ($186.83 in chips)
Seat 1: c3d39366 ($258.67 in chips)
Seat 5: 23336382 ($800 in chips)
Seat 2: Hero ($606.35 in chips)
Hero: posts small blind $2
b5b3a1b1: posts big blind $4
*** HOLE CARDS ***
Dealt to b5b3a1b1 
Dealt to c3d39366 
Dealt to 23336382 
Dealt to Hero [Qh 4d]
23336382: folds
c3d39366: raises $8 to $12
Hero: folds
b5b3a1b1: calls $8
*** FLOP *** [Ks 5s 8d]
b5b3a1b1: bets $13
c3d39366: folds
Uncalled bet ($13) returned to b5b3a1b1
*** SHOWDOWN ***
b5b3a1b1 collected $26 from pot
*** SUMMARY ***
Total pot $26
Board [Ks 5s 8d]
Seat 3: b5b3a1b1(big blind)won ($26) with King-High
Seat 1: c3d39366 folded on the Flop
Seat 5: 23336382 folded before Flop (didn't bet)
Seat 2: Hero(small blind) folded before Flop



Poker Hand #ring_964940865: NLH No Limit ($2/$4) - 2025/06/30 22:36:56
Table 'MR NLH 2/4' 7-max Seat #5 is the button
Seat 3: b5b3a1b1 ($186.83 in chips)
Seat 1: c3d39366 ($130.95 in chips)
Seat 5: 23336382 ($800.74 in chips)
Seat 2: Hero ($737.3 in chips)
c3d39366: posts small blind $2
Hero: posts big blind $4
*** HOLE CARDS ***
Dealt to b5b3a1b1 
Dealt to c3d39366 
Dealt to 23336382 
Dealt to Hero [Jh Ad]
b5b3a1b1: folds
23336382: raises $6 to $10
c3d39366: calls $8
Hero: raises $24 to $34
23336382: folds
c3d39366: calls $24
*** FLOP *** [2s Qc Jd]
c3d39366: checks
Hero: checks
*** TURN *** [2s Qc Jd] [5s]
c3d39366: checks
Hero: checks
*** RIVER *** [2s Qc Jd 5s] [As]
c3d39366: bets $39
Hero: raises $664.3 to $703.3 and is all-in
c3d39366: calls $57.95 and is all-in
Uncalled bet ($606.35) returned to Hero
c3d39366: shows [Kc Ts]
Hero: shows [Jh Ad]
*** SHOWDOWN ***
c3d39366 collected $271.9 from pot
*** SUMMARY ***
Total pot $271.9
Board [2s Qc Jd 5s As]
Seat 3: b5b3a1b1 folded before Flop (didn't bet)
Seat 1: c3d39366(small blind) showed [Kc Ts] and won ($271.9) with Aces-High Straight
Seat 5: 23336382 folded before Flop
Seat 2: Hero(big blind) showed [Jh Ad] and lost with Pair of Aces and Pair of Jacks



Poker Hand #ring_964939809: NLH No Limit ($2/$4) - 2025/06/30 22:36:20
Table 'MR NLH 2/4' 7-max Seat #3 is the button
Seat 3: b5b3a1b1 ($186.83 in chips)
Seat 1: c3d39366 ($142.95 in chips)
Seat 5: 23336382 ($802.74 in chips)
Seat 2: Hero ($724.47 in chips)
23336382: posts small blind $2
c3d39366: posts big blind $4
*** HOLE CARDS ***
Dealt to b5b3a1b1 
Dealt to c3d39366 
Dealt to 23336382 
Dealt to Hero [Js Kd]
Hero: raises $8 to $12
b5b3a1b1: folds
23336382: folds
c3d39366: calls $8
*** FLOP *** [Qd 2c Qc]
c3d39366: checks
Hero: checks
*** TURN *** [Qd 2c Qc] [4c]
c3d39366: checks
Hero: checks
*** RIVER *** [Qd 2c Qc 4c] [6s]
c3d39366: checks
Hero: checks
c3d39366: shows [Ts 7d]
Hero: shows [Js Kd]
*** SHOWDOWN ***
Hero collected $26 from pot
*** SUMMARY ***
Total pot $26
Board [Qd 2c Qc 4c 6s]
Seat 3: b5b3a1b1 folded before Flop (didn't bet)
Seat 1: c3d39366(big blind) showed [Ts 7d] and lost with Pair of Queens
Seat 5: 23336382(small blind) folded before Flop
Seat 2: Hero showed [Js Kd] and won ($26) with Pair of Queens



Poker Hand #ring_964938776: NLH No Limit ($2/$4) - 2025/06/30 22:35:45
Table 'MR NLH 2/4' 7-max Seat #2 is the button
Seat 3: b5b3a1b1 ($188.83 in chips)
Seat 1: c3d39366 ($142.95 in chips)
Seat 5: 23336382 ($812.74 in chips)
Seat 2: Hero ($713.46 in chips)
b5b3a1b1: posts small blind $2
23336382: posts big blind $4
*** HOLE CARDS ***
Dealt to b5b3a1b1 
Dealt to c3d39366 
Dealt to 23336382 
Dealt to Hero [8c 9h]
c3d39366: folds
Hero: raises $6 to $10
b5b3a1b1: folds
23336382: calls $6
*** FLOP *** [3s Ts 6s]
23336382: checks
Hero: bets $6.6
23336382: folds
Uncalled bet ($6.6) returned to Hero
*** SHOWDOWN ***
Hero collected $22 from pot
*** SUMMARY ***
Total pot $22
Board [3s Ts 6s]
Seat 3: b5b3a1b1(small blind) folded before Flop
Seat 1: c3d39366 folded before Flop (didn't bet)
Seat 5: 23336382(big blind) folded on the Flop
Seat 2: Herowon ($22) with Ten-High



Poker Hand #ring_964937753: NLH No Limit ($2/$4) - 2025/06/30 22:35:10
Table 'MR NLH 2/4' 7-max Seat #1 is the button
Seat 3: b5b3a1b1 ($176 in chips)
Seat 1: c3d39366 ($154.95 in chips)
Seat 5: 23336382 ($812.74 in chips)
Seat 2: Hero ($715.46 in chips)
Hero: posts small blind $2
b5b3a1b1: posts big blind $4
*** HOLE CARDS ***
Dealt to b5b3a1b1 
Dealt to c3d39366 
Dealt to 23336382 
Dealt to Hero [Qc 6d]
23336382: folds
c3d39366: raises $8 to $12
Hero: folds
b5b3a1b1: calls $8
*** FLOP *** [9h 5s 5d]
b5b3a1b1: checks
c3d39366: checks
*** TURN *** [9h 5s 5d] [6c]
b5b3a1b1: bets $26
c3d39366: folds
Uncalled bet ($26) returned to b5b3a1b1
*** SHOWDOWN ***
b5b3a1b1 collected $26 from pot
*** SUMMARY ***
Total pot $26
Board [9h 5s 5d 6c]
Seat 3: b5b3a1b1(big blind)won ($26) with Pair of Fives
Seat 1: c3d39366 folded on the Turn
Seat 5: 23336382 folded before Flop (didn't bet)
Seat 2: Hero(small blind) folded before Flop



Poker Hand #ring_964936776: NLH No Limit ($2/$4) - 2025/06/30 22:34:35
Table 'MR NLH 2/4' 7-max Seat #5 is the button
Seat 3: b5b3a1b1 ($176 in chips)
Seat 1: c3d39366 ($166.95 in chips)
Seat 5: 23336382 ($798 in chips)
Seat 2: Hero ($719.46 in chips)
c3d39366: posts small blind $2
Hero: posts big blind $4
*** HOLE CARDS ***
Dealt to b5b3a1b1 
Dealt to c3d39366 
Dealt to 23336382 
Dealt to Hero [8c 4h]
b5b3a1b1: folds
23336382: raises $8 to $12
c3d39366: calls $10
Hero: folds
*** FLOP *** [Jd 5d 4c]
c3d39366: checks
23336382: bets $12
c3d39366: folds
Uncalled bet ($12) returned to 23336382
*** SHOWDOWN ***
23336382 collected $28 from pot
*** SUMMARY ***
Total pot $28
Board [Jd 5d 4c]
Seat 3: b5b3a1b1 folded before Flop (didn't bet)
Seat 1: c3d39366(small blind) folded on the Flop
Seat 5: 23336382won ($28) with Pair of Kings
Seat 2: Hero(big blind) folded before Flop



Poker Hand #ring_964935886: NLH No Limit ($2/$4) - 2025/06/30 22:34:04
Table 'MR NLH 2/4' 7-max Seat #3 is the button
Seat 3: b5b3a1b1 ($190 in chips)
Seat 1: c3d39366 ($152.3 in chips)
Seat 5: 23336382 ($800 in chips)
Seat 2: Hero ($719.46 in chips)
23336382: posts small blind $2
c3d39366: posts big blind $4
*** HOLE CARDS ***
Dealt to b5b3a1b1 
Dealt to c3d39366 
Dealt to 23336382 
Dealt to Hero [5h Th]
Hero: folds
b5b3a1b1: raises $10 to $14
23336382: folds
c3d39366: calls $10
*** FLOP *** [Jd 2d Jh]
c3d39366: bets $22.5
b5b3a1b1: folds
Uncalled bet ($22.5) returned to c3d39366
*** SHOWDOWN ***
c3d39366 collected $30 from pot
*** SUMMARY ***
Total pot $30
Board [Jd 2d Jh]
Seat 3: b5b3a1b1 folded on the Flop
Seat 1: c3d39366(big blind)won ($30) with Pair of Jacks
Seat 5: 23336382(small blind) folded before Flop
Seat 2: Hero folded before Flop (didn't bet)



Poker Hand #ring_964934441: NLH No Limit ($2/$4) - 2025/06/30 22:33:15
Table 'MR NLH 2/4' 7-max Seat #2 is the button
Seat 3: b5b3a1b1 ($192 in chips)
Seat 1: c3d39366 ($131.74 in chips)
Seat 7: 46a74064 ($575.72 in chips)
Seat 5: 23336382 ($798 in chips)
Seat 2: Hero ($719.46 in chips)
b5b3a1b1: posts small blind $2
23336382: posts big blind $4
*** HOLE CARDS ***
Dealt to b5b3a1b1 
Dealt to c3d39366 
Dealt to 46a74064 
Dealt to 23336382 
Dealt to Hero [9c Ah]
46a74064: raises $6 to $10
c3d39366: calls $10
Hero: folds
b5b3a1b1: folds
23336382: calls $6
*** FLOP *** [Jh 2s Kc]
23336382: checks
46a74064: checks
c3d39366: checks
*** TURN *** [Jh 2s Kc] [3c]
23336382: checks
46a74064: checks
c3d39366: bets $24
23336382: folds
46a74064: folds
Uncalled bet ($24) returned to c3d39366
*** SHOWDOWN ***
c3d39366 collected $32 from pot
*** SUMMARY ***
Total pot $32
Board [Jh 2s Kc 3c]
Seat 3: b5b3a1b1(small blind) folded before Flop
Seat 1: c3d39366won ($32) with King-High
Seat 7: 46a74064 folded on the Turn
Seat 5: 23336382(big blind) folded on the Turn
Seat 2: Hero folded before Flop (didn't bet)



Poker Hand #ring_964933789: NLH No Limit ($2/$4) - 2025/06/30 22:32:52
Table 'MR NLH 2/4' 7-max Seat #1 is the button
Seat 3: b5b3a1b1 ($196 in chips)
Seat 1: c3d39366 ($131.74 in chips)
Seat 7: 46a74064 ($575.72 in chips)
Seat 5: 23336382 ($798 in chips)
Seat 2: Hero ($715.46 in chips)
Seat 6: 386eec9a ($212.91 in chips)
Hero: posts small blind $2
b5b3a1b1: posts big blind $4
*** HOLE CARDS ***
Dealt to b5b3a1b1 
Dealt to c3d39366 
Dealt to 46a74064 
Dealt to 23336382 
Dealt to Hero [Ac Jc]
Dealt to 386eec9a 
23336382: folds
386eec9a: folds
46a74064: folds
c3d39366: folds
Hero: raises $6 to $10
b5b3a1b1: folds
Uncalled bet ($6) returned to Hero
*** SHOWDOWN ***
Hero collected $8 from pot
*** SUMMARY ***
Total pot $8
Seat 3: b5b3a1b1(big blind) folded before Flop
Seat 1: c3d39366 folded before Flop (didn't bet)
Seat 7: 46a74064 folded before Flop (didn't bet)
Seat 5: 23336382 folded before Flop (didn't bet)
Seat 2: Hero(small blind)won ($8)
Seat 6: 386eec9a folded before Flop (didn't bet)



Poker Hand #ring_964932388: NLH No Limit ($2/$4) - 2025/06/30 22:32:03
Table 'MR NLH 2/4' 7-max Seat #7 is the button
Seat 3: b5b3a1b1 ($200 in chips)
Seat 1: c3d39366 ($175.94 in chips)
Seat 7: 46a74064 ($575.72 in chips)
Seat 5: 23336382 ($798 in chips)
Seat 2: Hero ($672.41 in chips)
Seat 6: 386eec9a ($212.91 in chips)
c3d39366: posts small blind $2
Hero: posts big blind $4
b5b3a1b1: posts big blind $4
*** HOLE CARDS ***
Dealt to b5b3a1b1 
Dealt to c3d39366 
Dealt to 46a74064 
Dealt to 23336382 
Dealt to Hero [Ks Ad]
Dealt to 386eec9a 
b5b3a1b1: checks
23336382: folds
386eec9a: folds
46a74064: folds
c3d39366: raises $8 to $12
Hero: raises $32.2 to $44.2
b5b3a1b1: folds
c3d39366: calls $32.2
*** FLOP *** [3d Jd 6h]
c3d39366: checks
Hero: bets $27.72
c3d39366: folds
Uncalled bet ($27.72) returned to Hero
*** SHOWDOWN ***
Hero collected $92.4 from pot
*** SUMMARY ***
Total pot $92.4
Board [3d Jd 6h]
Seat 3: b5b3a1b1 folded before Flop
Seat 1: c3d39366(small blind) folded on the Flop
Seat 7: 46a74064 folded before Flop (didn't bet)
Seat 5: 23336382 folded before Flop (didn't bet)
Seat 2: Hero(big blind)won ($92.4) with Ace-High
Seat 6: 386eec9a folded before Flop (didn't bet)



Poker Hand #ring_964928737: NLH No Limit ($2/$4) - 2025/06/30 22:29:57
Table 'MR NLH 2/4' 7-max Seat #6 is the button
Seat 1: c3d39366 ($434.94 in chips)
Seat 7: 46a74064 ($577.72 in chips)
Seat 4: a80cc5f3 ($190.47 in chips)
Seat 5: 23336382 ($798 in chips)
Seat 2: Hero ($435.81 in chips)
Seat 6: 386eec9a ($212.91 in chips)
46a74064: posts small blind $2
c3d39366: posts big blind $4
*** HOLE CARDS ***
Dealt to c3d39366 
Dealt to 46a74064 
Dealt to a80cc5f3 
Dealt to 23336382 
Dealt to Hero [5s 5d]
Dealt to 386eec9a 
Hero: raises $8 to $12
a80cc5f3: folds
23336382: folds
386eec9a: folds
46a74064: folds
c3d39366: calls $8
*** FLOP *** [5c Ts Jc]
c3d39366: checks
Hero: bets $13
c3d39366: raises $26 to $39
Hero: calls $26
*** TURN *** [5c Ts Jc] [6d]
c3d39366: bets $78
Hero: raises $130 to $208
c3d39366: calls $130
*** RIVER *** [5c Ts Jc 6d] [8s]
c3d39366: checks
Hero: checks
c3d39366: shows [4c Kc]
Hero: shows [5s 5d]
*** SHOWDOWN ***
Hero collected $520 from pot
*** SUMMARY ***
Total pot $520
Board [5c Ts Jc 6d 8s]
Seat 1: c3d39366(big blind) showed [4c Kc] and lost with King-High
Seat 7: 46a74064(small blind) folded before Flop
Seat 4: a80cc5f3 folded before Flop (didn't bet)
Seat 5: 23336382 folded before Flop (didn't bet)
Seat 2: Hero showed [5s 5d] and won ($520) with Three Fives
Seat 6: 386eec9a folded before Flop (didn't bet)



Poker Hand #ring_964927837: NLH No Limit ($2/$4) - 2025/06/30 22:29:26
Table 'MR NLH 2/4' 7-max Seat #5 is the button
Seat 1: c3d39366 ($434.94 in chips)
Seat 7: 46a74064 ($581.72 in chips)
Seat 4: a80cc5f3 ($206.47 in chips)
Seat 5: 23336382 ($798 in chips)
Seat 2: Hero ($435.81 in chips)
Seat 6: 386eec9a ($194.53 in chips)
386eec9a: posts small blind $2
46a74064: posts big blind $4
*** HOLE CARDS ***
Dealt to c3d39366 
Dealt to 46a74064 
Dealt to a80cc5f3 
Dealt to 23336382 
Dealt to Hero [7h Qh]
Dealt to 386eec9a 
c3d39366: folds
Hero: folds
a80cc5f3: calls $4
23336382: folds
386eec9a: raises $12 to $16
46a74064: folds
a80cc5f3: calls $12
*** FLOP *** [3h Js 5s]
386eec9a: bets $18
a80cc5f3: folds
Uncalled bet ($18) returned to 386eec9a
*** SHOWDOWN ***
386eec9a collected $36 from pot
*** SUMMARY ***
Total pot $36
Board [3h Js 5s]
Seat 1: c3d39366 folded before Flop (didn't bet)
Seat 7: 46a74064(big blind) folded before Flop
Seat 4: a80cc5f3 folded on the Flop
Seat 5: 23336382 folded before Flop (didn't bet)
Seat 2: Hero folded before Flop (didn't bet)
Seat 6: 386eec9a(small blind)won ($36) with Pair of Fours



Poker Hand #ring_964926768: NLH No Limit ($2/$4) - 2025/06/30 22:28:49
Table 'MR NLH 2/4' 7-max Seat #4 is the button
Seat 1: c3d39366 ($434.94 in chips)
Seat 7: 46a74064 ($581.72 in chips)
Seat 4: a80cc5f3 ($190 in chips)
Seat 5: 23336382 ($800 in chips)
Seat 2: Hero ($435.81 in chips)
Seat 6: 386eec9a ($210.53 in chips)
23336382: posts small blind $2
386eec9a: posts big blind $4
*** HOLE CARDS ***
Dealt to c3d39366 
Dealt to 46a74064 
Dealt to a80cc5f3 
Dealt to 23336382 
Dealt to Hero [9c 7h]
Dealt to 386eec9a 
46a74064: folds
c3d39366: folds
Hero: folds
a80cc5f3: calls $4
23336382: folds
386eec9a: raises $12 to $16
a80cc5f3: calls $12
*** FLOP *** [6h Jh Qh]
386eec9a: checks
a80cc5f3: bets $174 and is all-in
386eec9a: folds
Uncalled bet ($174) returned to a80cc5f3
*** SHOWDOWN ***
a80cc5f3 collected $34 from pot
*** SUMMARY ***
Total pot $34
Board [6h Jh Qh]
Seat 1: c3d39366 folded before Flop (didn't bet)
Seat 7: 46a74064 folded before Flop (didn't bet)
Seat 4: a80cc5f3won ($34) with Pair of Queens
Seat 5: 23336382(small blind) folded before Flop
Seat 2: Hero folded before Flop (didn't bet)
Seat 6: 386eec9a(big blind) folded on the Flop



Poker Hand #ring_964926147: NLH No Limit ($2/$4) - 2025/06/30 22:28:27
Table 'MR NLH 2/4' 7-max Seat #2 is the button
Seat 1: c3d39366 ($434.94 in chips)
Seat 7: 46a74064 ($581.72 in chips)
Seat 4: a80cc5f3 ($192 in chips)
Seat 5: 23336382 ($800 in chips)
Seat 2: Hero ($429.81 in chips)
Seat 6: 386eec9a ($210.53 in chips)
a80cc5f3: posts small blind $2
23336382: posts big blind $4
*** HOLE CARDS ***
Dealt to c3d39366 
Dealt to 46a74064 
Dealt to a80cc5f3 
Dealt to 23336382 
Dealt to Hero [Qh As]
Dealt to 386eec9a 
386eec9a: folds
46a74064: folds
c3d39366: folds
Hero: raises $8 to $12
a80cc5f3: folds
23336382: folds
Uncalled bet ($8) returned to Hero
*** SHOWDOWN ***
Hero collected $10 from pot
*** SUMMARY ***
Total pot $10
Seat 1: c3d39366 folded before Flop (didn't bet)
Seat 7: 46a74064 folded before Flop (didn't bet)
Seat 4: a80cc5f3(small blind) folded before Flop
Seat 5: 23336382(big blind) folded before Flop
Seat 2: Herowon ($10)
Seat 6: 386eec9a folded before Flop (didn't bet)



Poker Hand #ring_964925075: NLH No Limit ($2/$4) - 2025/06/30 22:27:49
Table 'MR NLH 2/4' 7-max Seat #1 is the button
Seat 1: c3d39366 ($479.14 in chips)
Seat 7: 46a74064 ($581.72 in chips)
Seat 4: a80cc5f3 ($196 in chips)
Seat 5: 23336382 ($800 in chips)
Seat 2: Hero ($386.76 in chips)
Seat 6: 386eec9a ($210.53 in chips)
Hero: posts small blind $2
a80cc5f3: posts big blind $4
*** HOLE CARDS ***
Dealt to c3d39366 
Dealt to 46a74064 
Dealt to a80cc5f3 
Dealt to 23336382 
Dealt to Hero [Ad As]
Dealt to 386eec9a 
23336382: folds
386eec9a: folds
46a74064: folds
c3d39366: raises $8 to $12
Hero: raises $32.2 to $44.2
a80cc5f3: folds
c3d39366: calls $32.2
*** FLOP *** [8c 2h 3h]
Hero: bets $27.72
c3d39366: folds
Uncalled bet ($27.72) returned to Hero
*** SHOWDOWN ***
Hero collected $92.4 from pot
*** SUMMARY ***
Total pot $92.4
Board [8c 2h 3h]
Seat 1: c3d39366 folded on the Flop
Seat 7: 46a74064 folded before Flop (didn't bet)
Seat 4: a80cc5f3(big blind) folded before Flop
Seat 5: 23336382 folded before Flop (didn't bet)
Seat 2: Hero(small blind)won ($92.4) with Pair of Aces
Seat 6: 386eec9a folded before Flop (didn't bet)



Poker Hand #ring_964924575: NLH No Limit ($2/$4) - 2025/06/30 22:27:32
Table 'MR NLH 2/4' 7-max Seat #7 is the button
Seat 1: c3d39366 ($481.14 in chips)
Seat 7: 46a74064 ($581.72 in chips)
Seat 4: a80cc5f3 ($196 in chips)
Seat 5: 23336382 ($800 in chips)
Seat 2: Hero ($384.76 in chips)
Seat 6: 386eec9a ($210.53 in chips)
c3d39366: posts small blind $2
Hero: posts big blind $4
*** HOLE CARDS ***
Dealt to c3d39366 
Dealt to 46a74064 
Dealt to a80cc5f3 
Dealt to 23336382 
Dealt to Hero [6s Th]
Dealt to 386eec9a 
a80cc5f3: folds
23336382: folds
386eec9a: folds
46a74064: folds
c3d39366: folds
*** SHOWDOWN ***
Hero collected $6 from pot
*** SUMMARY ***
Total pot $6
Seat 1: c3d39366(small blind) folded before Flop
Seat 7: 46a74064 folded before Flop (didn't bet)
Seat 4: a80cc5f3 folded before Flop (didn't bet)
Seat 5: 23336382 folded before Flop (didn't bet)
Seat 2: Hero(big blind)won ($6)
Seat 6: 386eec9a folded before Flop (didn't bet)



Poker Hand #ring_964923903: NLH No Limit ($2/$4) - 2025/06/30 22:27:09
Table 'MR NLH 2/4' 7-max Seat #6 is the button
Seat 1: c3d39366 ($485.14 in chips)
Seat 7: 46a74064 ($583.72 in chips)
Seat 4: a80cc5f3 ($200 in chips)
Seat 5: 23336382 ($800 in chips)
Seat 2: Hero ($384.76 in chips)
Seat 6: 386eec9a ($186.53 in chips)
46a74064: posts small blind $2
c3d39366: posts big blind $4
a80cc5f3: posts big blind $4
*** HOLE CARDS ***
Dealt to c3d39366 
Dealt to 46a74064 
Dealt to a80cc5f3 
Dealt to 23336382 
Dealt to Hero [6s 5h]
Dealt to 386eec9a 
Hero: folds
a80cc5f3: checks
23336382: raises $10 to $14
386eec9a: raises $38 to $52
46a74064: folds
c3d39366: folds
a80cc5f3: folds
23336382: folds
Uncalled bet ($38) returned to 386eec9a
*** SHOWDOWN ***
386eec9a collected $38 from pot
*** SUMMARY ***
Total pot $38
Seat 1: c3d39366(big blind) folded before Flop
Seat 7: 46a74064(small blind) folded before Flop
Seat 4: a80cc5f3 folded before Flop
Seat 5: 23336382 folded before Flop
Seat 2: Hero folded before Flop (didn't bet)
Seat 6: 386eec9awon ($38)



Poker Hand #ring_964922760: NLH No Limit ($2/$4) - 2025/06/30 22:26:28
Table 'MR NLH 2/4' 7-max Seat #5 is the button
Seat 1: c3d39366 ($497.14 in chips)
Seat 7: 46a74064 ($545.72 in chips)
Seat 5: 23336382 ($808 in chips)
Seat 2: Hero ($396.76 in chips)
Seat 6: 386eec9a ($188.53 in chips)
386eec9a: posts small blind $2
46a74064: posts big blind $4
*** HOLE CARDS ***
Dealt to c3d39366 
Dealt to 46a74064 
Dealt to 23336382 
Dealt to Hero [Ah 4h]
Dealt to 386eec9a 
c3d39366: raises $8 to $12
Hero: calls $12
23336382: calls $12
386eec9a: folds
46a74064: raises $56 to $68
c3d39366: folds
Hero: folds
23336382: folds
Uncalled bet ($56) returned to 46a74064
*** SHOWDOWN ***
46a74064 collected $50 from pot
*** SUMMARY ***
Total pot $50
Seat 1: c3d39366 folded before Flop
Seat 7: 46a74064(big blind)won ($50)
Seat 5: 23336382 folded before Flop
Seat 2: Hero folded before Flop
Seat 6: 386eec9a(small blind) folded before Flop



Poker Hand #ring_964922169: NLH No Limit ($2/$4) - 2025/06/30 22:26:09
Table 'MR NLH 2/4' 7-max Seat #2 is the button
Seat 1: c3d39366 ($491.14 in chips)
Seat 5: 23336382 ($810 in chips)
Seat 2: Hero ($396.76 in chips)
Seat 6: 386eec9a ($192.53 in chips)
23336382: posts small blind $2
386eec9a: posts big blind $4
*** HOLE CARDS ***
Dealt to c3d39366 
Dealt to 23336382 
Dealt to Hero [Ah 8s]
Dealt to 386eec9a 
c3d39366: raises $8 to $12
Hero: folds
23336382: folds
386eec9a: folds
Uncalled bet ($8) returned to c3d39366
*** SHOWDOWN ***
c3d39366 collected $10 from pot
*** SUMMARY ***
Total pot $10
Seat 1: c3d39366won ($10)
Seat 5: 23336382(small blind) folded before Flop
Seat 2: Hero folded before Flop (didn't bet)
Seat 6: 386eec9a(big blind) folded before Flop



Poker Hand #ring_964921707: NLH No Limit ($2/$4) - 2025/06/30 22:25:53
Table 'MR NLH 2/4' 7-max Seat #1 is the button
Seat 1: c3d39366 ($491.14 in chips)
Seat 5: 23336382 ($814 in chips)
Seat 2: Hero ($398.76 in chips)
Seat 6: 386eec9a ($186.53 in chips)
Hero: posts small blind $2
23336382: posts big blind $4
*** HOLE CARDS ***
Dealt to c3d39366 
Dealt to 23336382 
Dealt to Hero [5d 2h]
Dealt to 386eec9a 
386eec9a: raises $8 to $12
c3d39366: folds
Hero: folds
23336382: folds
Uncalled bet ($8) returned to 386eec9a
*** SHOWDOWN ***
386eec9a collected $10 from pot
*** SUMMARY ***
Total pot $10
Seat 1: c3d39366 folded before Flop (didn't bet)
Seat 5: 23336382(big blind) folded before Flop
Seat 2: Hero(small blind) folded before Flop
Seat 6: 386eec9awon ($10)



Poker Hand #ring_964920859: NLH No Limit ($2/$4) - 2025/06/30 22:25:22
Table 'MR NLH 2/4' 7-max Seat #6 is the button
Seat 1: c3d39366 ($493.14 in chips)
Seat 3: a4eb4355 ($534.71 in chips)
Seat 5: 23336382 ($814 in chips)
Seat 2: Hero ($408.76 in chips)
Seat 6: 386eec9a ($186.53 in chips)
c3d39366: posts small blind $2
Hero: posts big blind $4
*** HOLE CARDS ***
Dealt to c3d39366 
Dealt to a4eb4355 
Dealt to 23336382 
Dealt to Hero [Td Kd]
Dealt to 386eec9a 
a4eb4355: raises $6 to $10
23336382: folds
386eec9a: folds
c3d39366: folds
Hero: calls $6
*** FLOP *** [7h 2s 6s]
Hero: checks
a4eb4355: bets $16.5
Hero: folds
Uncalled bet ($16.5) returned to a4eb4355
*** SHOWDOWN ***
a4eb4355 collected $22 from pot
*** SUMMARY ***
Total pot $22
Board [7h 2s 6s]
Seat 1: c3d39366(small blind) folded before Flop
Seat 3: a4eb4355won ($22) with Pair of Eights
Seat 5: 23336382 folded before Flop (didn't bet)
Seat 2: Hero(big blind) folded on the Flop
Seat 6: 386eec9a folded before Flop (didn't bet)



Poker Hand #ring_964920074: NLH No Limit ($2/$4) - 2025/06/30 22:24:55
Table 'MR NLH 2/4' 7-max Seat #5 is the button
Seat 1: c3d39366 ($497.14 in chips)
Seat 3: a4eb4355 ($544.71 in chips)
Seat 5: 23336382 ($798 in chips)
Seat 2: Hero ($408.76 in chips)
Seat 6: 386eec9a ($188.53 in chips)
386eec9a: posts small blind $2
c3d39366: posts big blind $4
*** HOLE CARDS ***
Dealt to c3d39366 
Dealt to a4eb4355 
Dealt to 23336382 
Dealt to Hero [Ac 5h]
Dealt to 386eec9a 
Hero: folds
a4eb4355: raises $6 to $10
23336382: raises $34 to $44
386eec9a: folds
c3d39366: folds
a4eb4355: folds
Uncalled bet ($34) returned to 23336382
*** SHOWDOWN ***
23336382 collected $26 from pot
*** SUMMARY ***
Total pot $26
Seat 1: c3d39366(big blind) folded before Flop
Seat 3: a4eb4355 folded before Flop
Seat 5: 23336382won ($26)
Seat 2: Hero folded before Flop (didn't bet)
Seat 6: 386eec9a(small blind) folded before Flop



Poker Hand #ring_964918177: NLH No Limit ($2/$4) - 2025/06/30 22:23:50
Table 'MR NLH 2/4' 7-max Seat #4 is the button
Seat 1: c3d39366 ($305.46 in chips)
Seat 3: a4eb4355 ($544.71 in chips)
Seat 5: 23336382 ($800 in chips)
Seat 2: Hero ($420.76 in chips)
Seat 4: d8d070a3 ($192.84 in chips)
Seat 6: 386eec9a ($192.53 in chips)
23336382: posts small blind $2
386eec9a: posts big blind $4
*** HOLE CARDS ***
Dealt to c3d39366 
Dealt to a4eb4355 
Dealt to 23336382 
Dealt to Hero [Qs Ts]
Dealt to d8d070a3 
Dealt to 386eec9a 
c3d39366: raises $8 to $12
Hero: calls $12
a4eb4355: folds
d8d070a3: calls $12
23336382: folds
386eec9a: folds
*** FLOP *** [4h 7h 3c]
c3d39366: bets $31.5
Hero: folds
d8d070a3: raises $105 to $136.5
c3d39366: raises $156.96 to $293.46 and is all-in
d8d070a3: calls $44.34 and is all-in
Uncalled bet ($112.62) returned to c3d39366
c3d39366: shows [Qh 8h] (Queen-High)
d8d070a3: shows [7s Ah] (Pair of Sevens)
*** TURN *** [4h 7h 3c] [8c]
*** RIVER *** [4h 7h 3c 8c] [5c]
*** SHOWDOWN ***
c3d39366 collected $403.68 from pot
*** SUMMARY ***
Total pot $403.68
Board [4h 7h 3c 8c 5c]
Seat 1: c3d39366 showed [Qh 8h] and won ($403.68) with Pair of Eights
Seat 3: a4eb4355 folded before Flop (didn't bet)
Seat 5: 23336382(small blind) folded before Flop
Seat 2: Hero folded on the Flop
Seat 4: d8d070a3 showed [7s Ah] and lost with Pair of Sevens
Seat 6: 386eec9a(big blind) folded before Flop



Poker Hand #ring_964917283: NLH No Limit ($2/$4) - 2025/06/30 22:23:17
Table 'MR NLH 2/4' 7-max Seat #3 is the button
Seat 1: c3d39366 ($299.46 in chips)
Seat 3: a4eb4355 ($544.71 in chips)
Seat 5: 23336382 ($800 in chips)
Seat 2: Hero ($420.76 in chips)
Seat 4: d8d070a3 ($194.84 in chips)
Seat 6: 386eec9a ($192.53 in chips)
d8d070a3: posts small blind $2
23336382: posts big blind $4
*** HOLE CARDS ***
Dealt to c3d39366 
Dealt to a4eb4355 
Dealt to 23336382 
Dealt to Hero [As 8h]
Dealt to d8d070a3 
Dealt to 386eec9a 
386eec9a: folds
c3d39366: raises $8 to $12
Hero: folds
a4eb4355: folds
d8d070a3: folds
23336382: folds
Uncalled bet ($8) returned to c3d39366
*** SHOWDOWN ***
c3d39366 collected $10 from pot
*** SUMMARY ***
Total pot $10
Seat 1: c3d39366won ($10)
Seat 3: a4eb4355 folded before Flop (didn't bet)
Seat 5: 23336382(big blind) folded before Flop
Seat 2: Hero folded before Flop (didn't bet)
Seat 4: d8d070a3(small blind) folded before Flop
Seat 6: 386eec9a folded before Flop (didn't bet)



Poker Hand #ring_964916434: NLH No Limit ($2/$4) - 2025/06/30 22:22:49
Table 'MR NLH 2/4' 7-max Seat #2 is the button
Seat 1: c3d39366 ($299.46 in chips)
Seat 3: a4eb4355 ($520.71 in chips)
Seat 5: 23336382 ($800 in chips)
Seat 2: Hero ($430.76 in chips)
Seat 4: d8d070a3 ($198.84 in chips)
Seat 6: 386eec9a ($192.53 in chips)
a4eb4355: posts small blind $2
d8d070a3: posts big blind $4
*** HOLE CARDS ***
Dealt to c3d39366 
Dealt to a4eb4355 
Dealt to 23336382 
Dealt to Hero [6h 9h]
Dealt to d8d070a3 
Dealt to 386eec9a 
23336382: raises $6 to $10
386eec9a: folds
c3d39366: folds
Hero: calls $10
a4eb4355: raises $50 to $60
d8d070a3: folds
23336382: folds
Hero: folds
Uncalled bet ($50) returned to a4eb4355
*** SHOWDOWN ***
a4eb4355 collected $34 from pot
*** SUMMARY ***
Total pot $34
Seat 1: c3d39366 folded before Flop (didn't bet)
Seat 3: a4eb4355(small blind)won ($34)
Seat 5: 23336382 folded before Flop
Seat 2: Hero folded before Flop
Seat 4: d8d070a3(big blind) folded before Flop
Seat 6: 386eec9a folded before Flop (didn't bet)



Poker Hand #ring_964915836: NLH No Limit ($2/$4) - 2025/06/30 22:22:27
Table 'MR NLH 2/4' 7-max Seat #1 is the button
Seat 7: de56f73c ($133.18 in chips)
Seat 1: c3d39366 ($299.46 in chips)
Seat 3: a4eb4355 ($524.71 in chips)
Seat 5: 23336382 ($800 in chips)
Seat 2: Hero ($426.76 in chips)
Seat 4: d8d070a3 ($198.84 in chips)
Seat 6: 386eec9a ($192.53 in chips)
Hero: posts small blind $2
a4eb4355: posts big blind $4
*** HOLE CARDS ***
Dealt to de56f73c 
Dealt to c3d39366 
Dealt to a4eb4355 
Dealt to 23336382 
Dealt to Hero [5d Kc]
Dealt to d8d070a3 
Dealt to 386eec9a 
d8d070a3: folds
23336382: folds
386eec9a: folds
de56f73c: folds
c3d39366: folds
Hero: raises $6 to $10
a4eb4355: folds
Uncalled bet ($6) returned to Hero
*** SHOWDOWN ***
Hero collected $8 from pot
*** SUMMARY ***
Total pot $8
Seat 7: de56f73c folded before Flop (didn't bet)
Seat 1: c3d39366 folded before Flop (didn't bet)
Seat 3: a4eb4355(big blind) folded before Flop
Seat 5: 23336382 folded before Flop (didn't bet)
Seat 2: Hero(small blind)won ($8)
Seat 4: d8d070a3 folded before Flop (didn't bet)
Seat 6: 386eec9a folded before Flop (didn't bet)



Poker Hand #ring_964914482: NLH No Limit ($2/$4) - 2025/06/30 22:21:41
Table 'MR NLH 2/4' 7-max Seat #7 is the button
Seat 7: de56f73c ($133.18 in chips)
Seat 1: c3d39366 ($301.46 in chips)
Seat 3: a4eb4355 ($524.71 in chips)
Seat 5: 23336382 ($800 in chips)
Seat 2: Hero ($396 in chips)
Seat 4: d8d070a3 ($198.84 in chips)
Seat 6: 386eec9a ($225.33 in chips)
c3d39366: posts small blind $2
Hero: posts big blind $4
*** HOLE CARDS ***
Dealt to de56f73c 
Dealt to c3d39366 
Dealt to a4eb4355 
Dealt to 23336382 
Dealt to Hero [Kh Kd]
Dealt to d8d070a3 
Dealt to 386eec9a 
a4eb4355: folds
d8d070a3: folds
23336382: folds
386eec9a: raises $8 to $12
de56f73c: folds
c3d39366: folds
Hero: raises $20.8 to $32.8
386eec9a: calls $20.8
*** FLOP *** [Qh 8d 4c]
Hero: bets $20.28
386eec9a: folds
Uncalled bet ($20.28) returned to Hero
*** SHOWDOWN ***
Hero collected $67.6 from pot
*** SUMMARY ***
Total pot $67.6
Board [Qh 8d 4c]
Seat 7: de56f73c folded before Flop (didn't bet)
Seat 1: c3d39366(small blind) folded before Flop
Seat 3: a4eb4355 folded before Flop (didn't bet)
Seat 5: 23336382 folded before Flop (didn't bet)
Seat 2: Hero(big blind)won ($67.6) with Pair of Kings
Seat 4: d8d070a3 folded before Flop (didn't bet)
Seat 6: 386eec9a folded on the Flop



