Poker Hand #ring_916485244: NLH No Limit ($2/$4) - 2025/06/04 15:09:34
Table 'MR NLH 2/4' 7-max Seat #5 is the button
Seat 6: 8f6a7325 ($1,398.49 in chips)
Seat 5: 3cb170ff ($247.96 in chips)
Seat 4: e05e5549 ($639.93 in chips)
Seat 7: ac51aee4 ($759.07 in chips)
Seat 2: 13c67996 ($840.34 in chips)
Seat 3: 76b56e90 ($1,034.14 in chips)
Seat 1: Hero ($203.81 in chips)
8f6a7325: posts small blind $2
ac51aee4: posts big blind $4
*** HOLE CARDS ***
Dealt to 8f6a7325 
Dealt to 3cb170ff 
Dealt to e05e5549 
Dealt to ac51aee4 
Dealt to 13c67996 
Dealt to 76b56e90 
Dealt to Hero [4h Js]
Hero: folds
13c67996: folds
76b56e90: folds
e05e5549: folds
3cb170ff: raises $4 to $8
8f6a7325: folds
ac51aee4: calls $4
*** FLOP *** [Kc As Kh]
ac51aee4: checks
3cb170ff: bets $9
ac51aee4: calls $9
*** TURN *** [Kc As Kh] [Ac]
ac51aee4: checks
3cb170ff: checks
*** RIVER *** [Kc As Kh Ac] [Td]
ac51aee4: bets $18
3cb170ff: folds
Uncalled bet ($18) returned to ac51aee4
*** SHOWDOWN ***
ac51aee4 collected $36 from pot
*** SUMMARY ***
Total pot $36
Board [Kc As Kh Ac Td]
Seat 6: 8f6a7325(small blind) folded before Flop
Seat 5: 3cb170ff folded on the River
Seat 4: e05e5549 folded before Flop (didn't bet)
Seat 7: ac51aee4(big blind)won ($36) with Aces Full over Kings
Seat 2: 13c67996 folded before Flop (didn't bet)
Seat 3: 76b56e90 folded before Flop (didn't bet)
Seat 1: Hero folded before Flop (didn't bet)



Poker Hand #ring_916483840: NLH No Limit ($2/$4) - 2025/06/04 15:08:22
Table 'MR NLH 2/4' 7-max Seat #4 is the button
Seat 6: 8f6a7325 ($1,402.49 in chips)
Seat 5: 3cb170ff ($196 in chips)
Seat 4: e05e5549 ($639.93 in chips)
Seat 7: ac51aee4 ($759.07 in chips)
Seat 2: 13c67996 ($840.34 in chips)
Seat 3: 76b56e90 ($1,034.14 in chips)
Seat 1: Hero ($257.81 in chips)
3cb170ff: posts small blind $2
8f6a7325: posts big blind $4
*** HOLE CARDS ***
Dealt to 8f6a7325 
Dealt to 3cb170ff 
Dealt to e05e5549 
Dealt to ac51aee4 
Dealt to 13c67996 
Dealt to 76b56e90 
Dealt to Hero [Ts Js]
ac51aee4: folds
Hero: raises $8 to $12
13c67996: folds
76b56e90: folds
e05e5549: folds
3cb170ff: calls $10
8f6a7325: folds
*** FLOP *** [Ks Kd Jd]
3cb170ff: checks
Hero: checks
*** TURN *** [Ks Kd Jd] [2h]
3cb170ff: bets $14
Hero: calls $14
*** RIVER *** [Ks Kd Jd 2h] [6s]
3cb170ff: bets $28
Hero: calls $28
Hero: shows [Ts Js]
3cb170ff: shows [2d 2s]
*** SHOWDOWN ***
3cb170ff collected $112 from pot
*** SUMMARY ***
Total pot $112
Board [Ks Kd Jd 2h 6s]
Seat 6: 8f6a7325(big blind) folded before Flop
Seat 5: 3cb170ff(small blind) showed [2d 2s] and won ($112) with Twos Full over Kings
Seat 4: e05e5549 folded before Flop (didn't bet)
Seat 7: ac51aee4 folded before Flop (didn't bet)
Seat 2: 13c67996 folded before Flop (didn't bet)
Seat 3: 76b56e90 folded before Flop (didn't bet)
Seat 1: Hero showed [Ts Js] and lost with Pair of Kings and Pair of Jacks



Poker Hand #ring_916483224: NLH No Limit ($2/$4) - 2025/06/04 15:07:49
Table 'MR NLH 2/4' 7-max Seat #3 is the button
Seat 6: 8f6a7325 ($1,396.49 in chips)
Seat 5: 3cb170ff ($200 in chips)
Seat 4: e05e5549 ($641.93 in chips)
Seat 7: ac51aee4 ($759.07 in chips)
Seat 2: 13c67996 ($840.34 in chips)
Seat 3: 76b56e90 ($1,034.14 in chips)
Seat 1: Hero ($257.81 in chips)
e05e5549: posts small blind $2
3cb170ff: posts big blind $4
*** HOLE CARDS ***
Dealt to 8f6a7325 
Dealt to 3cb170ff 
Dealt to e05e5549 
Dealt to ac51aee4 
Dealt to 13c67996 
Dealt to 76b56e90 
Dealt to Hero [Ks 5s]
8f6a7325: raises $8 to $12
ac51aee4: folds
Hero: folds
13c67996: folds
76b56e90: folds
e05e5549: folds
3cb170ff: folds
Uncalled bet ($8) returned to 8f6a7325
*** SHOWDOWN ***
8f6a7325 collected $10 from pot
*** SUMMARY ***
Total pot $10
Seat 6: 8f6a7325won ($10)
Seat 5: 3cb170ff(big blind) folded before Flop
Seat 4: e05e5549(small blind) folded before Flop
Seat 7: ac51aee4 folded before Flop (didn't bet)
Seat 2: 13c67996 folded before Flop (didn't bet)
Seat 3: 76b56e90 folded before Flop (didn't bet)
Seat 1: Hero folded before Flop (didn't bet)



Poker Hand #ring_916482481: NLH No Limit ($2/$4) - 2025/06/04 15:07:08
Table 'MR NLH 2/4' 7-max Seat #2 is the button
Seat 6: 8f6a7325 ($1,390.49 in chips)
Seat 5: 42affa19 ($804.76 in chips)
Seat 4: e05e5549 ($645.93 in chips)
Seat 7: ac51aee4 ($759.07 in chips)
Seat 2: 13c67996 ($840.34 in chips)
Seat 3: 76b56e90 ($1,036.14 in chips)
Seat 1: Hero ($257.81 in chips)
76b56e90: posts small blind $2
e05e5549: posts big blind $4
*** HOLE CARDS ***
Dealt to 8f6a7325 
Dealt to 42affa19 
Dealt to e05e5549 
Dealt to ac51aee4 
Dealt to 13c67996 
Dealt to 76b56e90 
Dealt to Hero [7c 2h]
42affa19: folds
8f6a7325: raises $8 to $12
ac51aee4: folds
Hero: folds
13c67996: folds
76b56e90: folds
e05e5549: folds
Uncalled bet ($8) returned to 8f6a7325
*** SHOWDOWN ***
8f6a7325 collected $10 from pot
*** SUMMARY ***
Total pot $10
Seat 6: 8f6a7325won ($10)
Seat 5: 42affa19 folded before Flop (didn't bet)
Seat 4: e05e5549(big blind) folded before Flop
Seat 7: ac51aee4 folded before Flop (didn't bet)
Seat 2: 13c67996 folded before Flop (didn't bet)
Seat 3: 76b56e90(small blind) folded before Flop
Seat 1: Hero folded before Flop (didn't bet)



Poker Hand #ring_916481419: NLH No Limit ($2/$4) - 2025/06/04 15:06:10
Table 'MR NLH 2/4' 7-max Seat #1 is the button
Seat 6: 8f6a7325 ($1,421.49 in chips)
Seat 5: 42affa19 ($835.76 in chips)
Seat 4: e05e5549 ($645.93 in chips)
Seat 7: ac51aee4 ($759.07 in chips)
Seat 2: 13c67996 ($842.34 in chips)
Seat 3: 76b56e90 ($977.41 in chips)
Seat 1: Hero ($257.81 in chips)
13c67996: posts small blind $2
76b56e90: posts big blind $4
*** HOLE CARDS ***
Dealt to 8f6a7325 
Dealt to 42affa19 
Dealt to e05e5549 
Dealt to ac51aee4 
Dealt to 13c67996 
Dealt to 76b56e90 
Dealt to Hero [2h Jh]
e05e5549: folds
42affa19: raises $8 to $12
8f6a7325: calls $12
ac51aee4: folds
Hero: folds
13c67996: folds
76b56e90: calls $8
*** FLOP *** [4h Qd 6h]
76b56e90: checks
42affa19: bets $19
8f6a7325: calls $19
76b56e90: raises $76 to $95
42affa19: folds
8f6a7325: folds
Uncalled bet ($76) returned to 76b56e90
42affa19: shows [Qs]
8f6a7325: shows [Qh]
*** SHOWDOWN ***
76b56e90 collected $95 from pot
*** SUMMARY ***
Total pot $95
Board [4h Qd 6h]
Seat 6: 8f6a7325 folded on the Flop
Seat 5: 42affa19 folded on the Flop
Seat 4: e05e5549 folded before Flop (didn't bet)
Seat 7: ac51aee4 folded before Flop (didn't bet)
Seat 2: 13c67996(small blind) folded before Flop
Seat 3: 76b56e90(big blind)won ($95) with Pair of Queens and Pair of Fours
Seat 1: Hero folded before Flop (didn't bet)



Poker Hand #ring_916480742: NLH No Limit ($2/$4) - 2025/06/04 15:05:34
Table 'MR NLH 2/4' 7-max Seat #7 is the button
Seat 6: 8f6a7325 ($1,421.49 in chips)
Seat 5: 42affa19 ($849.76 in chips)
Seat 4: e05e5549 ($659.93 in chips)
Seat 7: ac51aee4 ($725.07 in chips)
Seat 2: 13c67996 ($846.34 in chips)
Seat 3: 76b56e90 ($977.41 in chips)
Seat 1: Hero ($259.81 in chips)
Hero: posts small blind $2
13c67996: posts big blind $4
*** HOLE CARDS ***
Dealt to 8f6a7325 
Dealt to 42affa19 
Dealt to e05e5549 
Dealt to ac51aee4 
Dealt to 13c67996 
Dealt to 76b56e90 
Dealt to Hero [2s 7h]
76b56e90: folds
e05e5549: raises $10 to $14
42affa19: calls $14
8f6a7325: folds
ac51aee4: raises $50 to $64
Hero: folds
13c67996: folds
e05e5549: folds
42affa19: folds
Uncalled bet ($50) returned to ac51aee4
*** SHOWDOWN ***
ac51aee4 collected $48 from pot
*** SUMMARY ***
Total pot $48
Seat 6: 8f6a7325 folded before Flop (didn't bet)
Seat 5: 42affa19 folded before Flop
Seat 4: e05e5549 folded before Flop
Seat 7: ac51aee4won ($48)
Seat 2: 13c67996(big blind) folded before Flop
Seat 3: 76b56e90 folded before Flop (didn't bet)
Seat 1: Hero(small blind) folded before Flop



Poker Hand #ring_916479478: NLH No Limit ($2/$4) - 2025/06/04 15:04:25
Table 'MR NLH 2/4' 7-max Seat #6 is the button
Seat 6: 8f6a7325 ($1,421.49 in chips)
Seat 5: 42affa19 ($795.66 in chips)
Seat 4: e05e5549 ($688.45 in chips)
Seat 7: ac51aee4 ($727.07 in chips)
Seat 2: 13c67996 ($846.34 in chips)
Seat 3: 76b56e90 ($977.41 in chips)
Seat 1: Hero ($288.33 in chips)
ac51aee4: posts small blind $2
Hero: posts big blind $4
*** HOLE CARDS ***
Dealt to 8f6a7325 
Dealt to 42affa19 
Dealt to e05e5549 
Dealt to ac51aee4 
Dealt to 13c67996 
Dealt to 76b56e90 
Dealt to Hero [Td Jc]
13c67996: folds
76b56e90: folds
e05e5549: raises $10 to $14
42affa19: calls $14
8f6a7325: folds
ac51aee4: folds
Hero: calls $10
*** FLOP *** [3s Ac Js]
Hero: checks
e05e5549: bets $14.52
42affa19: calls $14.52
Hero: calls $14.52
*** TURN *** [3s Ac Js] [2d]
Hero: checks
e05e5549: checks
42affa19: bets $43.78
Hero: folds
e05e5549: folds
Uncalled bet ($43.78) returned to 42affa19
*** SHOWDOWN ***
42affa19 collected $87.56 from pot
*** SUMMARY ***
Total pot $87.56
Board [3s Ac Js 2d]
Seat 6: 8f6a7325 folded before Flop (didn't bet)
Seat 5: 42affa19won ($87.56) with Pair of Aces
Seat 4: e05e5549 folded on the Turn
Seat 7: ac51aee4(small blind) folded before Flop
Seat 2: 13c67996 folded before Flop (didn't bet)
Seat 3: 76b56e90 folded before Flop (didn't bet)
Seat 1: Hero(big blind) folded on the Turn



Poker Hand #ring_916478956: NLH No Limit ($2/$4) - 2025/06/04 15:03:56
Table 'MR NLH 2/4' 7-max Seat #5 is the button
Seat 6: 8f6a7325 ($1,423.49 in chips)
Seat 5: 42affa19 ($795.66 in chips)
Seat 4: e05e5549 ($688.45 in chips)
Seat 7: ac51aee4 ($725.07 in chips)
Seat 2: 13c67996 ($846.34 in chips)
Seat 3: 76b56e90 ($977.41 in chips)
Seat 1: Hero ($288.33 in chips)
8f6a7325: posts small blind $2
ac51aee4: posts big blind $4
*** HOLE CARDS ***
Dealt to 8f6a7325 
Dealt to 42affa19 
Dealt to e05e5549 
Dealt to ac51aee4 
Dealt to 13c67996 
Dealt to 76b56e90 
Dealt to Hero [Ts 6c]
Hero: folds
13c67996: folds
76b56e90: folds
e05e5549: folds
42affa19: folds
8f6a7325: folds
*** SHOWDOWN ***
ac51aee4 collected $6 from pot
*** SUMMARY ***
Total pot $6
Seat 6: 8f6a7325(small blind) folded before Flop
Seat 5: 42affa19 folded before Flop (didn't bet)
Seat 4: e05e5549 folded before Flop (didn't bet)
Seat 7: ac51aee4(big blind)won ($6)
Seat 2: 13c67996 folded before Flop (didn't bet)
Seat 3: 76b56e90 folded before Flop (didn't bet)
Seat 1: Hero folded before Flop (didn't bet)



Poker Hand #ring_916478563: NLH No Limit ($2/$4) - 2025/06/04 15:03:33
Table 'MR NLH 2/4' 7-max Seat #4 is the button
Seat 6: 8f6a7325 ($1,421.49 in chips)
Seat 5: 42affa19 ($797.66 in chips)
Seat 4: e05e5549 ($688.45 in chips)
Seat 7: ac51aee4 ($725.07 in chips)
Seat 2: 13c67996 ($846.34 in chips)
Seat 3: 76b56e90 ($977.41 in chips)
Seat 1: Hero ($288.33 in chips)
42affa19: posts small blind $2
8f6a7325: posts big blind $4
*** HOLE CARDS ***
Dealt to 8f6a7325 
Dealt to 42affa19 
Dealt to e05e5549 
Dealt to ac51aee4 
Dealt to 13c67996 
Dealt to 76b56e90 
Dealt to Hero [5c 4d]
ac51aee4: folds
Hero: folds
13c67996: folds
76b56e90: folds
e05e5549: folds
42affa19: folds
*** SHOWDOWN ***
8f6a7325 collected $6 from pot
*** SUMMARY ***
Total pot $6
Seat 6: 8f6a7325(big blind)won ($6)
Seat 5: 42affa19(small blind) folded before Flop
Seat 4: e05e5549 folded before Flop (didn't bet)
Seat 7: ac51aee4 folded before Flop (didn't bet)
Seat 2: 13c67996 folded before Flop (didn't bet)
Seat 3: 76b56e90 folded before Flop (didn't bet)
Seat 1: Hero folded before Flop (didn't bet)



Poker Hand #ring_916477112: NLH No Limit ($2/$4) - 2025/06/04 15:02:14
Table 'MR NLH 2/4' 7-max Seat #3 is the button
Seat 6: 8f6a7325 ($1,371.44 in chips)
Seat 5: 42affa19 ($851.66 in chips)
Seat 4: e05e5549 ($690.45 in chips)
Seat 7: ac51aee4 ($725.07 in chips)
Seat 2: 13c67996 ($846.34 in chips)
Seat 3: 76b56e90 ($977.41 in chips)
Seat 1: Hero ($288.33 in chips)
e05e5549: posts small blind $2
42affa19: posts big blind $4
*** HOLE CARDS ***
Dealt to 8f6a7325 
Dealt to 42affa19 
Dealt to e05e5549 
Dealt to ac51aee4 
Dealt to 13c67996 
Dealt to 76b56e90 
Dealt to Hero [3h Jc]
8f6a7325: raises $8 to $12
ac51aee4: folds
Hero: folds
13c67996: folds
76b56e90: folds
e05e5549: folds
42affa19: calls $8
*** FLOP *** [2c Ad Qc]
42affa19: checks
8f6a7325: bets $10
42affa19: calls $10
*** TURN *** [2c Ad Qc] [Kc]
42affa19: checks
8f6a7325: bets $32
42affa19: calls $32
*** RIVER *** [2c Ad Qc Kc] [Ks]
42affa19: checks
8f6a7325: bets $82.5
42affa19: folds
Uncalled bet ($82.5) returned to 8f6a7325
8f6a7325: shows [Qh Qd]
*** SHOWDOWN ***
8f6a7325 collected $110 from pot
*** SUMMARY ***
Total pot $110
Board [2c Ad Qc Kc Ks]
Seat 6: 8f6a7325 showed [Qh Qd] and won ($110) with Queens Full over Kings
Seat 5: 42affa19(big blind) folded on the River
Seat 4: e05e5549(small blind) folded before Flop
Seat 7: ac51aee4 folded before Flop (didn't bet)
Seat 2: 13c67996 folded before Flop (didn't bet)
Seat 3: 76b56e90 folded before Flop (didn't bet)
Seat 1: Hero folded before Flop (didn't bet)



Poker Hand #ring_916476512: NLH No Limit ($2/$4) - 2025/06/04 15:01:41
Table 'MR NLH 2/4' 7-max Seat #2 is the button
Seat 6: 8f6a7325 ($1,371.44 in chips)
Seat 5: 42affa19 ($851.66 in chips)
Seat 4: e05e5549 ($694.45 in chips)
Seat 7: ac51aee4 ($725.07 in chips)
Seat 2: 13c67996 ($846.34 in chips)
Seat 3: 76b56e90 ($973.41 in chips)
Seat 1: Hero ($288.33 in chips)
76b56e90: posts small blind $2
e05e5549: posts big blind $4
*** HOLE CARDS ***
Dealt to 8f6a7325 
Dealt to 42affa19 
Dealt to e05e5549 
Dealt to ac51aee4 
Dealt to 13c67996 
Dealt to 76b56e90 
Dealt to Hero [4c Qd]
42affa19: folds
8f6a7325: folds
ac51aee4: folds
Hero: folds
13c67996: folds
76b56e90: raises $8 to $12
e05e5549: folds
Uncalled bet ($8) returned to 76b56e90
*** SHOWDOWN ***
76b56e90 collected $8 from pot
*** SUMMARY ***
Total pot $8
Seat 6: 8f6a7325 folded before Flop (didn't bet)
Seat 5: 42affa19 folded before Flop (didn't bet)
Seat 4: e05e5549(big blind) folded before Flop
Seat 7: ac51aee4 folded before Flop (didn't bet)
Seat 2: 13c67996 folded before Flop (didn't bet)
Seat 3: 76b56e90(small blind)won ($8)
Seat 1: Hero folded before Flop (didn't bet)



Poker Hand #ring_916474716: NLH No Limit ($2/$4) - 2025/06/04 15:00:04
Table 'MR NLH 2/4' 7-max Seat #1 is the button
Seat 6: 8f6a7325 ($1,371.44 in chips)
Seat 5: 42affa19 ($1,143.66 in chips)
Seat 4: e05e5549 ($424 in chips)
Seat 7: ac51aee4 ($725.07 in chips)
Seat 2: 13c67996 ($848.34 in chips)
Seat 3: 76b56e90 ($977.41 in chips)
Seat 1: Hero ($288.33 in chips)
13c67996: posts small blind $2
76b56e90: posts big blind $4
*** HOLE CARDS ***
Dealt to 8f6a7325 
Dealt to 42affa19 
Dealt to e05e5549 
Dealt to ac51aee4 
Dealt to 13c67996 
Dealt to 76b56e90 
Dealt to Hero [9d 8c]
e05e5549: raises $10 to $14
42affa19: raises $30 to $44
8f6a7325: folds
ac51aee4: folds
Hero: folds
13c67996: folds
76b56e90: folds
e05e5549: calls $30
*** FLOP *** [5h Ks Jd]
e05e5549: checks
42affa19: bets $40
e05e5549: calls $40
*** TURN *** [5h Ks Jd] [Qh]
e05e5549: checks
42affa19: checks
*** RIVER *** [5h Ks Jd Qh] [6h]
e05e5549: checks
42affa19: bets $208
e05e5549: calls $208
e05e5549: shows [Jc Qs]
42affa19: shows [Ac 6c]
*** SHOWDOWN ***
e05e5549 collected $590 from pot
*** SUMMARY ***
Total pot $590
Board [5h Ks Jd Qh 6h]
Seat 6: 8f6a7325 folded before Flop (didn't bet)
Seat 5: 42affa19 showed [Ac 6c] and lost with Pair of Sixes
Seat 4: e05e5549 showed [Jc Qs] and won ($590) with Pair of Queens and Pair of Jacks
Seat 7: ac51aee4 folded before Flop (didn't bet)
Seat 2: 13c67996(small blind) folded before Flop
Seat 3: 76b56e90(big blind) folded before Flop
Seat 1: Hero folded before Flop (didn't bet)



Poker Hand #ring_916474115: NLH No Limit ($2/$4) - 2025/06/04 14:59:30
Table 'MR NLH 2/4' 7-max Seat #7 is the button
Seat 6: 8f6a7325 ($1,371.44 in chips)
Seat 5: 42affa19 ($1,143.66 in chips)
Seat 4: e05e5549 ($424 in chips)
Seat 7: ac51aee4 ($719.07 in chips)
Seat 2: 13c67996 ($852.34 in chips)
Seat 1: Hero ($290.33 in chips)
Hero: posts small blind $2
13c67996: posts big blind $4
*** HOLE CARDS ***
Dealt to 8f6a7325 
Dealt to 42affa19 
Dealt to e05e5549 
Dealt to ac51aee4 
Dealt to 13c67996 
Dealt to Hero [9d Jh]
e05e5549: folds
42affa19: folds
8f6a7325: folds
ac51aee4: raises $6 to $10
Hero: folds
13c67996: folds
Uncalled bet ($6) returned to ac51aee4
*** SHOWDOWN ***
ac51aee4 collected $10 from pot
*** SUMMARY ***
Total pot $10
Seat 6: 8f6a7325 folded before Flop (didn't bet)
Seat 5: 42affa19 folded before Flop (didn't bet)
Seat 4: e05e5549 folded before Flop (didn't bet)
Seat 7: ac51aee4won ($10)
Seat 2: 13c67996(big blind) folded before Flop
Seat 1: Hero(small blind) folded before Flop



Poker Hand #ring_916473691: NLH No Limit ($2/$4) - 2025/06/04 14:59:07
Table 'MR NLH 2/4' 7-max Seat #6 is the button
Seat 6: 8f6a7325 ($1,371.44 in chips)
Seat 5: 42affa19 ($1,143.66 in chips)
Seat 4: e05e5549 ($424 in chips)
Seat 7: ac51aee4 ($721.07 in chips)
Seat 2: 13c67996 ($852.34 in chips)
Seat 1: Hero ($288.33 in chips)
ac51aee4: posts small blind $2
Hero: posts big blind $4
*** HOLE CARDS ***
Dealt to 8f6a7325 
Dealt to 42affa19 
Dealt to e05e5549 
Dealt to ac51aee4 
Dealt to 13c67996 
Dealt to Hero [9h 6d]
13c67996: folds
e05e5549: folds
42affa19: folds
8f6a7325: folds
ac51aee4: folds
*** SHOWDOWN ***
Hero collected $6 from pot
*** SUMMARY ***
Total pot $6
Seat 6: 8f6a7325 folded before Flop (didn't bet)
Seat 5: 42affa19 folded before Flop (didn't bet)
Seat 4: e05e5549 folded before Flop (didn't bet)
Seat 7: ac51aee4(small blind) folded before Flop
Seat 2: 13c67996 folded before Flop (didn't bet)
Seat 1: Hero(big blind)won ($6)



Poker Hand #ring_916473216: NLH No Limit ($2/$4) - 2025/06/04 14:58:40
Table 'MR NLH 2/4' 7-max Seat #5 is the button
Seat 6: 8f6a7325 ($1,373.44 in chips)
Seat 5: 42affa19 ($1,137.66 in chips)
Seat 4: e05e5549 ($424 in chips)
Seat 7: ac51aee4 ($725.07 in chips)
Seat 2: 13c67996 ($852.34 in chips)
Seat 1: Hero ($288.33 in chips)
8f6a7325: posts small blind $2
ac51aee4: posts big blind $4
*** HOLE CARDS ***
Dealt to 8f6a7325 
Dealt to 42affa19 
Dealt to e05e5549 
Dealt to ac51aee4 
Dealt to 13c67996 
Dealt to Hero [Tc Qs]
Hero: folds
13c67996: folds
e05e5549: folds
42affa19: raises $8 to $12
8f6a7325: folds
ac51aee4: folds
Uncalled bet ($8) returned to 42affa19
*** SHOWDOWN ***
42affa19 collected $10 from pot
*** SUMMARY ***
Total pot $10
Seat 6: 8f6a7325(small blind) folded before Flop
Seat 5: 42affa19won ($10)
Seat 4: e05e5549 folded before Flop (didn't bet)
Seat 7: ac51aee4(big blind) folded before Flop
Seat 2: 13c67996 folded before Flop (didn't bet)
Seat 1: Hero folded before Flop (didn't bet)



Poker Hand #ring_916472005: NLH No Limit ($2/$4) - 2025/06/04 14:57:32
Table 'MR NLH 2/4' 7-max Seat #4 is the button
Seat 6: 8f6a7325 ($1,403.44 in chips)
Seat 5: 42affa19 ($1,149.66 in chips)
Seat 4: e05e5549 ($424 in chips)
Seat 7: ac51aee4 ($725.07 in chips)
Seat 2: 13c67996 ($852.34 in chips)
Seat 1: Hero ($250.57 in chips)
42affa19: posts small blind $2
8f6a7325: posts big blind $4
*** HOLE CARDS ***
Dealt to 8f6a7325 
Dealt to 42affa19 
Dealt to e05e5549 
Dealt to ac51aee4 
Dealt to 13c67996 
Dealt to Hero [As Ah]
ac51aee4: folds
Hero: raises $8 to $12
13c67996: folds
e05e5549: folds
42affa19: calls $10
8f6a7325: calls $8
*** FLOP *** [Ac Th 5c]
42affa19: checks
8f6a7325: checks
Hero: bets $18
42affa19: folds
8f6a7325: calls $18
*** TURN *** [Ac Th 5c] [4c]
8f6a7325: checks
Hero: bets $36
8f6a7325: folds
Uncalled bet ($36) returned to Hero
*** SHOWDOWN ***
Hero collected $72 from pot
*** SUMMARY ***
Total pot $72
Board [Ac Th 5c 4c]
Seat 6: 8f6a7325(big blind) folded on the Turn
Seat 5: 42affa19(small blind) folded on the Flop
Seat 4: e05e5549 folded before Flop (didn't bet)
Seat 7: ac51aee4 folded before Flop (didn't bet)
Seat 2: 13c67996 folded before Flop (didn't bet)
Seat 1: Herowon ($72) with Three Aces



Poker Hand #ring_916470750: NLH No Limit ($2/$4) - 2025/06/04 14:56:23
Table 'MR NLH 2/4' 7-max Seat #0 is the button
Seat 6: 8f6a7325 ($1,403.44 in chips)
Seat 5: 42affa19 ($1,130.02 in chips)
Seat 4: e05e5549 ($426 in chips)
Seat 7: ac51aee4 ($725.07 in chips)
Seat 2: 13c67996 ($872.92 in chips)
Seat 1: Hero ($250.57 in chips)
e05e5549: posts small blind $2
42affa19: posts big blind $4
*** HOLE CARDS ***
Dealt to 8f6a7325 
Dealt to 42affa19 
Dealt to e05e5549 
Dealt to ac51aee4 
Dealt to 13c67996 
Dealt to Hero [Jc Td]
8f6a7325: folds
ac51aee4: folds
Hero: folds
13c67996: raises $8 to $12
e05e5549: folds
42affa19: calls $8
*** FLOP *** [3c 4d Js]
42affa19: checks
13c67996: bets $8.58
42affa19: raises $24.22 to $32.8
13c67996: folds
Uncalled bet ($24.22) returned to 42affa19
*** SHOWDOWN ***
42affa19 collected $43.16 from pot
*** SUMMARY ***
Total pot $43.16
Board [3c 4d Js]
Seat 6: 8f6a7325 folded before Flop (didn't bet)
Seat 5: 42affa19(big blind)won ($43.16) with Jack-High
Seat 4: e05e5549(small blind) folded before Flop
Seat 7: ac51aee4 folded before Flop (didn't bet)
Seat 2: 13c67996 folded on the Flop
Seat 1: Hero folded before Flop (didn't bet)



Poker Hand #ring_916469716: NLH No Limit ($2/$4) - 2025/06/04 14:55:24
Table 'MR NLH 2/4' 7-max Seat #2 is the button
Seat 6: 8f6a7325 ($1,403.44 in chips)
Seat 5: 42affa19 ($1,186.12 in chips)
Seat 4: e05e5549 ($430 in chips)
Seat 7: ac51aee4 ($725.07 in chips)
Seat 2: 13c67996 ($872.92 in chips)
Seat 1: Hero ($196.69 in chips)
e05e5549: posts big blind $4
*** HOLE CARDS ***
Dealt to 8f6a7325 
Dealt to 42affa19 
Dealt to e05e5549 
Dealt to ac51aee4 
Dealt to 13c67996 
Dealt to Hero [7h Th]
42affa19: raises $8 to $12
8f6a7325: folds
ac51aee4: folds
Hero: calls $12
13c67996: folds
e05e5549: folds
*** FLOP *** [5h Td Ac]
42affa19: bets $9.24
Hero: calls $9.24
*** TURN *** [5h Td Ac] [8d]
42affa19: bets $34.86
Hero: raises $58.1 to $92.96
42affa19: folds
Uncalled bet ($58.1) returned to Hero
*** SHOWDOWN ***
Hero collected $116.2 from pot
*** SUMMARY ***
Total pot $116.2
Board [5h Td Ac 8d]
Seat 6: 8f6a7325 folded before Flop (didn't bet)
Seat 5: 42affa19 folded on the Turn
Seat 4: e05e5549(big blind) folded before Flop
Seat 7: ac51aee4 folded before Flop (didn't bet)
Seat 2: 13c67996 folded before Flop (didn't bet)
Seat 1: Herowon ($116.2) with Pair of Tens



Poker Hand #ring_916468387: NLH No Limit ($2/$4) - 2025/06/04 14:54:06
Table 'MR NLH 2/4' 7-max Seat #1 is the button
Seat 6: 8f6a7325 ($766.4 in chips)
Seat 3: 8a57a703 ($625.58 in chips)
Seat 5: 42affa19 ($1,246.12 in chips)
Seat 4: e05e5549 ($430 in chips)
Seat 7: ac51aee4 ($725.07 in chips)
Seat 2: 13c67996 ($884.92 in chips)
Seat 1: Hero ($196.69 in chips)
13c67996: posts small blind $2
8a57a703: posts big blind $4
*** HOLE CARDS ***
Dealt to 8f6a7325 
Dealt to 8a57a703 
Dealt to 42affa19 
Dealt to e05e5549 
Dealt to ac51aee4 
Dealt to 13c67996 
Dealt to Hero [Ks 3d]
e05e5549: folds
42affa19: raises $8 to $12
8f6a7325: calls $12
ac51aee4: folds
Hero: folds
13c67996: calls $10
8a57a703: raises $48 to $60
42affa19: calls $48
8f6a7325: calls $48
13c67996: folds
*** FLOP *** [8h 7d 6d]
8a57a703: bets $192
42affa19: folds
8f6a7325: raises $514.4 to $706.4 and is all-in
8a57a703: calls $373.58 and is all-in
Uncalled bet ($140.82) returned to 8f6a7325
8a57a703: shows [Ah Qc] (Ace-High)
8f6a7325: shows [6s 6h] (Three Sixes)
*** TURN *** [8h 7d 6d] [5c]
*** RIVER *** [8h 7d 6d 5c] [Ts]
*** SHOWDOWN ***
8f6a7325 collected $1,323.16 from pot
*** SUMMARY ***
Total pot $1,323.16
Board [8h 7d 6d 5c Ts]
Seat 6: 8f6a7325 showed [6s 6h] and won ($1,323.16) with Three Sixes
Seat 3: 8a57a703(big blind) showed [Ah Qc] and lost with Ace-High
Seat 5: 42affa19 folded on the Flop
Seat 4: e05e5549 folded before Flop (didn't bet)
Seat 7: ac51aee4 folded before Flop (didn't bet)
Seat 2: 13c67996(small blind) folded before Flop
Seat 1: Hero folded before Flop (didn't bet)



Poker Hand #ring_916466392: NLH No Limit ($2/$4) - 2025/06/04 14:52:25
Table 'MR NLH 2/4' 7-max Seat #7 is the button
Seat 6: 8f6a7325 ($766.4 in chips)
Seat 3: 8a57a703 ($625.58 in chips)
Seat 5: 42affa19 ($1,314.12 in chips)
Seat 4: e05e5549 ($430 in chips)
Seat 7: ac51aee4 ($725.07 in chips)
Seat 2: 13c67996 ($822.13 in chips)
Seat 1: Hero ($198.69 in chips)
Hero: posts small blind $2
13c67996: posts big blind $4
*** HOLE CARDS ***
Dealt to 8f6a7325 
Dealt to 8a57a703 
Dealt to 42affa19 
Dealt to e05e5549 
Dealt to ac51aee4 
Dealt to 13c67996 
Dealt to Hero [2s Ts]
8a57a703: folds
e05e5549: folds
42affa19: raises $8 to $12
8f6a7325: folds
ac51aee4: folds
Hero: folds
13c67996: calls $8
*** FLOP *** [3c 9c Th]
13c67996: checks
42affa19: bets $10
13c67996: raises $46 to $56
42affa19: calls $46
*** TURN *** [3c 9c Th] [Kd]
13c67996: bets $103.5
42affa19: folds
Uncalled bet ($103.5) returned to 13c67996
*** SHOWDOWN ***
13c67996 collected $138 from pot
*** SUMMARY ***
Total pot $138
Board [3c 9c Th Kd]
Seat 6: 8f6a7325 folded before Flop (didn't bet)
Seat 3: 8a57a703 folded before Flop (didn't bet)
Seat 5: 42affa19 folded on the Turn
Seat 4: e05e5549 folded before Flop (didn't bet)
Seat 7: ac51aee4 folded before Flop (didn't bet)
Seat 2: 13c67996(big blind)won ($138) with Three Treys
Seat 1: Hero(small blind) folded before Flop



Poker Hand #ring_916465617: NLH No Limit ($2/$4) - 2025/06/04 14:51:40
Table 'MR NLH 2/4' 7-max Seat #6 is the button
Seat 6: 8f6a7325 ($766.4 in chips)
Seat 3: 8a57a703 ($625.58 in chips)
Seat 5: 42affa19 ($1,301.29 in chips)
Seat 4: e05e5549 ($430 in chips)
Seat 7: ac51aee4 ($727.07 in chips)
Seat 2: 13c67996 ($822.13 in chips)
Seat 1: Hero ($210.69 in chips)
ac51aee4: posts small blind $2
Hero: posts big blind $4
*** HOLE CARDS ***
Dealt to 8f6a7325 
Dealt to 8a57a703 
Dealt to 42affa19 
Dealt to e05e5549 
Dealt to ac51aee4 
Dealt to 13c67996 
Dealt to Hero [Jc 4c]
13c67996: folds
8a57a703: folds
e05e5549: folds
42affa19: raises $8 to $12
8f6a7325: folds
ac51aee4: folds
Hero: calls $8
*** FLOP *** [5h Qd Ah]
Hero: checks
42affa19: bets $13
Hero: folds
Uncalled bet ($13) returned to 42affa19
*** SHOWDOWN ***
42affa19 collected $26 from pot
*** SUMMARY ***
Total pot $26
Board [5h Qd Ah]
Seat 6: 8f6a7325 folded before Flop (didn't bet)
Seat 3: 8a57a703 folded before Flop (didn't bet)
Seat 5: 42affa19won ($26) with Ace-High
Seat 4: e05e5549 folded before Flop (didn't bet)
Seat 7: ac51aee4(small blind) folded before Flop
Seat 2: 13c67996 folded before Flop (didn't bet)
Seat 1: Hero(big blind) folded on the Flop



Poker Hand #ring_916465201: NLH No Limit ($2/$4) - 2025/06/04 14:51:16
Table 'MR NLH 2/4' 7-max Seat #5 is the button
Seat 6: 8f6a7325 ($768.4 in chips)
Seat 3: 8a57a703 ($625.58 in chips)
Seat 5: 42affa19 ($1,301.29 in chips)
Seat 4: e05e5549 ($430 in chips)
Seat 7: ac51aee4 ($725.07 in chips)
Seat 2: 13c67996 ($822.13 in chips)
Seat 1: Hero ($210.69 in chips)
8f6a7325: posts small blind $2
ac51aee4: posts big blind $4
*** HOLE CARDS ***
Dealt to 8f6a7325 
Dealt to 8a57a703 
Dealt to 42affa19 
Dealt to e05e5549 
Dealt to ac51aee4 
Dealt to 13c67996 
Dealt to Hero [2c 7c]
Hero: folds
13c67996: folds
8a57a703: folds
e05e5549: folds
42affa19: folds
8f6a7325: folds
*** SHOWDOWN ***
ac51aee4 collected $6 from pot
*** SUMMARY ***
Total pot $6
Seat 6: 8f6a7325(small blind) folded before Flop
Seat 3: 8a57a703 folded before Flop (didn't bet)
Seat 5: 42affa19 folded before Flop (didn't bet)
Seat 4: e05e5549 folded before Flop (didn't bet)
Seat 7: ac51aee4(big blind)won ($6)
Seat 2: 13c67996 folded before Flop (didn't bet)
Seat 1: Hero folded before Flop (didn't bet)



Poker Hand #ring_916464562: NLH No Limit ($2/$4) - 2025/06/04 14:50:38
Table 'MR NLH 2/4' 7-max Seat #4 is the button
Seat 6: 8f6a7325 ($778.4 in chips)
Seat 3: 8a57a703 ($625.58 in chips)
Seat 5: 42affa19 ($1,303.29 in chips)
Seat 4: e05e5549 ($430 in chips)
Seat 7: ac51aee4 ($714.06 in chips)
Seat 2: 13c67996 ($822.13 in chips)
Seat 1: Hero ($210.69 in chips)
42affa19: posts small blind $2
8f6a7325: posts big blind $4
*** HOLE CARDS ***
Dealt to 8f6a7325 
Dealt to 8a57a703 
Dealt to 42affa19 
Dealt to e05e5549 
Dealt to ac51aee4 
Dealt to 13c67996 
Dealt to Hero [As Td]
ac51aee4: raises $6 to $10
Hero: folds
13c67996: folds
8a57a703: folds
e05e5549: folds
42affa19: folds
8f6a7325: calls $6
*** FLOP *** [2h Ah 9s]
8f6a7325: checks
ac51aee4: bets $11
8f6a7325: folds
Uncalled bet ($11) returned to ac51aee4
*** SHOWDOWN ***
ac51aee4 collected $22 from pot
*** SUMMARY ***
Total pot $22
Board [2h Ah 9s]
Seat 6: 8f6a7325(big blind) folded on the Flop
Seat 3: 8a57a703 folded before Flop (didn't bet)
Seat 5: 42affa19(small blind) folded before Flop
Seat 4: e05e5549 folded before Flop (didn't bet)
Seat 7: ac51aee4won ($22) with Ace-High
Seat 2: 13c67996 folded before Flop (didn't bet)
Seat 1: Hero folded before Flop (didn't bet)



Poker Hand #ring_916463214: NLH No Limit ($2/$4) - 2025/06/04 14:49:20
Table 'MR NLH 2/4' 7-max Seat #3 is the button
Seat 6: 8f6a7325 ($778.4 in chips)
Seat 3: 8a57a703 ($625.58 in chips)
Seat 5: 42affa19 ($1,339.79 in chips)
Seat 4: e05e5549 ($432 in chips)
Seat 7: ac51aee4 ($714.06 in chips)
Seat 2: 13c67996 ($788 in chips)
Seat 1: Hero ($210.69 in chips)
e05e5549: posts small blind $2
42affa19: posts big blind $4
*** HOLE CARDS ***
Dealt to 8f6a7325 
Dealt to 8a57a703 
Dealt to 42affa19 
Dealt to e05e5549 
Dealt to ac51aee4 
Dealt to 13c67996 
Dealt to Hero [8c 2h]
8f6a7325: folds
ac51aee4: folds
Hero: folds
13c67996: raises $6 to $10
8a57a703: folds
e05e5549: folds
42affa19: calls $6
*** FLOP *** [6c 9h 3h]
42affa19: checks
13c67996: checks
*** TURN *** [6c 9h 3h] [6s]
42affa19: checks
13c67996: checks
*** RIVER *** [6c 9h 3h 6s] [As]
42affa19: bets $4
13c67996: raises $22.5 to $26.5
42affa19: calls $22.5
13c67996: shows [Ac Kh]
42affa19: shows [Ah 7s]
*** SHOWDOWN ***
13c67996 collected $75 from pot
*** SUMMARY ***
Total pot $75
Board [6c 9h 3h 6s As]
Seat 6: 8f6a7325 folded before Flop (didn't bet)
Seat 3: 8a57a703 folded before Flop (didn't bet)
Seat 5: 42affa19(big blind) showed [Ah 7s] and lost with Pair of Aces and Pair of Sixes
Seat 4: e05e5549(small blind) folded before Flop
Seat 7: ac51aee4 folded before Flop (didn't bet)
Seat 2: 13c67996 showed [Ac Kh] and won ($75) with Pair of Aces and Pair of Sixes
Seat 1: Hero folded before Flop (didn't bet)



Poker Hand #ring_916462546: NLH No Limit ($2/$4) - 2025/06/04 14:48:42
Table 'MR NLH 2/4' 7-max Seat #2 is the button
Seat 6: 8f6a7325 ($778.4 in chips)
Seat 3: 8a57a703 ($627.58 in chips)
Seat 5: 42affa19 ($1,333.79 in chips)
Seat 4: e05e5549 ($436 in chips)
Seat 7: ac51aee4 ($714.06 in chips)
Seat 2: 13c67996 ($788 in chips)
Seat 1: Hero ($210.69 in chips)
8a57a703: posts small blind $2
e05e5549: posts big blind $4
*** HOLE CARDS ***
Dealt to 8f6a7325 
Dealt to 8a57a703 
Dealt to 42affa19 
Dealt to e05e5549 
Dealt to ac51aee4 
Dealt to 13c67996 
Dealt to Hero [Ks 2h]
42affa19: raises $8 to $12
8f6a7325: folds
ac51aee4: folds
Hero: folds
13c67996: folds
8a57a703: folds
e05e5549: folds
Uncalled bet ($8) returned to 42affa19
*** SHOWDOWN ***
42affa19 collected $10 from pot
*** SUMMARY ***
Total pot $10
Seat 6: 8f6a7325 folded before Flop (didn't bet)
Seat 3: 8a57a703(small blind) folded before Flop
Seat 5: 42affa19won ($10)
Seat 4: e05e5549(big blind) folded before Flop
Seat 7: ac51aee4 folded before Flop (didn't bet)
Seat 2: 13c67996 folded before Flop (didn't bet)
Seat 1: Hero folded before Flop (didn't bet)



Poker Hand #ring_916461903: NLH No Limit ($2/$4) - 2025/06/04 14:48:05
Table 'MR NLH 2/4' 7-max Seat #1 is the button
Seat 6: 8f6a7325 ($778.4 in chips)
Seat 3: 8a57a703 ($621.58 in chips)
Seat 5: 42affa19 ($1,333.79 in chips)
Seat 4: e05e5549 ($440 in chips)
Seat 7: ac51aee4 ($714.06 in chips)
Seat 2: 13c67996 ($790 in chips)
Seat 1: Hero ($210.69 in chips)
13c67996: posts small blind $2
8a57a703: posts big blind $4
e05e5549: posts big blind $4
*** HOLE CARDS ***
Dealt to 8f6a7325 
Dealt to 8a57a703 
Dealt to 42affa19 
Dealt to e05e5549 
Dealt to ac51aee4 
Dealt to 13c67996 
Dealt to Hero [Kd Ts]
e05e5549: checks
42affa19: folds
8f6a7325: folds
ac51aee4: folds
Hero: folds
13c67996: folds
8a57a703: raises $10 to $14
e05e5549: folds
Uncalled bet ($10) returned to 8a57a703
*** SHOWDOWN ***
8a57a703 collected $10 from pot
*** SUMMARY ***
Total pot $10
Seat 6: 8f6a7325 folded before Flop (didn't bet)
Seat 3: 8a57a703(big blind)won ($10)
Seat 5: 42affa19 folded before Flop (didn't bet)
Seat 4: e05e5549 folded before Flop
Seat 7: ac51aee4 folded before Flop (didn't bet)
Seat 2: 13c67996(small blind) folded before Flop
Seat 1: Hero folded before Flop (didn't bet)



Poker Hand #ring_916459837: NLH No Limit ($2/$4) - 2025/06/04 14:46:07
Table 'MR NLH 2/4' 7-max Seat #7 is the button
Seat 6: 8f6a7325 ($708.15 in chips)
Seat 3: 8a57a703 ($621.58 in chips)
Seat 5: 42affa19 ($1,405.79 in chips)
Seat 7: ac51aee4 ($714.06 in chips)
Seat 2: 13c67996 ($794 in chips)
Seat 1: Hero ($212.69 in chips)
Hero: posts small blind $2
13c67996: posts big blind $4
*** HOLE CARDS ***
Dealt to 8f6a7325 
Dealt to 8a57a703 
Dealt to 42affa19 
Dealt to ac51aee4 
Dealt to 13c67996 
Dealt to Hero [3d As]
8a57a703: folds
42affa19: raises $8 to $12
8f6a7325: calls $12
ac51aee4: folds
Hero: folds
13c67996: folds
*** FLOP *** [7s Qd 7c]
42affa19: checks
8f6a7325: bets $15
42affa19: calls $15
*** TURN *** [7s Qd 7c] [3c]
42affa19: checks
8f6a7325: bets $45
42affa19: calls $45
*** RIVER *** [7s Qd 7c 3c] [6h]
42affa19: checks
8f6a7325: bets $125
42affa19: folds
Uncalled bet ($125) returned to 8f6a7325
*** SHOWDOWN ***
8f6a7325 collected $150 from pot
*** SUMMARY ***
Total pot $150
Board [7s Qd 7c 3c 6h]
Seat 6: 8f6a7325won ($150) with Three Sevens
Seat 3: 8a57a703 folded before Flop (didn't bet)
Seat 5: 42affa19 folded on the River
Seat 7: ac51aee4 folded before Flop (didn't bet)
Seat 2: 13c67996(big blind) folded before Flop
Seat 1: Hero(small blind) folded before Flop



Poker Hand #ring_916459425: NLH No Limit ($2/$4) - 2025/06/04 14:45:45
Table 'MR NLH 2/4' 7-max Seat #6 is the button
Seat 6: 8f6a7325 ($708.15 in chips)
Seat 3: 8a57a703 ($621.58 in chips)
Seat 5: 42affa19 ($1,405.79 in chips)
Seat 7: ac51aee4 ($716.06 in chips)
Seat 2: 13c67996 ($794 in chips)
Seat 1: Hero ($210.69 in chips)
ac51aee4: posts small blind $2
Hero: posts big blind $4
*** HOLE CARDS ***
Dealt to 8f6a7325 
Dealt to 8a57a703 
Dealt to 42affa19 
Dealt to ac51aee4 
Dealt to 13c67996 
Dealt to Hero [3h 7s]
13c67996: folds
8a57a703: folds
42affa19: folds
8f6a7325: folds
ac51aee4: folds
*** SHOWDOWN ***
Hero collected $6 from pot
*** SUMMARY ***
Total pot $6
Seat 6: 8f6a7325 folded before Flop (didn't bet)
Seat 3: 8a57a703 folded before Flop (didn't bet)
Seat 5: 42affa19 folded before Flop (didn't bet)
Seat 7: ac51aee4(small blind) folded before Flop
Seat 2: 13c67996 folded before Flop (didn't bet)
Seat 1: Hero(big blind)won ($6)



Poker Hand #ring_916458634: NLH No Limit ($2/$4) - 2025/06/04 14:44:59
Table 'MR NLH 2/4' 7-max Seat #5 is the button
Seat 6: 8f6a7325 ($710.15 in chips)
Seat 3: 8a57a703 ($621.58 in chips)
Seat 5: 42affa19 ($1,399.79 in chips)
Seat 7: ac51aee4 ($720.06 in chips)
Seat 2: 13c67996 ($794 in chips)
Seat 1: Hero ($210.69 in chips)
8f6a7325: posts small blind $2
ac51aee4: posts big blind $4
*** HOLE CARDS ***
Dealt to 8f6a7325 
Dealt to 8a57a703 
Dealt to 42affa19 
Dealt to ac51aee4 
Dealt to 13c67996 
Dealt to Hero [Qd 5c]
Hero: folds
13c67996: folds
8a57a703: folds
42affa19: raises $8 to $12
8f6a7325: folds
ac51aee4: folds
Uncalled bet ($8) returned to 42affa19
*** SHOWDOWN ***
42affa19 collected $10 from pot
*** SUMMARY ***
Total pot $10
Seat 6: 8f6a7325(small blind) folded before Flop
Seat 3: 8a57a703 folded before Flop (didn't bet)
Seat 5: 42affa19won ($10)
Seat 7: ac51aee4(big blind) folded before Flop
Seat 2: 13c67996 folded before Flop (didn't bet)
Seat 1: Hero folded before Flop (didn't bet)



Poker Hand #ring_916458135: NLH No Limit ($2/$4) - 2025/06/04 14:44:30
Table 'MR NLH 2/4' 7-max Seat #3 is the button
Seat 6: 8f6a7325 ($714.15 in chips)
Seat 3: 8a57a703 ($621.58 in chips)
Seat 5: 42affa19 ($1,395.79 in chips)
Seat 7: ac51aee4 ($720.06 in chips)
Seat 2: 13c67996 ($794 in chips)
Seat 1: Hero ($210.69 in chips)
42affa19: posts small blind $2
8f6a7325: posts big blind $4
*** HOLE CARDS ***
Dealt to 8f6a7325 
Dealt to 8a57a703 
Dealt to 42affa19 
Dealt to ac51aee4 
Dealt to 13c67996 
Dealt to Hero [8c 2s]
ac51aee4: folds
Hero: folds
13c67996: folds
8a57a703: folds
42affa19: raises $12 to $16
8f6a7325: folds
Uncalled bet ($12) returned to 42affa19
*** SHOWDOWN ***
42affa19 collected $8 from pot
*** SUMMARY ***
Total pot $8
Seat 6: 8f6a7325(big blind) folded before Flop
Seat 3: 8a57a703 folded before Flop (didn't bet)
Seat 5: 42affa19(small blind)won ($8)
Seat 7: ac51aee4 folded before Flop (didn't bet)
Seat 2: 13c67996 folded before Flop (didn't bet)
Seat 1: Hero folded before Flop (didn't bet)



Poker Hand #ring_916457283: NLH No Limit ($2/$4) - 2025/06/04 14:43:43
Table 'MR NLH 2/4' 7-max Seat #2 is the button
Seat 6: 8f6a7325 ($714.15 in chips)
Seat 3: 8a57a703 ($623.58 in chips)
Seat 5: 42affa19 ($1,405.79 in chips)
Seat 7: ac51aee4 ($709.05 in chips)
Seat 2: 13c67996 ($794 in chips)
Seat 1: Hero ($210.69 in chips)
8a57a703: posts small blind $2
42affa19: posts big blind $4
*** HOLE CARDS ***
Dealt to 8f6a7325 
Dealt to 8a57a703 
Dealt to 42affa19 
Dealt to ac51aee4 
Dealt to 13c67996 
Dealt to Hero [6c Th]
8f6a7325: folds
ac51aee4: raises $6 to $10
Hero: folds
13c67996: folds
8a57a703: folds
42affa19: calls $6
*** FLOP *** [Qs 5h Td]
42affa19: checks
ac51aee4: bets $11
42affa19: folds
Uncalled bet ($11) returned to ac51aee4
*** SHOWDOWN ***
ac51aee4 collected $22 from pot
*** SUMMARY ***
Total pot $22
Board [Qs 5h Td]
Seat 6: 8f6a7325 folded before Flop (didn't bet)
Seat 3: 8a57a703(small blind) folded before Flop
Seat 5: 42affa19(big blind) folded on the Flop
Seat 7: ac51aee4won ($22) with Ace-High
Seat 2: 13c67996 folded before Flop (didn't bet)
Seat 1: Hero folded before Flop (didn't bet)



Poker Hand #ring_916456880: NLH No Limit ($2/$4) - 2025/06/04 14:43:20
Table 'MR NLH 2/4' 7-max Seat #1 is the button
Seat 6: 8f6a7325 ($714.15 in chips)
Seat 3: 8a57a703 ($627.58 in chips)
Seat 5: 42affa19 ($1,399.79 in chips)
Seat 7: ac51aee4 ($709.05 in chips)
Seat 2: 13c67996 ($796 in chips)
Seat 1: Hero ($210.69 in chips)
13c67996: posts small blind $2
8a57a703: posts big blind $4
*** HOLE CARDS ***
Dealt to 8f6a7325 
Dealt to 8a57a703 
Dealt to 42affa19 
Dealt to ac51aee4 
Dealt to 13c67996 
Dealt to Hero [Ts 6h]
42affa19: raises $8 to $12
8f6a7325: folds
ac51aee4: folds
Hero: folds
13c67996: folds
8a57a703: folds
Uncalled bet ($8) returned to 42affa19
*** SHOWDOWN ***
42affa19 collected $10 from pot
*** SUMMARY ***
Total pot $10
Seat 6: 8f6a7325 folded before Flop (didn't bet)
Seat 3: 8a57a703(big blind) folded before Flop
Seat 5: 42affa19won ($10)
Seat 7: ac51aee4 folded before Flop (didn't bet)
Seat 2: 13c67996(small blind) folded before Flop
Seat 1: Hero folded before Flop (didn't bet)



Poker Hand #ring_916456477: NLH No Limit ($2/$4) - 2025/06/04 14:42:58
Table 'MR NLH 2/4' 7-max Seat #7 is the button
Seat 6: 8f6a7325 ($708.15 in chips)
Seat 3: 8a57a703 ($627.58 in chips)
Seat 5: 42affa19 ($1,399.79 in chips)
Seat 7: ac51aee4 ($709.05 in chips)
Seat 2: 13c67996 ($800 in chips)
Seat 1: Hero ($212.69 in chips)
Hero: posts small blind $2
13c67996: posts big blind $4
*** HOLE CARDS ***
Dealt to 8f6a7325 
Dealt to 8a57a703 
Dealt to 42affa19 
Dealt to ac51aee4 
Dealt to 13c67996 
Dealt to Hero [2s 6c]
8a57a703: folds
42affa19: folds
8f6a7325: raises $8 to $12
ac51aee4: folds
Hero: folds
13c67996: folds
Uncalled bet ($8) returned to 8f6a7325
*** SHOWDOWN ***
8f6a7325 collected $10 from pot
*** SUMMARY ***
Total pot $10
Seat 6: 8f6a7325won ($10)
Seat 3: 8a57a703 folded before Flop (didn't bet)
Seat 5: 42affa19 folded before Flop (didn't bet)
Seat 7: ac51aee4 folded before Flop (didn't bet)
Seat 2: 13c67996(big blind) folded before Flop
Seat 1: Hero(small blind) folded before Flop



Poker Hand #ring_916455342: NLH No Limit ($2/$4) - 2025/06/04 14:41:56
Table 'MR NLH 2/4' 7-max Seat #6 is the button
Seat 6: 8f6a7325 ($708.15 in chips)
Seat 3: 8a57a703 ($627.58 in chips)
Seat 5: 42affa19 ($1,399.79 in chips)
Seat 7: ac51aee4 ($659.09 in chips)
Seat 1: Hero ($268.69 in chips)
ac51aee4: posts small blind $2
Hero: posts big blind $4
*** HOLE CARDS ***
Dealt to 8f6a7325 
Dealt to 8a57a703 
Dealt to 42affa19 
Dealt to ac51aee4 
Dealt to Hero [Th Jh]
8a57a703: folds
42affa19: folds
8f6a7325: folds
ac51aee4: raises $10 to $14
Hero: calls $10
*** FLOP *** [9s Ks 8s]
ac51aee4: checks
Hero: checks
*** TURN *** [9s Ks 8s] [Ah]
ac51aee4: bets $14
Hero: calls $14
*** RIVER *** [9s Ks 8s Ah] [4d]
ac51aee4: checks
Hero: bets $28
ac51aee4: calls $28
Hero: shows [Th Jh]
ac51aee4: shows [Ac Td]
*** SHOWDOWN ***
ac51aee4 collected $112 from pot
*** SUMMARY ***
Total pot $112
Board [9s Ks 8s Ah 4d]
Seat 6: 8f6a7325 folded before Flop (didn't bet)
Seat 3: 8a57a703 folded before Flop (didn't bet)
Seat 5: 42affa19 folded before Flop (didn't bet)
Seat 7: ac51aee4(small blind) showed [Ac Td] and won ($112) with Pair of Aces
Seat 1: Hero(big blind) showed [Th Jh] and lost with Ace-High



Poker Hand #ring_916454430: NLH No Limit ($2/$4) - 2025/06/04 14:41:05
Table 'MR NLH 2/4' 7-max Seat #5 is the button
Seat 6: 8f6a7325 ($710.15 in chips)
Seat 3: 8a57a703 ($662.08 in chips)
Seat 5: 42affa19 ($1,399.79 in chips)
Seat 7: ac51aee4 ($663.09 in chips)
Seat 1: Hero ($232.56 in chips)
8f6a7325: posts small blind $2
ac51aee4: posts big blind $4
*** HOLE CARDS ***
Dealt to 8f6a7325 
Dealt to 8a57a703 
Dealt to 42affa19 
Dealt to ac51aee4 
Dealt to Hero [Jc Kd]
Hero: raises $8 to $12
8a57a703: calls $12
42affa19: folds
8f6a7325: folds
ac51aee4: folds
*** FLOP *** [Ks 3h 8d]
Hero: checks
8a57a703: bets $22.5
Hero: calls $22.5
*** TURN *** [Ks 3h 8d] [5d]
Hero: checks
8a57a703: checks
*** RIVER *** [Ks 3h 8d 5d] [5h]
Hero: checks
8a57a703: checks
Hero: shows [Jc Kd]
8a57a703: shows [3s 6s]
*** SHOWDOWN ***
Hero collected $75 from pot
*** SUMMARY ***
Total pot $75
Board [Ks 3h 8d 5d 5h]
Seat 6: 8f6a7325(small blind) folded before Flop
Seat 3: 8a57a703 showed [3s 6s] and lost with Pair of Fives and Pair of Treys
Seat 5: 42affa19 folded before Flop (didn't bet)
Seat 7: ac51aee4(big blind) folded before Flop
Seat 1: Hero showed [Jc Kd] and won ($75) with Pair of Kings and Pair of Fives



Poker Hand #ring_916454092: NLH No Limit ($2/$4) - 2025/06/04 14:40:47
Table 'MR NLH 2/4' 7-max Seat #3 is the button
Seat 6: 8f6a7325 ($708.15 in chips)
Seat 3: 8a57a703 ($662.08 in chips)
Seat 5: 42affa19 ($1,401.79 in chips)
Seat 7: ac51aee4 ($663.09 in chips)
Seat 1: Hero ($232.56 in chips)
42affa19: posts small blind $2
8f6a7325: posts big blind $4
*** HOLE CARDS ***
Dealt to 8f6a7325 
Dealt to 8a57a703 
Dealt to 42affa19 
Dealt to ac51aee4 
Dealt to Hero [5s 3h]
ac51aee4: folds
Hero: folds
8a57a703: folds
42affa19: folds
*** SHOWDOWN ***
8f6a7325 collected $6 from pot
*** SUMMARY ***
Total pot $6
Seat 6: 8f6a7325(big blind)won ($6)
Seat 3: 8a57a703 folded before Flop (didn't bet)
Seat 5: 42affa19(small blind) folded before Flop
Seat 7: ac51aee4 folded before Flop (didn't bet)
Seat 1: Hero folded before Flop (didn't bet)



Poker Hand #ring_916453820: NLH No Limit ($2/$4) - 2025/06/04 14:40:32
Table 'MR NLH 2/4' 7-max Seat #1 is the button
Seat 6: 8f6a7325 ($708.15 in chips)
Seat 3: 8a57a703 ($664.08 in chips)
Seat 5: 42affa19 ($1,399.79 in chips)
Seat 7: ac51aee4 ($663.09 in chips)
Seat 1: Hero ($232.56 in chips)
8a57a703: posts small blind $2
42affa19: posts big blind $4
*** HOLE CARDS ***
Dealt to 8f6a7325 
Dealt to 8a57a703 
Dealt to 42affa19 
Dealt to ac51aee4 
Dealt to Hero [2c 7d]
8f6a7325: folds
ac51aee4: folds
Hero: folds
8a57a703: folds
*** SHOWDOWN ***
42affa19 collected $6 from pot
*** SUMMARY ***
Total pot $6
Seat 6: 8f6a7325 folded before Flop (didn't bet)
Seat 3: 8a57a703(small blind) folded before Flop
Seat 5: 42affa19(big blind)won ($6)
Seat 7: ac51aee4 folded before Flop (didn't bet)
Seat 1: Hero folded before Flop (didn't bet)



Poker Hand #ring_916452602: NLH No Limit ($2/$4) - 2025/06/04 14:39:25
Table 'MR NLH 2/4' 7-max Seat #7 is the button
Seat 6: 8f6a7325 ($720.15 in chips)
Seat 3: 8a57a703 ($856.08 in chips)
Seat 5: 42affa19 ($1,212.7 in chips)
Seat 7: ac51aee4 ($663.09 in chips)
Seat 1: Hero ($234.56 in chips)
Hero: posts small blind $2
8a57a703: posts big blind $4
*** HOLE CARDS ***
Dealt to 8f6a7325 
Dealt to 8a57a703 
Dealt to 42affa19 
Dealt to ac51aee4 
Dealt to Hero [9c Ks]
42affa19: raises $8 to $12
8f6a7325: calls $12
ac51aee4: folds
Hero: folds
8a57a703: raises $38 to $50
42affa19: raises $62 to $112
8f6a7325: folds
8a57a703: calls $62
*** FLOP *** [2h 6c 7h]
8a57a703: checks
42affa19: bets $80
8a57a703: calls $80
*** TURN *** [2h 6c 7h] [4s]
8a57a703: checks
42affa19: checks
*** RIVER *** [2h 6c 7h 4s] [9d]
8a57a703: checks
42affa19: checks
8a57a703: shows [Ad Th]
42affa19: shows [As Kh]
*** SHOWDOWN ***
42affa19 collected $398 from pot
*** SUMMARY ***
Total pot $398
Board [2h 6c 7h 4s 9d]
Seat 6: 8f6a7325 folded before Flop
Seat 3: 8a57a703(big blind) showed [Ad Th] and lost with Ace-High
Seat 5: 42affa19 showed [As Kh] and won ($398) with Ace-High
Seat 7: ac51aee4 folded before Flop (didn't bet)
Seat 1: Hero(small blind) folded before Flop



Poker Hand #ring_916451680: NLH No Limit ($2/$4) - 2025/06/04 14:38:35
Table 'MR NLH 2/4' 7-max Seat #6 is the button
Seat 6: 8f6a7325 ($720.15 in chips)
Seat 3: 8a57a703 ($856.08 in chips)
Seat 5: 42affa19 ($1,212.7 in chips)
Seat 7: ac51aee4 ($679.09 in chips)
Seat 1: Hero ($220 in chips)
ac51aee4: posts small blind $2
Hero: posts big blind $4
*** HOLE CARDS ***
Dealt to 8f6a7325 
Dealt to 8a57a703 
Dealt to 42affa19 
Dealt to ac51aee4 
Dealt to Hero [Ad Qc]
8a57a703: folds
42affa19: folds
8f6a7325: folds
ac51aee4: calls $2
Hero: raises $12 to $16
ac51aee4: calls $12
*** FLOP *** [4d 6h 3h]
ac51aee4: checks
Hero: checks
*** TURN *** [4d 6h 3h] [5s]
ac51aee4: checks
Hero: checks
*** RIVER *** [4d 6h 3h 5s] [Td]
ac51aee4: checks
Hero: checks
Hero: shows [Ad Qc]
ac51aee4: shows [8c Jc]
*** SHOWDOWN ***
Hero collected $32 from pot
*** SUMMARY ***
Total pot $32
Board [4d 6h 3h 5s Td]
Seat 6: 8f6a7325 folded before Flop (didn't bet)
Seat 3: 8a57a703 folded before Flop (didn't bet)
Seat 5: 42affa19 folded before Flop (didn't bet)
Seat 7: ac51aee4(small blind) showed [8c Jc] and lost with Jack-High
Seat 1: Hero(big blind) showed [Ad Qc] and won ($32) with Ace-High



Poker Hand #ring_916451028: NLH No Limit ($2/$4) - 2025/06/04 14:37:58
Table 'MR NLH 2/4' 7-max Seat #5 is the button
Seat 6: 8f6a7325 ($709.23 in chips)
Seat 3: 8a57a703 ($856.08 in chips)
Seat 5: 42affa19 ($1,212.7 in chips)
Seat 7: ac51aee4 ($691.09 in chips)
Seat 2: 23a760a7 ($762.71 in chips)
Seat 1: Hero ($220 in chips)
8f6a7325: posts small blind $2
ac51aee4: posts big blind $4
*** HOLE CARDS ***
Dealt to 8f6a7325 
Dealt to 8a57a703 
Dealt to 42affa19 
Dealt to ac51aee4 
Dealt to 23a760a7 
Dealt to Hero [4s 8h]
Hero: folds
23a760a7: folds
8a57a703: folds
42affa19: folds
8f6a7325: raises $8 to $12
ac51aee4: calls $8
*** FLOP *** [Kh 5s Qc]
8f6a7325: bets $12
ac51aee4: folds
Uncalled bet ($12) returned to 8f6a7325
*** SHOWDOWN ***
8f6a7325 collected $24 from pot
*** SUMMARY ***
Total pot $24
Board [Kh 5s Qc]
Seat 6: 8f6a7325(small blind)won ($24) with Three Fives
Seat 3: 8a57a703 folded before Flop (didn't bet)
Seat 5: 42affa19 folded before Flop (didn't bet)
Seat 7: ac51aee4(big blind) folded on the Flop
Seat 2: 23a760a7 folded before Flop (didn't bet)
Seat 1: Hero folded before Flop (didn't bet)



Poker Hand #ring_916450405: NLH No Limit ($2/$4) - 2025/06/04 14:37:22
Table 'MR NLH 2/4' 7-max Seat #3 is the button
Seat 6: 8f6a7325 ($725.23 in chips)
Seat 3: 8a57a703 ($856.08 in chips)
Seat 5: 42affa19 ($1,198.14 in chips)
Seat 7: ac51aee4 ($691.09 in chips)
Seat 2: 23a760a7 ($762.71 in chips)
Seat 1: Hero ($220 in chips)
42affa19: posts small blind $2
8f6a7325: posts big blind $4
*** HOLE CARDS ***
Dealt to 8f6a7325 
Dealt to 8a57a703 
Dealt to 42affa19 
Dealt to ac51aee4 
Dealt to 23a760a7 
Dealt to Hero [As 8c]
ac51aee4: folds
Hero: folds
23a760a7: folds
8a57a703: folds
42affa19: raises $12 to $16
8f6a7325: calls $12
*** FLOP *** [4h Qs 8d]
42affa19: bets $8
8f6a7325: folds
Uncalled bet ($8) returned to 42affa19
*** SHOWDOWN ***
42affa19 collected $32 from pot
*** SUMMARY ***
Total pot $32
Board [4h Qs 8d]
Seat 6: 8f6a7325(big blind) folded on the Flop
Seat 3: 8a57a703 folded before Flop (didn't bet)
Seat 5: 42affa19(small blind)won ($32) with Ace-High
Seat 7: ac51aee4 folded before Flop (didn't bet)
Seat 2: 23a760a7 folded before Flop (didn't bet)
Seat 1: Hero folded before Flop (didn't bet)



Poker Hand #ring_916449481: NLH No Limit ($2/$4) - 2025/06/04 14:36:31
Table 'MR NLH 2/4' 7-max Seat #2 is the button
Seat 6: 8f6a7325 ($725.23 in chips)
Seat 3: 8a57a703 ($858.08 in chips)
Seat 5: 42affa19 ($1,208.14 in chips)
Seat 7: ac51aee4 ($680.08 in chips)
Seat 2: 23a760a7 ($762.71 in chips)
Seat 1: Hero ($220 in chips)
8a57a703: posts small blind $2
42affa19: posts big blind $4
*** HOLE CARDS ***
Dealt to 8f6a7325 
Dealt to 8a57a703 
Dealt to 42affa19 
Dealt to ac51aee4 
Dealt to 23a760a7 
Dealt to Hero [4s 8s]
8f6a7325: folds
ac51aee4: raises $6 to $10
Hero: folds
23a760a7: folds
8a57a703: folds
42affa19: calls $6
*** FLOP *** [Ac Ad Ts]
42affa19: checks
ac51aee4: bets $11
42affa19: folds
Uncalled bet ($11) returned to ac51aee4
*** SHOWDOWN ***
ac51aee4 collected $22 from pot
*** SUMMARY ***
Total pot $22
Board [Ac Ad Ts]
Seat 6: 8f6a7325 folded before Flop (didn't bet)
Seat 3: 8a57a703(small blind) folded before Flop
Seat 5: 42affa19(big blind) folded on the Flop
Seat 7: ac51aee4won ($22) with Pair of Aces
Seat 2: 23a760a7 folded before Flop (didn't bet)
Seat 1: Hero folded before Flop (didn't bet)



Poker Hand #ring_916448901: NLH No Limit ($2/$4) - 2025/06/04 14:35:59
Table 'MR NLH 2/4' 7-max Seat #1 is the button
Seat 6: 8f6a7325 ($725.23 in chips)
Seat 3: 8a57a703 ($870.08 in chips)
Seat 5: 42affa19 ($1,195.31 in chips)
Seat 7: ac51aee4 ($680.08 in chips)
Seat 2: 23a760a7 ($764.71 in chips)
Seat 1: Hero ($220 in chips)
23a760a7: posts small blind $2
8a57a703: posts big blind $4
*** HOLE CARDS ***
Dealt to 8f6a7325 
Dealt to 8a57a703 
Dealt to 42affa19 
Dealt to ac51aee4 
Dealt to 23a760a7 
Dealt to Hero [3d Th]
42affa19: raises $8 to $12
8f6a7325: folds
ac51aee4: folds
Hero: folds
23a760a7: folds
8a57a703: calls $8
*** FLOP *** [3c Ac Td]
8a57a703: checks
42affa19: bets $12
8a57a703: folds
Uncalled bet ($12) returned to 42affa19
*** SHOWDOWN ***
42affa19 collected $26 from pot
*** SUMMARY ***
Total pot $26
Board [3c Ac Td]
Seat 6: 8f6a7325 folded before Flop (didn't bet)
Seat 3: 8a57a703(big blind) folded on the Flop
Seat 5: 42affa19won ($26) with Pair of Aces and Pair of Tens
Seat 7: ac51aee4 folded before Flop (didn't bet)
Seat 2: 23a760a7(small blind) folded before Flop
Seat 1: Hero folded before Flop (didn't bet)



Poker Hand #ring_916448175: NLH No Limit ($2/$4) - 2025/06/04 14:35:19
Table 'MR NLH 2/4' 7-max Seat #7 is the button
Seat 6: 8f6a7325 ($725.23 in chips)
Seat 3: 8a57a703 ($870.08 in chips)
Seat 5: 42affa19 ($1,195.31 in chips)
Seat 7: ac51aee4 ($690.08 in chips)
Seat 2: 23a760a7 ($768.71 in chips)
Seat 1: Hero ($206 in chips)
Hero: posts small blind $2
23a760a7: posts big blind $4
*** HOLE CARDS ***
Dealt to 8f6a7325 
Dealt to 8a57a703 
Dealt to 42affa19 
Dealt to ac51aee4 
Dealt to 23a760a7 
Dealt to Hero [9c 9s]
8a57a703: folds
42affa19: folds
8f6a7325: folds
ac51aee4: raises $6 to $10
Hero: raises $26.79 to $36.79
23a760a7: folds
ac51aee4: folds
Uncalled bet ($26.79) returned to Hero
*** SHOWDOWN ***
Hero collected $24 from pot
*** SUMMARY ***
Total pot $24
Seat 6: 8f6a7325 folded before Flop (didn't bet)
Seat 3: 8a57a703 folded before Flop (didn't bet)
Seat 5: 42affa19 folded before Flop (didn't bet)
Seat 7: ac51aee4 folded before Flop
Seat 2: 23a760a7(big blind) folded before Flop
Seat 1: Hero(small blind)won ($24)



Poker Hand #ring_916447048: NLH No Limit ($2/$4) - 2025/06/04 14:34:15
Table 'MR NLH 2/4' 7-max Seat #6 is the button
Seat 6: 8f6a7325 ($725.23 in chips)
Seat 3: 8a57a703 ($870.08 in chips)
Seat 5: 42affa19 ($1,259.31 in chips)
Seat 7: ac51aee4 ($692.08 in chips)
Seat 2: 23a760a7 ($705.74 in chips)
Seat 1: Hero ($210 in chips)
ac51aee4: posts small blind $2
Hero: posts big blind $4
*** HOLE CARDS ***
Dealt to 8f6a7325 
Dealt to 8a57a703 
Dealt to 42affa19 
Dealt to ac51aee4 
Dealt to 23a760a7 
Dealt to Hero [2h Qc]
23a760a7: raises $6 to $10
8a57a703: folds
42affa19: raises $22 to $32
8f6a7325: folds
ac51aee4: folds
Hero: folds
23a760a7: calls $22
*** FLOP *** [2c 9c Ad]
23a760a7: checks
42affa19: bets $32
23a760a7: calls $32
*** TURN *** [2c 9c Ad] [8d]
23a760a7: checks
42affa19: checks
*** RIVER *** [2c 9c Ad 8d] [Qh]
23a760a7: checks
42affa19: checks
23a760a7: shows [Ks Ah]
42affa19: shows [Kc Qd]
*** SHOWDOWN ***
23a760a7 collected $134 from pot
*** SUMMARY ***
Total pot $134
Board [2c 9c Ad 8d Qh]
Seat 6: 8f6a7325 folded before Flop (didn't bet)
Seat 3: 8a57a703 folded before Flop (didn't bet)
Seat 5: 42affa19 showed [Kc Qd] and lost with Pair of Queens
Seat 7: ac51aee4(small blind) folded before Flop
Seat 2: 23a760a7 showed [Ks Ah] and won ($134) with Pair of Aces
Seat 1: Hero(big blind) folded before Flop



Poker Hand #ring_916446565: NLH No Limit ($2/$4) - 2025/06/04 14:33:49
Table 'MR NLH 2/4' 7-max Seat #5 is the button
Seat 6: 8f6a7325 ($727.23 in chips)
Seat 3: 8a57a703 ($853.43 in chips)
Seat 5: 42affa19 ($1,271.31 in chips)
Seat 7: ac51aee4 ($696.08 in chips)
Seat 2: 23a760a7 ($705.74 in chips)
Seat 1: Hero ($210 in chips)
8f6a7325: posts small blind $2
ac51aee4: posts big blind $4
*** HOLE CARDS ***
Dealt to 8f6a7325 
Dealt to 8a57a703 
Dealt to 42affa19 
Dealt to ac51aee4 
Dealt to 23a760a7 
Dealt to Hero [3h 7h]
Hero: folds
23a760a7: folds
8a57a703: raises $8 to $12
42affa19: calls $12
8f6a7325: folds
ac51aee4: folds
*** FLOP *** [5h Kh Qd]
8a57a703: bets $22.5
42affa19: folds
Uncalled bet ($22.5) returned to 8a57a703
*** SHOWDOWN ***
8a57a703 collected $30 from pot
*** SUMMARY ***
Total pot $30
Board [5h Kh Qd]
Seat 6: 8f6a7325(small blind) folded before Flop
Seat 3: 8a57a703won ($30) with Pair of Queens
Seat 5: 42affa19 folded on the Flop
Seat 7: ac51aee4(big blind) folded before Flop
Seat 2: 23a760a7 folded before Flop (didn't bet)
Seat 1: Hero folded before Flop (didn't bet)



Poker Hand #ring_916445477: NLH No Limit ($2/$4) - 2025/06/04 14:32:47
Table 'MR NLH 2/4' 7-max Seat #3 is the button
Seat 6: 8f6a7325 ($758.73 in chips)
Seat 3: 8a57a703 ($823.85 in chips)
Seat 5: 42affa19 ($1,273.31 in chips)
Seat 7: ac51aee4 ($696.08 in chips)
Seat 2: 23a760a7 ($705.74 in chips)
Seat 1: Hero ($210 in chips)
42affa19: posts small blind $2
8f6a7325: posts big blind $4
*** HOLE CARDS ***
Dealt to 8f6a7325 
Dealt to 8a57a703 
Dealt to 42affa19 
Dealt to ac51aee4 
Dealt to 23a760a7 
Dealt to Hero [Td 8h]
ac51aee4: folds
Hero: folds
23a760a7: folds
8a57a703: raises $8 to $12
42affa19: folds
8f6a7325: calls $8
*** FLOP *** [8s 5s Jh]
8f6a7325: checks
8a57a703: bets $19.5
8f6a7325: calls $19.5
*** TURN *** [8s 5s Jh] [9d]
8f6a7325: checks
8a57a703: checks
*** RIVER *** [8s 5s Jh 9d] [2d]
8f6a7325: checks
8a57a703: checks
8a57a703: shows [Ac 8c]
8f6a7325: shows [5h 4h]
*** SHOWDOWN ***
8a57a703 collected $65 from pot
*** SUMMARY ***
Total pot $65
Board [8s 5s Jh 9d 2d]
Seat 6: 8f6a7325(big blind) showed [5h 4h] and lost with Pair of Fives
Seat 3: 8a57a703 showed [Ac 8c] and won ($65) with Pair of Eights
Seat 5: 42affa19(small blind) folded before Flop
Seat 7: ac51aee4 folded before Flop (didn't bet)
Seat 2: 23a760a7 folded before Flop (didn't bet)
Seat 1: Hero folded before Flop (didn't bet)



Poker Hand #ring_916444689: NLH No Limit ($2/$4) - 2025/06/04 14:32:05
Table 'MR NLH 2/4' 7-max Seat #2 is the button
Seat 6: 8f6a7325 ($758.73 in chips)
Seat 3: 8a57a703 ($807.85 in chips)
Seat 5: 42affa19 ($1,277.31 in chips)
Seat 7: ac51aee4 ($696.08 in chips)
Seat 2: 23a760a7 ($705.74 in chips)
Seat 1: Hero ($222 in chips)
8a57a703: posts small blind $2
42affa19: posts big blind $4
*** HOLE CARDS ***
Dealt to 8f6a7325 
Dealt to 8a57a703 
Dealt to 42affa19 
Dealt to ac51aee4 
Dealt to 23a760a7 
Dealt to Hero [Ts 6s]
8f6a7325: folds
ac51aee4: folds
Hero: raises $8 to $12
23a760a7: folds
8a57a703: raises $28 to $40
42affa19: folds
Hero: folds
Uncalled bet ($28) returned to 8a57a703
*** SHOWDOWN ***
8a57a703 collected $28 from pot
*** SUMMARY ***
Total pot $28
Seat 6: 8f6a7325 folded before Flop (didn't bet)
Seat 3: 8a57a703(small blind)won ($28)
Seat 5: 42affa19(big blind) folded before Flop
Seat 7: ac51aee4 folded before Flop (didn't bet)
Seat 2: 23a760a7 folded before Flop (didn't bet)
Seat 1: Hero folded before Flop



Poker Hand #ring_916444308: NLH No Limit ($2/$4) - 2025/06/04 14:31:44
Table 'MR NLH 2/4' 7-max Seat #1 is the button
Seat 6: 8f6a7325 ($758.73 in chips)
Seat 3: 8a57a703 ($805.85 in chips)
Seat 5: 42affa19 ($1,277.31 in chips)
Seat 7: ac51aee4 ($696.08 in chips)
Seat 2: 23a760a7 ($707.74 in chips)
Seat 1: Hero ($222 in chips)
23a760a7: posts small blind $2
8a57a703: posts big blind $4
*** HOLE CARDS ***
Dealt to 8f6a7325 
Dealt to 8a57a703 
Dealt to 42affa19 
Dealt to ac51aee4 
Dealt to 23a760a7 
Dealt to Hero [Ks 4d]
42affa19: folds
8f6a7325: folds
ac51aee4: folds
Hero: folds
23a760a7: folds
*** SHOWDOWN ***
8a57a703 collected $6 from pot
*** SUMMARY ***
Total pot $6
Seat 6: 8f6a7325 folded before Flop (didn't bet)
Seat 3: 8a57a703(big blind)won ($6)
Seat 5: 42affa19 folded before Flop (didn't bet)
Seat 7: ac51aee4 folded before Flop (didn't bet)
Seat 2: 23a760a7(small blind) folded before Flop
Seat 1: Hero folded before Flop (didn't bet)



Poker Hand #ring_916443484: NLH No Limit ($2/$4) - 2025/06/04 14:30:58
Table 'MR NLH 2/4' 7-max Seat #7 is the button
Seat 6: 8f6a7325 ($793.23 in chips)
Seat 3: 8a57a703 ($769.72 in chips)
Seat 5: 42affa19 ($1,277.31 in chips)
Seat 7: ac51aee4 ($696.08 in chips)
Seat 2: 23a760a7 ($711.74 in chips)
Seat 1: Hero ($224 in chips)
Hero: posts small blind $2
23a760a7: posts big blind $4
*** HOLE CARDS ***
Dealt to 8f6a7325 
Dealt to 8a57a703 
Dealt to 42affa19 
Dealt to ac51aee4 
Dealt to 23a760a7 
Dealt to Hero [Ts 4c]
8a57a703: raises $8 to $12
42affa19: folds
8f6a7325: calls $12
ac51aee4: folds
Hero: folds
23a760a7: folds
*** FLOP *** [3h 8h 4h]
8a57a703: bets $22.5
8f6a7325: calls $22.5
*** TURN *** [3h 8h 4h] [Jd]
8a57a703: bets $56.24
8f6a7325: folds
Uncalled bet ($56.24) returned to 8a57a703
*** SHOWDOWN ***
8a57a703 collected $75 from pot
*** SUMMARY ***
Total pot $75
Board [3h 8h 4h Jd]
Seat 6: 8f6a7325 folded on the Turn
Seat 3: 8a57a703won ($75) with Pair of Jacks
Seat 5: 42affa19 folded before Flop (didn't bet)
Seat 7: ac51aee4 folded before Flop (didn't bet)
Seat 2: 23a760a7(big blind) folded before Flop
Seat 1: Hero(small blind) folded before Flop



Poker Hand #ring_916443046: NLH No Limit ($2/$4) - 2025/06/04 14:30:34
Table 'MR NLH 2/4' 7-max Seat #6 is the button
Seat 6: 8f6a7325 ($793.23 in chips)
Seat 3: 8a57a703 ($769.72 in chips)
Seat 5: 42affa19 ($1,277.31 in chips)
Seat 7: ac51aee4 ($698.08 in chips)
Seat 2: 23a760a7 ($711.74 in chips)
Seat 1: Hero ($222 in chips)
ac51aee4: posts small blind $2
Hero: posts big blind $4
*** HOLE CARDS ***
Dealt to 8f6a7325 
Dealt to 8a57a703 
Dealt to 42affa19 
Dealt to ac51aee4 
Dealt to 23a760a7 
Dealt to Hero [Kh 6h]
23a760a7: folds
8a57a703: folds
42affa19: folds
8f6a7325: folds
ac51aee4: folds
*** SHOWDOWN ***
Hero collected $6 from pot
*** SUMMARY ***
Total pot $6
Seat 6: 8f6a7325 folded before Flop (didn't bet)
Seat 3: 8a57a703 folded before Flop (didn't bet)
Seat 5: 42affa19 folded before Flop (didn't bet)
Seat 7: ac51aee4(small blind) folded before Flop
Seat 2: 23a760a7 folded before Flop (didn't bet)
Seat 1: Hero(big blind)won ($6)



Poker Hand #ring_916441893: NLH No Limit ($2/$4) - 2025/06/04 14:29:30
Table 'MR NLH 2/4' 7-max Seat #5 is the button
Seat 6: 8f6a7325 ($795.23 in chips)
Seat 3: 8a57a703 ($769.72 in chips)
Seat 5: 42affa19 ($1,226.21 in chips)
Seat 7: ac51aee4 ($702.08 in chips)
Seat 2: 23a760a7 ($762.69 in chips)
Seat 1: Hero ($222 in chips)
8f6a7325: posts small blind $2
ac51aee4: posts big blind $4
*** HOLE CARDS ***
Dealt to 8f6a7325 
Dealt to 8a57a703 
Dealt to 42affa19 
Dealt to ac51aee4 
Dealt to 23a760a7 
Dealt to Hero [As 8c]
Hero: folds
23a760a7: raises $6 to $10
8a57a703: folds
42affa19: calls $10
8f6a7325: folds
ac51aee4: folds
*** FLOP *** [2d 9d 4c]
23a760a7: bets $8.58
42affa19: calls $8.58
*** TURN *** [2d 9d 4c] [9s]
23a760a7: checks
42affa19: bets $32.37
23a760a7: calls $32.37
*** RIVER *** [2d 9d 4c 9s] [7d]
23a760a7: checks
42affa19: checks
23a760a7: shows [3s 3d]
42affa19: shows [6s 6d]
*** SHOWDOWN ***
42affa19 collected $107.9 from pot
*** SUMMARY ***
Total pot $107.9
Board [2d 9d 4c 9s 7d]
Seat 6: 8f6a7325(small blind) folded before Flop
Seat 3: 8a57a703 folded before Flop (didn't bet)
Seat 5: 42affa19 showed [6s 6d] and won ($107.9) with Pair of Nines and Pair of Sixes
Seat 7: ac51aee4(big blind) folded before Flop
Seat 2: 23a760a7 showed [3s 3d] and lost with Pair of Nines and Pair of Treys
Seat 1: Hero folded before Flop (didn't bet)



Poker Hand #ring_916441119: NLH No Limit ($2/$4) - 2025/06/04 14:28:48
Table 'MR NLH 2/4' 7-max Seat #3 is the button
Seat 6: 8f6a7325 ($799.23 in chips)
Seat 3: 8a57a703 ($769.72 in chips)
Seat 5: 42affa19 ($1,236.21 in chips)
Seat 7: ac51aee4 ($689.16 in chips)
Seat 2: 23a760a7 ($762.69 in chips)
Seat 1: Hero ($222 in chips)
42affa19: posts small blind $2
8f6a7325: posts big blind $4
*** HOLE CARDS ***
Dealt to 8f6a7325 
Dealt to 8a57a703 
Dealt to 42affa19 
Dealt to ac51aee4 
Dealt to 23a760a7 
Dealt to Hero [3s 9c]
ac51aee4: raises $6 to $10
Hero: folds
23a760a7: folds
8a57a703: folds
42affa19: calls $8
8f6a7325: folds
*** FLOP *** [Jc 2s Kh]
42affa19: checks
ac51aee4: bets $12
42affa19: folds
Uncalled bet ($12) returned to ac51aee4
*** SHOWDOWN ***
ac51aee4 collected $24 from pot
*** SUMMARY ***
Total pot $24
Board [Jc 2s Kh]
Seat 6: 8f6a7325(big blind) folded before Flop
Seat 3: 8a57a703 folded before Flop (didn't bet)
Seat 5: 42affa19(small blind) folded on the Flop
Seat 7: ac51aee4won ($24) with Three Kings
Seat 2: 23a760a7 folded before Flop (didn't bet)
Seat 1: Hero folded before Flop (didn't bet)



Poker Hand #ring_916439954: NLH No Limit ($2/$4) - 2025/06/04 14:27:45
Table 'MR NLH 2/4' 7-max Seat #2 is the button
Seat 6: 8f6a7325 ($799.23 in chips)
Seat 3: 8a57a703 ($771.72 in chips)
Seat 5: 42affa19 ($1,285.61 in chips)
Seat 7: ac51aee4 ($643.29 in chips)
Seat 2: 23a760a7 ($762.69 in chips)
Seat 1: Hero ($222 in chips)
8a57a703: posts small blind $2
42affa19: posts big blind $4
*** HOLE CARDS ***
Dealt to 8f6a7325 
Dealt to 8a57a703 
Dealt to 42affa19 
Dealt to ac51aee4 
Dealt to 23a760a7 
Dealt to Hero [Th Ks]
8f6a7325: folds
ac51aee4: raises $6 to $10
Hero: folds
23a760a7: folds
8a57a703: folds
42affa19: calls $6
*** FLOP *** [Ah 7s 3c]
42affa19: checks
ac51aee4: bets $11
42affa19: calls $11
*** TURN *** [Ah 7s 3c] [2h]
42affa19: checks
ac51aee4: bets $28.4
42affa19: calls $28.4
*** RIVER *** [Ah 7s 3c 2h] [6s]
42affa19: checks
ac51aee4: checks
42affa19: shows [Kd 7d]
ac51aee4: shows [Qs As]
*** SHOWDOWN ***
ac51aee4 collected $100.8 from pot
*** SUMMARY ***
Total pot $100.8
Board [Ah 7s 3c 2h 6s]
Seat 6: 8f6a7325 folded before Flop (didn't bet)
Seat 3: 8a57a703(small blind) folded before Flop
Seat 5: 42affa19(big blind) showed [Kd 7d] and lost with Pair of Sevens
Seat 7: ac51aee4 showed [Qs As] and won ($100.8) with Pair of Aces
Seat 2: 23a760a7 folded before Flop (didn't bet)
Seat 1: Hero folded before Flop (didn't bet)



Poker Hand #ring_916439337: NLH No Limit ($2/$4) - 2025/06/04 14:27:11
Table 'MR NLH 2/4' 7-max Seat #1 is the button
Seat 6: 8f6a7325 ($782.58 in chips)
Seat 3: 8a57a703 ($775.72 in chips)
Seat 5: 42affa19 ($1,285.61 in chips)
Seat 7: ac51aee4 ($643.29 in chips)
Seat 2: 23a760a7 ($764.69 in chips)
Seat 1: Hero ($234 in chips)
23a760a7: posts small blind $2
8a57a703: posts big blind $4
*** HOLE CARDS ***
Dealt to 8f6a7325 
Dealt to 8a57a703 
Dealt to 42affa19 
Dealt to ac51aee4 
Dealt to 23a760a7 
Dealt to Hero [Ts Ks]
42affa19: folds
8f6a7325: raises $8 to $12
ac51aee4: folds
Hero: calls $12
23a760a7: folds
8a57a703: folds
*** FLOP *** [7h 5c Ac]
8f6a7325: bets $15
Hero: folds
Uncalled bet ($15) returned to 8f6a7325
*** SHOWDOWN ***
8f6a7325 collected $30 from pot
*** SUMMARY ***
Total pot $30
Board [7h 5c Ac]
Seat 6: 8f6a7325won ($30) with Ace-High
Seat 3: 8a57a703(big blind) folded before Flop
Seat 5: 42affa19 folded before Flop (didn't bet)
Seat 7: ac51aee4 folded before Flop (didn't bet)
Seat 2: 23a760a7(small blind) folded before Flop
Seat 1: Hero folded on the Flop



Poker Hand #ring_916438145: NLH No Limit ($2/$4) - 2025/06/04 14:26:06
Table 'MR NLH 2/4' 7-max Seat #7 is the button
Seat 6: 8f6a7325 ($782.58 in chips)
Seat 3: 8a57a703 ($775.72 in chips)
Seat 5: 42affa19 ($1,347.35 in chips)
Seat 7: ac51aee4 ($582.37 in chips)
Seat 2: 23a760a7 ($768.69 in chips)
Seat 1: Hero ($236 in chips)
Hero: posts small blind $2
23a760a7: posts big blind $4
*** HOLE CARDS ***
Dealt to 8f6a7325 
Dealt to 8a57a703 
Dealt to 42affa19 
Dealt to ac51aee4 
Dealt to 23a760a7 
Dealt to Hero [5h 8h]
8a57a703: folds
42affa19: raises $8 to $12
8f6a7325: folds
ac51aee4: raises $24 to $36
Hero: folds
23a760a7: folds
42affa19: calls $24
*** FLOP *** [8s Jh 4s]
42affa19: checks
ac51aee4: bets $25.74
42affa19: calls $25.74
*** TURN *** [8s Jh 4s] [5d]
42affa19: checks
ac51aee4: bets $85.2
42affa19: folds
Uncalled bet ($85.2) returned to ac51aee4
*** SHOWDOWN ***
ac51aee4 collected $129.48 from pot
*** SUMMARY ***
Total pot $129.48
Board [8s Jh 4s 5d]
Seat 6: 8f6a7325 folded before Flop (didn't bet)
Seat 3: 8a57a703 folded before Flop (didn't bet)
Seat 5: 42affa19 folded on the Turn
Seat 7: ac51aee4won ($129.48) with Jack-High
Seat 2: 23a760a7(big blind) folded before Flop
Seat 1: Hero(small blind) folded before Flop



Poker Hand #ring_916437798: NLH No Limit ($2/$4) - 2025/06/04 14:25:50
Table 'MR NLH 2/4' 7-max Seat #6 is the button
Seat 6: 8f6a7325 ($782.58 in chips)
Seat 3: 8a57a703 ($775.72 in chips)
Seat 5: 42affa19 ($1,347.35 in chips)
Seat 7: ac51aee4 ($584.37 in chips)
Seat 2: 23a760a7 ($768.69 in chips)
Seat 1: Hero ($234 in chips)
ac51aee4: posts small blind $2
Hero: posts big blind $4
*** HOLE CARDS ***
Dealt to 8f6a7325 
Dealt to 8a57a703 
Dealt to 42affa19 
Dealt to ac51aee4 
Dealt to 23a760a7 
Dealt to Hero [7d 4h]
23a760a7: folds
8a57a703: folds
42affa19: folds
8f6a7325: folds
ac51aee4: folds
*** SHOWDOWN ***
Hero collected $6 from pot
*** SUMMARY ***
Total pot $6
Seat 6: 8f6a7325 folded before Flop (didn't bet)
Seat 3: 8a57a703 folded before Flop (didn't bet)
Seat 5: 42affa19 folded before Flop (didn't bet)
Seat 7: ac51aee4(small blind) folded before Flop
Seat 2: 23a760a7 folded before Flop (didn't bet)
Seat 1: Hero(big blind)won ($6)



Poker Hand #ring_916436334: NLH No Limit ($2/$4) - 2025/06/04 14:24:31
Table 'MR NLH 2/4' 7-max Seat #5 is the button
Seat 6: 8f6a7325 ($784.58 in chips)
Seat 3: 8a57a703 ($775.72 in chips)
Seat 5: 42affa19 ($1,135.77 in chips)
Seat 7: ac51aee4 ($815.87 in chips)
Seat 2: 23a760a7 ($768.69 in chips)
Seat 1: Hero ($234 in chips)
8f6a7325: posts small blind $2
ac51aee4: posts big blind $4
*** HOLE CARDS ***
Dealt to 8f6a7325 
Dealt to 8a57a703 
Dealt to 42affa19 
Dealt to ac51aee4 
Dealt to 23a760a7 
Dealt to Hero [2h 8h]
Hero: folds
23a760a7: folds
8a57a703: folds
42affa19: raises $8 to $12
8f6a7325: folds
ac51aee4: calls $8
*** FLOP *** [2d 4c 3c]
ac51aee4: checks
42affa19: bets $16
ac51aee4: calls $16
*** TURN *** [2d 4c 3c] [Ad]
ac51aee4: checks
42affa19: bets $43.5
ac51aee4: calls $43.5
*** RIVER *** [2d 4c 3c Ad] [Ah]
ac51aee4: checks
42affa19: bets $160
ac51aee4: calls $160
42affa19: shows [5c Jc]
ac51aee4: shows [Ac 8c]
*** SHOWDOWN ***
42affa19 collected $465 from pot
*** SUMMARY ***
Total pot $465
Board [2d 4c 3c Ad Ah]
Seat 6: 8f6a7325(small blind) folded before Flop
Seat 3: 8a57a703 folded before Flop (didn't bet)
Seat 5: 42affa19 showed [5c Jc] and won ($465) with Fives-High Straight
Seat 7: ac51aee4(big blind) showed [Ac 8c] and lost with Three Aces
Seat 2: 23a760a7 folded before Flop (didn't bet)
Seat 1: Hero folded before Flop (didn't bet)



Poker Hand #ring_916435873: NLH No Limit ($2/$4) - 2025/06/04 14:24:08
Table 'MR NLH 2/4' 7-max Seat #3 is the button
Seat 6: 8f6a7325 ($782.58 in chips)
Seat 3: 8a57a703 ($775.72 in chips)
Seat 5: 42affa19 ($1,137.77 in chips)
Seat 7: ac51aee4 ($815.87 in chips)
Seat 2: 23a760a7 ($768.69 in chips)
Seat 1: Hero ($234 in chips)
42affa19: posts small blind $2
8f6a7325: posts big blind $4
*** HOLE CARDS ***
Dealt to 8f6a7325 
Dealt to 8a57a703 
Dealt to 42affa19 
Dealt to ac51aee4 
Dealt to 23a760a7 
Dealt to Hero [3c Qs]
ac51aee4: folds
Hero: folds
23a760a7: folds
8a57a703: folds
42affa19: folds
*** SHOWDOWN ***
8f6a7325 collected $6 from pot
*** SUMMARY ***
Total pot $6
Seat 6: 8f6a7325(big blind)won ($6)
Seat 3: 8a57a703 folded before Flop (didn't bet)
Seat 5: 42affa19(small blind) folded before Flop
Seat 7: ac51aee4 folded before Flop (didn't bet)
Seat 2: 23a760a7 folded before Flop (didn't bet)
Seat 1: Hero folded before Flop (didn't bet)



Poker Hand #ring_916434872: NLH No Limit ($2/$4) - 2025/06/04 14:23:12
Table 'MR NLH 2/4' 7-max Seat #2 is the button
Seat 6: 8f6a7325 ($782.58 in chips)
Seat 3: 8a57a703 ($777.72 in chips)
Seat 5: 42affa19 ($1,158.77 in chips)
Seat 7: ac51aee4 ($795.85 in chips)
Seat 2: 23a760a7 ($768.69 in chips)
Seat 1: Hero ($234 in chips)
8a57a703: posts small blind $2
42affa19: posts big blind $4
*** HOLE CARDS ***
Dealt to 8f6a7325 
Dealt to 8a57a703 
Dealt to 42affa19 
Dealt to ac51aee4 
Dealt to 23a760a7 
Dealt to Hero [Th Js]
8f6a7325: folds
ac51aee4: raises $6 to $10
Hero: folds
23a760a7: folds
8a57a703: folds
42affa19: calls $6
*** FLOP *** [7c 8d Ah]
42affa19: checks
ac51aee4: bets $11
42affa19: calls $11
*** TURN *** [7c 8d Ah] [Jc]
42affa19: checks
ac51aee4: bets $32.4
42affa19: folds
Uncalled bet ($32.4) returned to ac51aee4
*** SHOWDOWN ***
ac51aee4 collected $44 from pot
*** SUMMARY ***
Total pot $44
Board [7c 8d Ah Jc]
Seat 6: 8f6a7325 folded before Flop (didn't bet)
Seat 3: 8a57a703(small blind) folded before Flop
Seat 5: 42affa19(big blind) folded on the Turn
Seat 7: ac51aee4won ($44) with Pair of Aces
Seat 2: 23a760a7 folded before Flop (didn't bet)
Seat 1: Hero folded before Flop (didn't bet)



Poker Hand #ring_916434358: NLH No Limit ($2/$4) - 2025/06/04 14:22:44
Table 'MR NLH 2/4' 7-max Seat #1 is the button
Seat 6: 8f6a7325 ($782.58 in chips)
Seat 3: 8a57a703 ($775.72 in chips)
Seat 5: 42affa19 ($1,158.77 in chips)
Seat 7: ac51aee4 ($795.85 in chips)
Seat 2: 23a760a7 ($770.69 in chips)
Seat 1: Hero ($234 in chips)
23a760a7: posts small blind $2
8a57a703: posts big blind $4
*** HOLE CARDS ***
Dealt to 8f6a7325 
Dealt to 8a57a703 
Dealt to 42affa19 
Dealt to ac51aee4 
Dealt to 23a760a7 
Dealt to Hero [5c Td]
42affa19: folds
8f6a7325: folds
ac51aee4: folds
Hero: folds
23a760a7: folds
*** SHOWDOWN ***
8a57a703 collected $6 from pot
*** SUMMARY ***
Total pot $6
Seat 6: 8f6a7325 folded before Flop (didn't bet)
Seat 3: 8a57a703(big blind)won ($6)
Seat 5: 42affa19 folded before Flop (didn't bet)
Seat 7: ac51aee4 folded before Flop (didn't bet)
Seat 2: 23a760a7(small blind) folded before Flop
Seat 1: Hero folded before Flop (didn't bet)



Poker Hand #ring_916432418: NLH No Limit ($2/$4) - 2025/06/04 14:20:59
Table 'MR NLH 2/4' 7-max Seat #7 is the button
Seat 6: 8f6a7325 ($706.51 in chips)
Seat 3: 8a57a703 ($775.72 in chips)
Seat 5: 42affa19 ($1,228.77 in chips)
Seat 7: ac51aee4 ($795.85 in chips)
Seat 2: 23a760a7 ($782.69 in chips)
Seat 1: Hero ($236 in chips)
Hero: posts small blind $2
23a760a7: posts big blind $4
*** HOLE CARDS ***
Dealt to 8f6a7325 
Dealt to 8a57a703 
Dealt to 42affa19 
Dealt to ac51aee4 
Dealt to 23a760a7 
Dealt to Hero [9s Ad]
8a57a703: folds
42affa19: raises $8 to $12
8f6a7325: calls $12
ac51aee4: folds
Hero: folds
23a760a7: calls $8
*** FLOP *** [5s Kc Tc]
23a760a7: checks
42affa19: bets $19
8f6a7325: raises $39 to $58
23a760a7: folds
42affa19: calls $39
*** TURN *** [5s Kc Tc] [4d]
42affa19: checks
8f6a7325: bets $115.51
42affa19: folds
Uncalled bet ($115.51) returned to 8f6a7325
*** SHOWDOWN ***
8f6a7325 collected $154 from pot
*** SUMMARY ***
Total pot $154
Board [5s Kc Tc 4d]
Seat 6: 8f6a7325won ($154) with Ace-High
Seat 3: 8a57a703 folded before Flop (didn't bet)
Seat 5: 42affa19 folded on the Turn
Seat 7: ac51aee4 folded before Flop (didn't bet)
Seat 2: 23a760a7(big blind) folded on the Flop
Seat 1: Hero(small blind) folded before Flop



Poker Hand #ring_916431358: NLH No Limit ($2/$4) - 2025/06/04 14:20:01
Table 'MR NLH 2/4' 7-max Seat #6 is the button
Seat 6: 8f6a7325 ($663.56 in chips)
Seat 3: 8a57a703 ($775.72 in chips)
Seat 5: 42affa19 ($1,270.77 in chips)
Seat 7: ac51aee4 ($797.85 in chips)
Seat 2: 23a760a7 ($782.69 in chips)
Seat 4: da074a10 ($977.41 in chips)
Seat 1: Hero ($240 in chips)
ac51aee4: posts small blind $2
Hero: posts big blind $4
*** HOLE CARDS ***
Dealt to 8f6a7325 
Dealt to 8a57a703 
Dealt to 42affa19 
Dealt to ac51aee4 
Dealt to 23a760a7 
Dealt to da074a10 
Dealt to Hero [Ks 6c]
23a760a7: folds
8a57a703: folds
da074a10: folds
42affa19: raises $8 to $12
8f6a7325: raises $30 to $42
ac51aee4: folds
Hero: folds
42affa19: calls $30
*** FLOP *** [2s 4d 4c]
42affa19: checks
8f6a7325: bets $36
42affa19: folds
Uncalled bet ($36) returned to 8f6a7325
*** SHOWDOWN ***
8f6a7325 collected $90 from pot
*** SUMMARY ***
Total pot $90
Board [2s 4d 4c]
Seat 6: 8f6a7325won ($90) with Pair of Fours
Seat 3: 8a57a703 folded before Flop (didn't bet)
Seat 5: 42affa19 folded on the Flop
Seat 7: ac51aee4(small blind) folded before Flop
Seat 2: 23a760a7 folded before Flop (didn't bet)
Seat 4: da074a10 folded before Flop (didn't bet)
Seat 1: Hero(big blind) folded before Flop



Poker Hand #ring_916429415: NLH No Limit ($2/$4) - 2025/06/04 14:18:16
Table 'MR NLH 2/4' 7-max Seat #5 is the button
Seat 6: 8f6a7325 ($637.08 in chips)
Seat 3: 8a57a703 ($775.72 in chips)
Seat 5: 42affa19 ($1,270.77 in chips)
Seat 7: ac51aee4 ($801.85 in chips)
Seat 2: 23a760a7 ($782.69 in chips)
Seat 4: da074a10 ($977.41 in chips)
Seat 1: Hero ($266 in chips)
8f6a7325: posts small blind $2
ac51aee4: posts big blind $4
*** HOLE CARDS ***
Dealt to 8f6a7325 
Dealt to 8a57a703 
Dealt to 42affa19 
Dealt to ac51aee4 
Dealt to 23a760a7 
Dealt to da074a10 
Dealt to Hero [6s 8s]
Hero: raises $8 to $12
23a760a7: folds
8a57a703: folds
da074a10: folds
42affa19: folds
8f6a7325: calls $10
ac51aee4: folds
*** FLOP *** [Tc 2c 5h]
8f6a7325: checks
Hero: bets $14
8f6a7325: calls $14
*** TURN *** [Tc 2c 5h] [Jh]
8f6a7325: checks
Hero: checks
*** RIVER *** [Tc 2c 5h Jh] [8c]
8f6a7325: bets $42
Hero: folds
Uncalled bet ($42) returned to 8f6a7325
*** SHOWDOWN ***
8f6a7325 collected $56 from pot
*** SUMMARY ***
Total pot $56
Board [Tc 2c 5h Jh 8c]
Seat 6: 8f6a7325(small blind)won ($56) with Pair of Jacks
Seat 3: 8a57a703 folded before Flop (didn't bet)
Seat 5: 42affa19 folded before Flop (didn't bet)
Seat 7: ac51aee4(big blind) folded before Flop
Seat 2: 23a760a7 folded before Flop (didn't bet)
Seat 4: da074a10 folded before Flop (didn't bet)
Seat 1: Hero folded on the River



Poker Hand #ring_916428714: NLH No Limit ($2/$4) - 2025/06/04 14:17:36
Table 'MR NLH 2/4' 7-max Seat #4 is the button
Seat 6: 8f6a7325 ($637.26 in chips)
Seat 3: 8a57a703 ($775.72 in chips)
Seat 5: 42affa19 ($1,270.95 in chips)
Seat 7: ac51aee4 ($801.85 in chips)
Seat 2: 23a760a7 ($782.69 in chips)
Seat 4: da074a10 ($977.41 in chips)
Seat 1: Hero ($266 in chips)
42affa19: posts small blind $2
8f6a7325: posts big blind $4
*** HOLE CARDS ***
Dealt to 8f6a7325 
Dealt to 8a57a703 
Dealt to 42affa19 
Dealt to ac51aee4 
Dealt to 23a760a7 
Dealt to da074a10 
Dealt to Hero [3d Ac]
ac51aee4: folds
Hero: folds
23a760a7: folds
8a57a703: folds
da074a10: folds
42affa19: calls $2
8f6a7325: checks
*** FLOP *** [Th Jd Jh]
42affa19: checks
8f6a7325: checks
*** TURN *** [Th Jd Jh] [Jc]
42affa19: checks
8f6a7325: checks
*** RIVER *** [Th Jd Jh Jc] [Ts]
42affa19: checks
8f6a7325: checks
42affa19: shows [2s Ks]
8f6a7325: shows [Qd 7h]
*** SHOWDOWN ***
42affa19 collected $4 from pot
8f6a7325 collected $4 from pot
*** SUMMARY ***
Total pot $8
Board [Th Jd Jh Jc Ts]
Seat 6: 8f6a7325(big blind) showed [Qd 7h] and won ($4) with Jacks Full over Tens
Seat 3: 8a57a703 folded before Flop (didn't bet)
Seat 5: 42affa19(small blind) showed [2s Ks] and won ($4) with Jacks Full over Tens
Seat 7: ac51aee4 folded before Flop (didn't bet)
Seat 2: 23a760a7 folded before Flop (didn't bet)
Seat 4: da074a10 folded before Flop (didn't bet)
Seat 1: Hero folded before Flop (didn't bet)



Poker Hand #ring_916427571: NLH No Limit ($2/$4) - 2025/06/04 14:16:33
Table 'MR NLH 2/4' 7-max Seat #3 is the button
Seat 6: 8f6a7325 ($637.26 in chips)
Seat 3: 8a57a703 ($407.72 in chips)
Seat 5: 42affa19 ($1,274.95 in chips)
Seat 7: ac51aee4 ($801.85 in chips)
Seat 2: 23a760a7 ($794.69 in chips)
Seat 4: da074a10 ($979.41 in chips)
Seat 1: Hero ($249.35 in chips)
da074a10: posts small blind $2
42affa19: posts big blind $4
*** HOLE CARDS ***
Dealt to 8f6a7325 
Dealt to 8a57a703 
Dealt to 42affa19 
Dealt to ac51aee4 
Dealt to 23a760a7 
Dealt to da074a10 
Dealt to Hero [Ts Tc]
8f6a7325: folds
ac51aee4: folds
Hero: raises $8 to $12
23a760a7: calls $12
8a57a703: folds
da074a10: folds
42affa19: folds
*** FLOP *** [Ks 5c Qs]
Hero: checks
23a760a7: checks
*** TURN *** [Ks 5c Qs] [As]
Hero: bets $15
23a760a7: folds
Uncalled bet ($15) returned to Hero
*** SHOWDOWN ***
Hero collected $30 from pot
*** SUMMARY ***
Total pot $30
Board [Ks 5c Qs As]
Seat 6: 8f6a7325 folded before Flop (didn't bet)
Seat 3: 8a57a703 folded before Flop (didn't bet)
Seat 5: 42affa19(big blind) folded before Flop
Seat 7: ac51aee4 folded before Flop (didn't bet)
Seat 2: 23a760a7 folded on the Turn
Seat 4: da074a10(small blind) folded before Flop
Seat 1: Herowon ($30) with Pair of Tens



Poker Hand #ring_916426526: NLH No Limit ($2/$4) - 2025/06/04 14:15:36
Table 'MR NLH 2/4' 7-max Seat #2 is the button
Seat 6: 8f6a7325 ($637.26 in chips)
Seat 3: 8a57a703 ($822.31 in chips)
Seat 5: 42affa19 ($1,274.95 in chips)
Seat 7: ac51aee4 ($801.85 in chips)
Seat 2: 23a760a7 ($414.59 in chips)
Seat 4: da074a10 ($983.41 in chips)
Seat 1: Hero ($249.35 in chips)
8a57a703: posts small blind $2
da074a10: posts big blind $4
*** HOLE CARDS ***
Dealt to 8f6a7325 
Dealt to 8a57a703 
Dealt to 42affa19 
Dealt to ac51aee4 
Dealt to 23a760a7 
Dealt to da074a10 
Dealt to Hero [Kh 7c]
42affa19: folds
8f6a7325: folds
ac51aee4: folds
Hero: folds
23a760a7: raises $6 to $10
8a57a703: raises $24 to $34
da074a10: folds
23a760a7: raises $54 to $88
8a57a703: calls $54
*** FLOP *** [3h Tc 7d]
8a57a703: checks
23a760a7: bets $59.4
8a57a703: calls $59.4
*** TURN *** [3h Tc 7d] [Jc]
8a57a703: checks
23a760a7: bets $267.19 and is all-in
8a57a703: calls $267.19
23a760a7: shows [Ac As]
8a57a703: shows [6h 9h]
*** RIVER *** [3h Tc 7d Jc] [7h]
*** SHOWDOWN ***
23a760a7 collected $833.18 from pot
*** SUMMARY ***
Total pot $833.18
Board [3h Tc 7d Jc 7h]
Seat 6: 8f6a7325 folded before Flop (didn't bet)
Seat 3: 8a57a703(small blind) showed [6h 9h] and lost with Pair of Sevens
Seat 5: 42affa19 folded before Flop (didn't bet)
Seat 7: ac51aee4 folded before Flop (didn't bet)
Seat 2: 23a760a7 showed [Ac As] and won ($833.18) with Pair of Aces and Pair of Sevens
Seat 4: da074a10(big blind) folded before Flop
Seat 1: Hero folded before Flop (didn't bet)



Poker Hand #ring_916425585: NLH No Limit ($2/$4) - 2025/06/04 14:14:42
Table 'MR NLH 2/4' 7-max Seat #1 is the button
Seat 6: 8f6a7325 ($647.26 in chips)
Seat 3: 8a57a703 ($826.31 in chips)
Seat 5: 42affa19 ($1,274.95 in chips)
Seat 7: ac51aee4 ($801.85 in chips)
Seat 2: 23a760a7 ($416.59 in chips)
Seat 4: da074a10 ($968.58 in chips)
Seat 1: Hero ($249.35 in chips)
23a760a7: posts small blind $2
8a57a703: posts big blind $4
*** HOLE CARDS ***
Dealt to 8f6a7325 
Dealt to 8a57a703 
Dealt to 42affa19 
Dealt to ac51aee4 
Dealt to 23a760a7 
Dealt to da074a10 
Dealt to Hero [4c Td]
da074a10: raises $6 to $10
42affa19: folds
8f6a7325: calls $10
ac51aee4: folds
Hero: folds
23a760a7: folds
8a57a703: folds
*** FLOP *** [Ac Tc Jc]
da074a10: checks
8f6a7325: checks
*** TURN *** [Ac Tc Jc] [9c]
da074a10: checks
8f6a7325: checks
*** RIVER *** [Ac Tc Jc 9c] [2s]
da074a10: checks
8f6a7325: checks
da074a10: shows [Qs Ks]
8f6a7325: shows [Ad 8d]
*** SHOWDOWN ***
da074a10 collected $26 from pot
*** SUMMARY ***
Total pot $26
Board [Ac Tc Jc 9c 2s]
Seat 6: 8f6a7325 showed [Ad 8d] and lost with Pair of Aces
Seat 3: 8a57a703(big blind) folded before Flop
Seat 5: 42affa19 folded before Flop (didn't bet)
Seat 7: ac51aee4 folded before Flop (didn't bet)
Seat 2: 23a760a7(small blind) folded before Flop
Seat 4: da074a10 showed [Qs Ks] and won ($26) with Aces-High Straight
Seat 1: Hero folded before Flop (didn't bet)



Poker Hand #ring_916424672: NLH No Limit ($2/$4) - 2025/06/04 14:13:50
Table 'MR NLH 2/4' 7-max Seat #7 is the button
Seat 6: 8f6a7325 ($647.26 in chips)
Seat 3: 8a57a703 ($826.31 in chips)
Seat 5: 42affa19 ($1,305.75 in chips)
Seat 7: ac51aee4 ($801.85 in chips)
Seat 2: 23a760a7 ($420.59 in chips)
Seat 4: da074a10 ($935.82 in chips)
Seat 1: Hero ($251.35 in chips)
Hero: posts small blind $2
23a760a7: posts big blind $4
*** HOLE CARDS ***
Dealt to 8f6a7325 
Dealt to 8a57a703 
Dealt to 42affa19 
Dealt to ac51aee4 
Dealt to 23a760a7 
Dealt to da074a10 
Dealt to Hero [3d Ah]
8a57a703: folds
da074a10: raises $6 to $10
42affa19: calls $10
8f6a7325: folds
ac51aee4: folds
Hero: folds
23a760a7: folds
*** FLOP *** [9s 6s 7d]
da074a10: checks
42affa19: checks
*** TURN *** [9s 6s 7d] [3s]
da074a10: bets $20.8
42affa19: calls $20.8
*** RIVER *** [9s 6s 7d 3s] [Qc]
da074a10: checks
42affa19: checks
da074a10: shows [As Kd]
42affa19: shows [Jd Ts]
*** SHOWDOWN ***
da074a10 collected $67.6 from pot
*** SUMMARY ***
Total pot $67.6
Board [9s 6s 7d 3s Qc]
Seat 6: 8f6a7325 folded before Flop (didn't bet)
Seat 3: 8a57a703 folded before Flop (didn't bet)
Seat 5: 42affa19 showed [Jd Ts] and lost with Queen-High
Seat 7: ac51aee4 folded before Flop (didn't bet)
Seat 2: 23a760a7(big blind) folded before Flop
Seat 4: da074a10 showed [As Kd] and won ($67.6) with Ace-High
Seat 1: Hero(small blind) folded before Flop



Poker Hand #ring_916423424: NLH No Limit ($2/$4) - 2025/06/04 14:12:37
Table 'MR NLH 2/4' 7-max Seat #6 is the button
Seat 6: 8f6a7325 ($647.26 in chips)
Seat 3: 8a57a703 ($826.31 in chips)
Seat 5: 42affa19 ($1,305.75 in chips)
Seat 7: ac51aee4 ($803.85 in chips)
Seat 2: 23a760a7 ($420.59 in chips)
Seat 4: da074a10 ($875.43 in chips)
Seat 1: Hero ($316.71 in chips)
ac51aee4: posts small blind $2
Hero: posts big blind $4
*** HOLE CARDS ***
Dealt to 8f6a7325 
Dealt to 8a57a703 
Dealt to 42affa19 
Dealt to ac51aee4 
Dealt to 23a760a7 
Dealt to da074a10 
Dealt to Hero [6d Kc]
23a760a7: folds
8a57a703: folds
da074a10: raises $6 to $10
42affa19: folds
8f6a7325: folds
ac51aee4: folds
Hero: calls $6
*** FLOP *** [Qd 9d Th]
Hero: checks
da074a10: bets $14.52
Hero: calls $14.52
*** TURN *** [Qd 9d Th] [7d]
Hero: checks
da074a10: checks
*** RIVER *** [Qd 9d Th 7d] [7s]
Hero: bets $40.84
da074a10: calls $40.84
Hero: shows [6d Kc]
da074a10: shows [Ac Qc]
*** SHOWDOWN ***
da074a10 collected $132.72 from pot
*** SUMMARY ***
Total pot $132.72
Board [Qd 9d Th 7d 7s]
Seat 6: 8f6a7325 folded before Flop (didn't bet)
Seat 3: 8a57a703 folded before Flop (didn't bet)
Seat 5: 42affa19 folded before Flop (didn't bet)
Seat 7: ac51aee4(small blind) folded before Flop
Seat 2: 23a760a7 folded before Flop (didn't bet)
Seat 4: da074a10 showed [Ac Qc] and won ($132.72) with Pair of Queens and Pair of Sevens
Seat 1: Hero(big blind) showed [6d Kc] and lost with Pair of Sevens



Poker Hand #ring_916422247: NLH No Limit ($2/$4) - 2025/06/04 14:11:28
Table 'MR NLH 2/4' 7-max Seat #5 is the button
Seat 6: 8f6a7325 ($649.26 in chips)
Seat 3: 8a57a703 ($826.31 in chips)
Seat 5: 42affa19 ($1,262.8 in chips)
Seat 7: ac51aee4 ($807.85 in chips)
Seat 2: 23a760a7 ($420.59 in chips)
Seat 4: da074a10 ($875.43 in chips)
Seat 1: Hero ($358.71 in chips)
8f6a7325: posts small blind $2
ac51aee4: posts big blind $4
*** HOLE CARDS ***
Dealt to 8f6a7325 
Dealt to 8a57a703 
Dealt to 42affa19 
Dealt to ac51aee4 
Dealt to 23a760a7 
Dealt to da074a10 
Dealt to Hero [Qd Ac]
Hero: raises $8 to $12
23a760a7: folds
8a57a703: folds
da074a10: folds
42affa19: raises $30 to $42
8f6a7325: folds
ac51aee4: folds
Hero: calls $30
*** FLOP *** [9d 5h 3c]
Hero: checks
42affa19: bets $44
Hero: folds
Uncalled bet ($44) returned to 42affa19
*** SHOWDOWN ***
42affa19 collected $90 from pot
*** SUMMARY ***
Total pot $90
Board [9d 5h 3c]
Seat 6: 8f6a7325(small blind) folded before Flop
Seat 3: 8a57a703 folded before Flop (didn't bet)
Seat 5: 42affa19won ($90) with Pair of Queens
Seat 7: ac51aee4(big blind) folded before Flop
Seat 2: 23a760a7 folded before Flop (didn't bet)
Seat 4: da074a10 folded before Flop (didn't bet)
Seat 1: Hero folded on the Flop



Poker Hand #ring_916421827: NLH No Limit ($2/$4) - 2025/06/04 14:11:03
Table 'MR NLH 2/4' 7-max Seat #4 is the button
Seat 6: 8f6a7325 ($653.26 in chips)
Seat 3: 8a57a703 ($826.31 in chips)
Seat 5: 42affa19 ($1,264.8 in chips)
Seat 2: 23a760a7 ($420.59 in chips)
Seat 4: da074a10 ($869.43 in chips)
Seat 1: Hero ($358.71 in chips)
42affa19: posts small blind $2
8f6a7325: posts big blind $4
*** HOLE CARDS ***
Dealt to 8f6a7325 
Dealt to 8a57a703 
Dealt to 42affa19 
Dealt to 23a760a7 
Dealt to da074a10 
Dealt to Hero [3s Tc]
Hero: folds
23a760a7: folds
8a57a703: folds
da074a10: raises $6 to $10
42affa19: folds
8f6a7325: folds
Uncalled bet ($6) returned to da074a10
*** SHOWDOWN ***
da074a10 collected $10 from pot
*** SUMMARY ***
Total pot $10
Seat 6: 8f6a7325(big blind) folded before Flop
Seat 3: 8a57a703 folded before Flop (didn't bet)
Seat 5: 42affa19(small blind) folded before Flop
Seat 2: 23a760a7 folded before Flop (didn't bet)
Seat 4: da074a10won ($10)
Seat 1: Hero folded before Flop (didn't bet)



Poker Hand #ring_916421171: NLH No Limit ($2/$4) - 2025/06/04 14:10:24
Table 'MR NLH 2/4' 7-max Seat #3 is the button
Seat 6: 8f6a7325 ($653.26 in chips)
Seat 3: 8a57a703 ($826.31 in chips)
Seat 5: 42affa19 ($1,276.8 in chips)
Seat 2: 23a760a7 ($407.76 in chips)
Seat 4: da074a10 ($871.43 in chips)
Seat 1: Hero ($358.71 in chips)
da074a10: posts small blind $2
42affa19: posts big blind $4
*** HOLE CARDS ***
Dealt to 8f6a7325 
Dealt to 8a57a703 
Dealt to 42affa19 
Dealt to 23a760a7 
Dealt to da074a10 
Dealt to Hero [Js 4c]
8f6a7325: folds
Hero: folds
23a760a7: raises $8 to $12
8a57a703: folds
da074a10: folds
42affa19: calls $8
*** FLOP *** [8h 5d Td]
42affa19: checks
23a760a7: bets $8.58
42affa19: folds
Uncalled bet ($8.58) returned to 23a760a7
*** SHOWDOWN ***
23a760a7 collected $26 from pot
*** SUMMARY ***
Total pot $26
Board [8h 5d Td]
Seat 6: 8f6a7325 folded before Flop (didn't bet)
Seat 3: 8a57a703 folded before Flop (didn't bet)
Seat 5: 42affa19(big blind) folded on the Flop
Seat 2: 23a760a7won ($26) with Pair of Aces
Seat 4: da074a10(small blind) folded before Flop
Seat 1: Hero folded before Flop (didn't bet)



Poker Hand #ring_916419991: NLH No Limit ($2/$4) - 2025/06/04 14:09:15
Table 'MR NLH 2/4' 7-max Seat #2 is the button
Seat 6: 8f6a7325 ($653.26 in chips)
Seat 3: 8a57a703 ($828.31 in chips)
Seat 5: 42affa19 ($1,288.8 in chips)
Seat 2: 23a760a7 ($407.76 in chips)
Seat 4: da074a10 ($858.6 in chips)
Seat 1: Hero ($358.71 in chips)
8a57a703: posts small blind $2
da074a10: posts big blind $4
*** HOLE CARDS ***
Dealt to 8f6a7325 
Dealt to 8a57a703 
Dealt to 42affa19 
Dealt to 23a760a7 
Dealt to da074a10 
Dealt to Hero [3h 9s]
42affa19: raises $8 to $12
8f6a7325: folds
Hero: folds
23a760a7: folds
8a57a703: folds
da074a10: calls $8
*** FLOP *** [8c 8h 5c]
da074a10: checks
42affa19: checks
*** TURN *** [8c 8h 5c] [Ad]
da074a10: checks
42affa19: checks
*** RIVER *** [8c 8h 5c Ad] [6d]
da074a10: checks
42affa19: checks
da074a10: shows [6s 5s]
42affa19: shows [Qc Js]
*** SHOWDOWN ***
da074a10 collected $26 from pot
*** SUMMARY ***
Total pot $26
Board [8c 8h 5c Ad 6d]
Seat 6: 8f6a7325 folded before Flop (didn't bet)
Seat 3: 8a57a703(small blind) folded before Flop
Seat 5: 42affa19 showed [Qc Js] and lost with Pair of Eights
Seat 2: 23a760a7 folded before Flop (didn't bet)
Seat 4: da074a10(big blind) showed [6s 5s] and won ($26) with Pair of Eights and Pair of Sixes
Seat 1: Hero folded before Flop (didn't bet)



Poker Hand #ring_916419210: NLH No Limit ($2/$4) - 2025/06/04 14:08:30
Table 'MR NLH 2/4' 7-max Seat #1 is the button
Seat 6: 8f6a7325 ($653.26 in chips)
Seat 3: 8a57a703 ($832.31 in chips)
Seat 5: 42affa19 ($1,288.8 in chips)
Seat 2: 23a760a7 ($391.76 in chips)
Seat 4: da074a10 ($858.6 in chips)
Seat 1: Hero ($370.71 in chips)
23a760a7: posts small blind $2
8a57a703: posts big blind $4
*** HOLE CARDS ***
Dealt to 8f6a7325 
Dealt to 8a57a703 
Dealt to 42affa19 
Dealt to 23a760a7 
Dealt to da074a10 
Dealt to Hero [Ks Tc]
da074a10: folds
42affa19: folds
8f6a7325: folds
Hero: raises $8 to $12
23a760a7: raises $26 to $38
8a57a703: folds
Hero: folds
Uncalled bet ($26) returned to 23a760a7
*** SHOWDOWN ***
23a760a7 collected $28 from pot
*** SUMMARY ***
Total pot $28
Seat 6: 8f6a7325 folded before Flop (didn't bet)
Seat 3: 8a57a703(big blind) folded before Flop
Seat 5: 42affa19 folded before Flop (didn't bet)
Seat 2: 23a760a7(small blind)won ($28)
Seat 4: da074a10 folded before Flop (didn't bet)
Seat 1: Hero folded before Flop



Poker Hand #ring_916418200: NLH No Limit ($2/$4) - 2025/06/04 14:07:30
Table 'MR NLH 2/4' 7-max Seat #6 is the button
Seat 6: 8f6a7325 ($665.26 in chips)
Seat 3: 8a57a703 ($832.31 in chips)
Seat 5: 42affa19 ($1,272.15 in chips)
Seat 2: 23a760a7 ($395.76 in chips)
Seat 4: da074a10 ($858.6 in chips)
Seat 1: Hero ($372.71 in chips)
Hero: posts small blind $2
23a760a7: posts big blind $4
*** HOLE CARDS ***
Dealt to 8f6a7325 
Dealt to 8a57a703 
Dealt to 42affa19 
Dealt to 23a760a7 
Dealt to da074a10 
Dealt to Hero [5h 3d]
8a57a703: folds
da074a10: folds
42affa19: raises $8 to $12
8f6a7325: calls $12
Hero: folds
23a760a7: folds
*** FLOP *** [3h Tc Jc]
42affa19: checks
8f6a7325: checks
*** TURN *** [3h Tc Jc] [7d]
42affa19: checks
8f6a7325: checks
*** RIVER *** [3h Tc Jc 7d] [Qs]
42affa19: checks
8f6a7325: checks
42affa19: shows [4d 4h]
8f6a7325: shows [6h Ah]
*** SHOWDOWN ***
42affa19 collected $30 from pot
*** SUMMARY ***
Total pot $30
Board [3h Tc Jc 7d Qs]
Seat 6: 8f6a7325 showed [6h Ah] and lost with Ace-High
Seat 3: 8a57a703 folded before Flop (didn't bet)
Seat 5: 42affa19 showed [4d 4h] and won ($30) with Pair of Fours
Seat 2: 23a760a7(big blind) folded before Flop
Seat 4: da074a10 folded before Flop (didn't bet)
Seat 1: Hero(small blind) folded before Flop



Poker Hand #ring_916417273: NLH No Limit ($2/$4) - 2025/06/04 14:06:35
Table 'MR NLH 2/4' 7-max Seat #5 is the button
Seat 6: 8f6a7325 ($667.26 in chips)
Seat 3: 8a57a703 ($784.99 in chips)
Seat 5: 42affa19 ($1,272.15 in chips)
Seat 2: 23a760a7 ($395.76 in chips)
Seat 4: da074a10 ($858.6 in chips)
Seat 1: Hero ($423.71 in chips)
8f6a7325: posts small blind $2
Hero: posts big blind $4
*** HOLE CARDS ***
Dealt to 8f6a7325 
Dealt to 8a57a703 
Dealt to 42affa19 
Dealt to 23a760a7 
Dealt to da074a10 
Dealt to Hero [3c 3s]
23a760a7: folds
8a57a703: raises $8 to $12
da074a10: folds
42affa19: folds
8f6a7325: folds
Hero: calls $8
*** FLOP *** [4c 4s Kc]
Hero: checks
8a57a703: bets $19.5
Hero: calls $19.5
*** TURN *** [4c 4s Kc] [Qh]
Hero: checks
8a57a703: checks
*** RIVER *** [4c 4s Kc Qh] [9h]
Hero: bets $19.5
8a57a703: calls $19.5
Hero: shows [3c 3s]
8a57a703: shows [7s 7c]
*** SHOWDOWN ***
8a57a703 collected $104 from pot
*** SUMMARY ***
Total pot $104
Board [4c 4s Kc Qh 9h]
Seat 6: 8f6a7325(small blind) folded before Flop
Seat 3: 8a57a703 showed [7s 7c] and won ($104) with Pair of Sevens and Pair of Fours
Seat 5: 42affa19 folded before Flop (didn't bet)
Seat 2: 23a760a7 folded before Flop (didn't bet)
Seat 4: da074a10 folded before Flop (didn't bet)
Seat 1: Hero(big blind) showed [3c 3s] and lost with Pair of Fours and Pair of Treys



