Poker Hand #ring_927667591: NLH No Limit ($1/$2) - 2025/06/10 14:51:44
Table 'MR NLH 1/2' 7-max Seat #4 is the button
Seat 1: f2443fc9 ($386.76 in chips)
Seat 4: 66e4c325 ($443.07 in chips)
Seat 6: 3f7c7685 ($235.96 in chips)
Seat 3: fdffde36 ($113.96 in chips)
Seat 5: de4c1c6 ($356.44 in chips)
Seat 7: Hero ($242.21 in chips)
Seat 2: c8e93dd9 ($407.35 in chips)
de4c1c6: posts small blind $1
3f7c7685: posts big blind $2
*** HOLE CARDS ***
Dealt to f2443fc9 
Dealt to 66e4c325 
Dealt to 3f7c7685 
Dealt to fdffde36 
Dealt to de4c1c6 
Dealt to Hero [Qs 9d]
Dealt to c8e93dd9 
Hero: folds
f2443fc9: folds
c8e93dd9: folds
fdffde36: folds
66e4c325: raises $3 to $5
de4c1c6: folds
3f7c7685: folds
Uncalled bet ($3) returned to 66e4c325
*** SHOWDOWN ***
66e4c325 collected $5 from pot
*** SUMMARY ***
Total pot $5
Seat 1: f2443fc9 folded before Flop (didn't bet)
Seat 4: 66e4c325won ($5)
Seat 6: 3f7c7685(big blind) folded before Flop
Seat 3: fdffde36 folded before Flop (didn't bet)
Seat 5: de4c1c6(small blind) folded before Flop
Seat 7: Hero folded before Flop (didn't bet)
Seat 2: c8e93dd9 folded before Flop (didn't bet)



Poker Hand #ring_927667023: NLH No Limit ($1/$2) - 2025/06/10 14:51:15
Table 'MR NLH 1/2' 7-max Seat #3 is the button
Seat 1: f2443fc9 ($386.76 in chips)
Seat 4: 66e4c325 ($441.07 in chips)
Seat 6: 3f7c7685 ($235.96 in chips)
Seat 3: fdffde36 ($113.96 in chips)
Seat 5: de4c1c6 ($358.44 in chips)
Seat 7: Hero ($242.21 in chips)
Seat 2: c8e93dd9 ($407.35 in chips)
66e4c325: posts small blind $1
de4c1c6: posts big blind $2
*** HOLE CARDS ***
Dealt to f2443fc9 
Dealt to 66e4c325 
Dealt to 3f7c7685 
Dealt to fdffde36 
Dealt to de4c1c6 
Dealt to Hero [Jh 5d]
Dealt to c8e93dd9 
3f7c7685: folds
Hero: folds
f2443fc9: folds
c8e93dd9: folds
fdffde36: folds
66e4c325: raises $4 to $6
de4c1c6: folds
Uncalled bet ($4) returned to 66e4c325
*** SHOWDOWN ***
66e4c325 collected $4 from pot
*** SUMMARY ***
Total pot $4
Seat 1: f2443fc9 folded before Flop (didn't bet)
Seat 4: 66e4c325(small blind)won ($4)
Seat 6: 3f7c7685 folded before Flop (didn't bet)
Seat 3: fdffde36 folded before Flop (didn't bet)
Seat 5: de4c1c6(big blind) folded before Flop
Seat 7: Hero folded before Flop (didn't bet)
Seat 2: c8e93dd9 folded before Flop (didn't bet)



Poker Hand #ring_927665449: NLH No Limit ($1/$2) - 2025/06/10 14:49:53
Table 'MR NLH 1/2' 7-max Seat #2 is the button
Seat 1: f2443fc9 ($386.76 in chips)
Seat 4: 66e4c325 ($446.07 in chips)
Seat 6: 3f7c7685 ($240.96 in chips)
Seat 3: fdffde36 ($118.96 in chips)
Seat 5: de4c1c6 ($358.44 in chips)
Seat 7: Hero ($242.21 in chips)
Seat 2: c8e93dd9 ($393.75 in chips)
fdffde36: posts small blind $1
66e4c325: posts big blind $2
*** HOLE CARDS ***
Dealt to f2443fc9 
Dealt to 66e4c325 
Dealt to 3f7c7685 
Dealt to fdffde36 
Dealt to de4c1c6 
Dealt to Hero [Qc 9h]
Dealt to c8e93dd9 
de4c1c6: folds
3f7c7685: raises $3 to $5
Hero: folds
f2443fc9: folds
c8e93dd9: calls $5
fdffde36: calls $4
66e4c325: calls $3
*** FLOP *** [Kh Ts 4c]
fdffde36: checks
66e4c325: checks
3f7c7685: checks
c8e93dd9: bets $13.4
fdffde36: folds
66e4c325: folds
3f7c7685: folds
Uncalled bet ($13.4) returned to c8e93dd9
*** SHOWDOWN ***
c8e93dd9 collected $20 from pot
*** SUMMARY ***
Total pot $20
Board [Kh Ts 4c]
Seat 1: f2443fc9 folded before Flop (didn't bet)
Seat 4: 66e4c325(big blind) folded on the Flop
Seat 6: 3f7c7685 folded on the Flop
Seat 3: fdffde36(small blind) folded on the Flop
Seat 5: de4c1c6 folded before Flop (didn't bet)
Seat 7: Hero folded before Flop (didn't bet)
Seat 2: c8e93dd9won ($20) with Pair of Kings



Poker Hand #ring_927663910: NLH No Limit ($1/$2) - 2025/06/10 14:48:34
Table 'MR NLH 1/2' 7-max Seat #1 is the button
Seat 1: f2443fc9 ($386.76 in chips)
Seat 4: 66e4c325 ($446.49 in chips)
Seat 6: 3f7c7685 ($240.96 in chips)
Seat 3: fdffde36 ($120.96 in chips)
Seat 5: de4c1c6 ($358.44 in chips)
Seat 7: Hero ($242.21 in chips)
Seat 2: c8e93dd9 ($394.16 in chips)
c8e93dd9: posts small blind $1
fdffde36: posts big blind $2
*** HOLE CARDS ***
Dealt to f2443fc9 
Dealt to 66e4c325 
Dealt to 3f7c7685 
Dealt to fdffde36 
Dealt to de4c1c6 
Dealt to Hero [As 2h]
Dealt to c8e93dd9 
66e4c325: raises $3 to $5
de4c1c6: folds
3f7c7685: folds
Hero: folds
f2443fc9: folds
c8e93dd9: calls $4
fdffde36: folds
*** FLOP *** [5s Jd Kd]
c8e93dd9: checks
66e4c325: bets $6.48
c8e93dd9: calls $6.48
*** TURN *** [5s Jd Kd] [4h]
c8e93dd9: checks
66e4c325: bets $13.48
c8e93dd9: calls $13.48
*** RIVER *** [5s Jd Kd 4h] [4c]
c8e93dd9: checks
66e4c325: checks
c8e93dd9: shows [Ah Jh]
66e4c325: shows [Ad Jc]
*** SHOWDOWN ***
c8e93dd9 collected $25.96 from pot
66e4c325 collected $25.96 from pot
*** SUMMARY ***
Total pot $51.92
Board [5s Jd Kd 4h 4c]
Seat 1: f2443fc9 folded before Flop (didn't bet)
Seat 4: 66e4c325 showed [Ad Jc] and won ($25.96) with Pair of Jacks and Pair of Fours
Seat 6: 3f7c7685 folded before Flop (didn't bet)
Seat 3: fdffde36(big blind) folded before Flop
Seat 5: de4c1c6 folded before Flop (didn't bet)
Seat 7: Hero folded before Flop (didn't bet)
Seat 2: c8e93dd9(small blind) showed [Ah Jh] and won ($25.96) with Pair of Jacks and Pair of Fours



Poker Hand #ring_927662460: NLH No Limit ($1/$2) - 2025/06/10 14:47:23
Table 'MR NLH 1/2' 7-max Seat #7 is the button
Seat 1: f2443fc9 ($391.76 in chips)
Seat 4: 66e4c325 ($446.49 in chips)
Seat 6: 3f7c7685 ($218.26 in chips)
Seat 3: fdffde36 ($120.96 in chips)
Seat 5: de4c1c6 ($373.44 in chips)
Seat 7: Hero ($242.21 in chips)
Seat 2: c8e93dd9 ($399.16 in chips)
f2443fc9: posts small blind $1
c8e93dd9: posts big blind $2
*** HOLE CARDS ***
Dealt to f2443fc9 
Dealt to 66e4c325 
Dealt to 3f7c7685 
Dealt to fdffde36 
Dealt to de4c1c6 
Dealt to Hero [7h Jh]
Dealt to c8e93dd9 
fdffde36: folds
66e4c325: folds
de4c1c6: raises $3 to $5
3f7c7685: calls $5
Hero: folds
f2443fc9: calls $4
c8e93dd9: calls $3
*** FLOP *** [4d Ac 7s]
f2443fc9: checks
c8e93dd9: checks
de4c1c6: checks
3f7c7685: bets $10
f2443fc9: folds
c8e93dd9: folds
de4c1c6: calls $10
*** TURN *** [4d Ac 7s] [Kh]
de4c1c6: checks
3f7c7685: bets $23
de4c1c6: folds
Uncalled bet ($23) returned to 3f7c7685
*** SHOWDOWN ***
3f7c7685 collected $40 from pot
*** SUMMARY ***
Total pot $40
Board [4d Ac 7s Kh]
Seat 1: f2443fc9(small blind) folded on the Flop
Seat 4: 66e4c325 folded before Flop (didn't bet)
Seat 6: 3f7c7685won ($40) with Pair of Aces and Pair of Sevens
Seat 3: fdffde36 folded before Flop (didn't bet)
Seat 5: de4c1c6 folded on the Turn
Seat 7: Hero folded before Flop (didn't bet)
Seat 2: c8e93dd9(big blind) folded on the Flop



Poker Hand #ring_927660661: NLH No Limit ($1/$2) - 2025/06/10 14:45:55
Table 'MR NLH 1/2' 7-max Seat #6 is the button
Seat 1: f2443fc9 ($393.76 in chips)
Seat 4: 66e4c325 ($446.49 in chips)
Seat 6: 3f7c7685 ($113.03 in chips)
Seat 3: fdffde36 ($115.99 in chips)
Seat 5: de4c1c6 ($373.44 in chips)
Seat 7: Hero ($243.21 in chips)
Seat 2: c8e93dd9 ($399.16 in chips)
Hero: posts small blind $1
f2443fc9: posts big blind $2
*** HOLE CARDS ***
Dealt to f2443fc9 
Dealt to 66e4c325 
Dealt to 3f7c7685 
Dealt to fdffde36 
Dealt to de4c1c6 
Dealt to Hero [9c 8c]
Dealt to c8e93dd9 
c8e93dd9: folds
fdffde36: raises $4 to $6
66e4c325: folds
de4c1c6: folds
3f7c7685: raises $17 to $23
Hero: folds
f2443fc9: folds
fdffde36: calls $17
*** FIRST FLOP *** [Jc 8d 7d]
fdffde36: checks
3f7c7685: bets $36.75
fdffde36: raises $56.24 to $92.99 and is all-in
3f7c7685: calls $53.28 and is all-in
Uncalled bet ($2.96) returned to fdffde36
fdffde36: shows [Qd Qh] (Pair of Queens)
3f7c7685: shows [Ac As] (Pair of Aces)
*** FIRST TURN *** [Jc 8d 7d] [Ad]
*** SECOND TURN *** [Jc 8d 7d] [6h]
*** FIRST RIVER *** [Jc 8d 7d Ad] [6c]
*** SECOND RIVER *** [Jc 8d 7d 6h] [9s]
*** FIRST SHOWDOWN ***
3f7c7685 collected $114.78 from pot
*** SECOND SHOWDOWN ***
3f7c7685 collected $114.28 from pot
*** SUMMARY ***
Total pot $229.06
Hand was run two timesFIRST Board [Jc 8d 7d Ad 6c]
SECOND Board [6h 9s]
Seat 1: f2443fc9(big blind) folded before Flop
Seat 4: 66e4c325 folded before Flop (didn't bet)
Seat 6: 3f7c7685 showed [Ac As] and won ($229.06) with Three Aces / Pair of Aces
Seat 3: fdffde36 showed [Qd Qh] and lost with Pair of Queens / Pair of Queens
Seat 5: de4c1c6 folded before Flop (didn't bet)
Seat 7: Hero(small blind) folded before Flop
Seat 2: c8e93dd9 folded before Flop (didn't bet)



Poker Hand #ring_927659959: NLH No Limit ($1/$2) - 2025/06/10 14:45:19
Table 'MR NLH 1/2' 7-max Seat #5 is the button
Seat 1: f2443fc9 ($393.76 in chips)
Seat 4: 66e4c325 ($446.49 in chips)
Seat 6: 3f7c7685 ($111.21 in chips)
Seat 3: fdffde36 ($115.99 in chips)
Seat 5: de4c1c6 ($373.44 in chips)
Seat 7: Hero ($245.21 in chips)
Seat 2: c8e93dd9 ($399.16 in chips)
3f7c7685: posts small blind $1
Hero: posts big blind $2
*** HOLE CARDS ***
Dealt to f2443fc9 
Dealt to 66e4c325 
Dealt to 3f7c7685 
Dealt to fdffde36 
Dealt to de4c1c6 
Dealt to Hero [3c Qs]
Dealt to c8e93dd9 
f2443fc9: folds
c8e93dd9: folds
fdffde36: folds
66e4c325: folds
de4c1c6: folds
3f7c7685: calls $1
Hero: checks
*** FLOP *** [6s 7h Ac]
3f7c7685: bets $2
Hero: folds
Uncalled bet ($2) returned to 3f7c7685
*** SHOWDOWN ***
3f7c7685 collected $4 from pot
*** SUMMARY ***
Total pot $4
Board [6s 7h Ac]
Seat 1: f2443fc9 folded before Flop (didn't bet)
Seat 4: 66e4c325 folded before Flop (didn't bet)
Seat 6: 3f7c7685(small blind)won ($4) with Pair of Aces
Seat 3: fdffde36 folded before Flop (didn't bet)
Seat 5: de4c1c6 folded before Flop (didn't bet)
Seat 7: Hero(big blind) folded on the Flop
Seat 2: c8e93dd9 folded before Flop (didn't bet)



Poker Hand #ring_927658804: NLH No Limit ($1/$2) - 2025/06/10 14:44:17
Table 'MR NLH 1/2' 7-max Seat #4 is the button
Seat 1: f2443fc9 ($393.76 in chips)
Seat 4: 66e4c325 ($446.49 in chips)
Seat 6: 3f7c7685 ($113.21 in chips)
Seat 3: fdffde36 ($129.49 in chips)
Seat 5: de4c1c6 ($374.44 in chips)
Seat 7: Hero ($230.56 in chips)
Seat 2: c8e93dd9 ($399.16 in chips)
de4c1c6: posts small blind $1
3f7c7685: posts big blind $2
fdffde36: posts big blind $2
*** HOLE CARDS ***
Dealt to f2443fc9 
Dealt to 66e4c325 
Dealt to 3f7c7685 
Dealt to fdffde36 
Dealt to de4c1c6 
Dealt to Hero [Qd Kh]
Dealt to c8e93dd9 
Hero: raises $4 to $6
f2443fc9: folds
c8e93dd9: folds
fdffde36: calls $4
66e4c325: folds
de4c1c6: folds
3f7c7685: folds
*** FLOP *** [6c 6h Qs]
Hero: checks
fdffde36: checks
*** TURN *** [6c 6h Qs] [9d]
Hero: checks
fdffde36: bets $7.5
Hero: calls $7.5
*** RIVER *** [6c 6h Qs 9d] [Js]
Hero: checks
fdffde36: checks
fdffde36: shows [3c 3h]
Hero: shows [Qd Kh]
*** SHOWDOWN ***
Hero collected $30 from pot
*** SUMMARY ***
Total pot $30
Board [6c 6h Qs 9d Js]
Seat 1: f2443fc9 folded before Flop (didn't bet)
Seat 4: 66e4c325 folded before Flop (didn't bet)
Seat 6: 3f7c7685(big blind) folded before Flop
Seat 3: fdffde36 showed [3c 3h] and lost with Pair of Sixes and Pair of Treys
Seat 5: de4c1c6(small blind) folded before Flop
Seat 7: Hero showed [Qd Kh] and won ($30) with Pair of Queens and Pair of Sixes
Seat 2: c8e93dd9 folded before Flop (didn't bet)



Poker Hand #ring_927658466: NLH No Limit ($1/$2) - 2025/06/10 14:43:59
Table 'MR NLH 1/2' 7-max Seat #2 is the button
Seat 1: f2443fc9 ($393.76 in chips)
Seat 4: 66e4c325 ($447.49 in chips)
Seat 6: 3f7c7685 ($113.21 in chips)
Seat 5: de4c1c6 ($373.44 in chips)
Seat 7: Hero ($230.56 in chips)
Seat 2: c8e93dd9 ($399.16 in chips)
66e4c325: posts small blind $1
de4c1c6: posts big blind $2
*** HOLE CARDS ***
Dealt to f2443fc9 
Dealt to 66e4c325 
Dealt to 3f7c7685 
Dealt to de4c1c6 
Dealt to Hero [2d 9c]
Dealt to c8e93dd9 
3f7c7685: folds
Hero: folds
f2443fc9: folds
c8e93dd9: folds
66e4c325: folds
*** SHOWDOWN ***
de4c1c6 collected $3 from pot
*** SUMMARY ***
Total pot $3
Seat 1: f2443fc9 folded before Flop (didn't bet)
Seat 4: 66e4c325(small blind) folded before Flop
Seat 6: 3f7c7685 folded before Flop (didn't bet)
Seat 5: de4c1c6(big blind)won ($3)
Seat 7: Hero folded before Flop (didn't bet)
Seat 2: c8e93dd9 folded before Flop (didn't bet)



Poker Hand #ring_927657742: NLH No Limit ($1/$2) - 2025/06/10 14:43:20
Table 'MR NLH 1/2' 7-max Seat #1 is the button
Seat 1: f2443fc9 ($393.76 in chips)
Seat 4: 66e4c325 ($449.49 in chips)
Seat 6: 3f7c7685 ($113.21 in chips)
Seat 5: de4c1c6 ($360.61 in chips)
Seat 7: Hero ($242.06 in chips)
Seat 2: c8e93dd9 ($400.16 in chips)
c8e93dd9: posts small blind $1
66e4c325: posts big blind $2
*** HOLE CARDS ***
Dealt to f2443fc9 
Dealt to 66e4c325 
Dealt to 3f7c7685 
Dealt to de4c1c6 
Dealt to Hero [3s 4s]
Dealt to c8e93dd9 
de4c1c6: raises $3 to $5
3f7c7685: folds
Hero: calls $5
f2443fc9: folds
c8e93dd9: folds
66e4c325: folds
*** FLOP *** [2c 6s Kh]
de4c1c6: bets $6.5
Hero: calls $6.5
*** TURN *** [2c 6s Kh] [7c]
de4c1c6: bets $19.5
Hero: folds
Uncalled bet ($19.5) returned to de4c1c6
*** SHOWDOWN ***
de4c1c6 collected $26 from pot
*** SUMMARY ***
Total pot $26
Board [2c 6s Kh 7c]
Seat 1: f2443fc9 folded before Flop (didn't bet)
Seat 4: 66e4c325(big blind) folded before Flop
Seat 6: 3f7c7685 folded before Flop (didn't bet)
Seat 5: de4c1c6won ($26) with Three Kings
Seat 7: Hero folded on the Turn
Seat 2: c8e93dd9(small blind) folded before Flop



Poker Hand #ring_927656666: NLH No Limit ($1/$2) - 2025/06/10 14:42:24
Table 'MR NLH 1/2' 7-max Seat #7 is the button
Seat 1: f2443fc9 ($394.76 in chips)
Seat 3: aee9a0ec ($255 in chips)
Seat 4: 66e4c325 ($469.49 in chips)
Seat 6: 3f7c7685 ($113.21 in chips)
Seat 5: de4c1c6 ($360.61 in chips)
Seat 7: Hero ($242.06 in chips)
Seat 2: c8e93dd9 ($381.5 in chips)
f2443fc9: posts small blind $1
c8e93dd9: posts big blind $2
*** HOLE CARDS ***
Dealt to f2443fc9 
Dealt to aee9a0ec 
Dealt to 66e4c325 
Dealt to 3f7c7685 
Dealt to de4c1c6 
Dealt to Hero [5s Kh]
Dealt to c8e93dd9 
aee9a0ec: folds
66e4c325: raises $3 to $5
de4c1c6: folds
3f7c7685: folds
Hero: folds
f2443fc9: folds
c8e93dd9: raises $15 to $20
66e4c325: calls $15
*** FLOP *** [2c 4h 3d]
c8e93dd9: bets $33.62
66e4c325: folds
Uncalled bet ($33.62) returned to c8e93dd9
*** SHOWDOWN ***
c8e93dd9 collected $41 from pot
*** SUMMARY ***
Total pot $41
Board [2c 4h 3d]
Seat 1: f2443fc9(small blind) folded before Flop
Seat 3: aee9a0ec folded before Flop (didn't bet)
Seat 4: 66e4c325 folded on the Flop
Seat 6: 3f7c7685 folded before Flop (didn't bet)
Seat 5: de4c1c6 folded before Flop (didn't bet)
Seat 7: Hero folded before Flop (didn't bet)
Seat 2: c8e93dd9(big blind)won ($41) with Pair of Tens



Poker Hand #ring_927656173: NLH No Limit ($1/$2) - 2025/06/10 14:41:58
Table 'MR NLH 1/2' 7-max Seat #6 is the button
Seat 1: f2443fc9 ($393.76 in chips)
Seat 3: aee9a0ec ($255 in chips)
Seat 4: 66e4c325 ($469.49 in chips)
Seat 6: 3f7c7685 ($113.21 in chips)
Seat 5: de4c1c6 ($360.61 in chips)
Seat 7: Hero ($243.06 in chips)
Seat 2: c8e93dd9 ($381.5 in chips)
Hero: posts small blind $1
f2443fc9: posts big blind $2
*** HOLE CARDS ***
Dealt to f2443fc9 
Dealt to aee9a0ec 
Dealt to 66e4c325 
Dealt to 3f7c7685 
Dealt to de4c1c6 
Dealt to Hero [5c 8s]
Dealt to c8e93dd9 
c8e93dd9: folds
aee9a0ec: folds
66e4c325: folds
de4c1c6: folds
3f7c7685: folds
Hero: folds
*** SHOWDOWN ***
f2443fc9 collected $3 from pot
*** SUMMARY ***
Total pot $3
Seat 1: f2443fc9(big blind)won ($3)
Seat 3: aee9a0ec folded before Flop (didn't bet)
Seat 4: 66e4c325 folded before Flop (didn't bet)
Seat 6: 3f7c7685 folded before Flop (didn't bet)
Seat 5: de4c1c6 folded before Flop (didn't bet)
Seat 7: Hero(small blind) folded before Flop
Seat 2: c8e93dd9 folded before Flop (didn't bet)



Poker Hand #ring_927655685: NLH No Limit ($1/$2) - 2025/06/10 14:41:33
Table 'MR NLH 1/2' 7-max Seat #5 is the button
Seat 1: f2443fc9 ($393.76 in chips)
Seat 3: aee9a0ec ($252 in chips)
Seat 4: 66e4c325 ($469.49 in chips)
Seat 6: 3f7c7685 ($114.21 in chips)
Seat 5: de4c1c6 ($360.61 in chips)
Seat 7: Hero ($245.06 in chips)
Seat 2: c8e93dd9 ($381.5 in chips)
3f7c7685: posts small blind $1
Hero: posts big blind $2
*** HOLE CARDS ***
Dealt to f2443fc9 
Dealt to aee9a0ec 
Dealt to 66e4c325 
Dealt to 3f7c7685 
Dealt to de4c1c6 
Dealt to Hero [9d 5s]
Dealt to c8e93dd9 
f2443fc9: folds
c8e93dd9: folds
aee9a0ec: raises $4 to $6
66e4c325: folds
de4c1c6: folds
3f7c7685: folds
Hero: folds
Uncalled bet ($4) returned to aee9a0ec
*** SHOWDOWN ***
aee9a0ec collected $5 from pot
*** SUMMARY ***
Total pot $5
Seat 1: f2443fc9 folded before Flop (didn't bet)
Seat 3: aee9a0ecwon ($5)
Seat 4: 66e4c325 folded before Flop (didn't bet)
Seat 6: 3f7c7685(small blind) folded before Flop
Seat 5: de4c1c6 folded before Flop (didn't bet)
Seat 7: Hero(big blind) folded before Flop
Seat 2: c8e93dd9 folded before Flop (didn't bet)



Poker Hand #ring_927654516: NLH No Limit ($1/$2) - 2025/06/10 14:40:31
Table 'MR NLH 1/2' 7-max Seat #4 is the button
Seat 1: f2443fc9 ($393.76 in chips)
Seat 3: aee9a0ec ($252 in chips)
Seat 4: 66e4c325 ($469.49 in chips)
Seat 6: 3f7c7685 ($102.38 in chips)
Seat 5: de4c1c6 ($361.61 in chips)
Seat 7: Hero ($245.06 in chips)
Seat 2: c8e93dd9 ($394 in chips)
de4c1c6: posts small blind $1
3f7c7685: posts big blind $2
*** HOLE CARDS ***
Dealt to f2443fc9 
Dealt to aee9a0ec 
Dealt to 66e4c325 
Dealt to 3f7c7685 
Dealt to de4c1c6 
Dealt to Hero [Js 7c]
Dealt to c8e93dd9 
Hero: folds
f2443fc9: folds
c8e93dd9: raises $4 to $6
aee9a0ec: folds
66e4c325: folds
de4c1c6: folds
3f7c7685: calls $4
*** FLOP *** [8h 5h Qh]
3f7c7685: checks
c8e93dd9: checks
*** TURN *** [8h 5h Qh] [2s]
3f7c7685: checks
c8e93dd9: checks
*** RIVER *** [8h 5h Qh 2s] [5c]
3f7c7685: bets $6.5
c8e93dd9: calls $6.5
c8e93dd9: shows [Ac 2c]
3f7c7685: shows [5s 3s]
*** SHOWDOWN ***
3f7c7685 collected $26 from pot
*** SUMMARY ***
Total pot $26
Board [8h 5h Qh 2s 5c]
Seat 1: f2443fc9 folded before Flop (didn't bet)
Seat 3: aee9a0ec folded before Flop (didn't bet)
Seat 4: 66e4c325 folded before Flop (didn't bet)
Seat 6: 3f7c7685(big blind) showed [5s 3s] and won ($26) with Three Fives
Seat 5: de4c1c6(small blind) folded before Flop
Seat 7: Hero folded before Flop (didn't bet)
Seat 2: c8e93dd9 showed [Ac 2c] and lost with Pair of Fives and Pair of Twos



Poker Hand #ring_927653785: NLH No Limit ($1/$2) - 2025/06/10 14:39:53
Table 'MR NLH 1/2' 7-max Seat #3 is the button
Seat 1: f2443fc9 ($393.76 in chips)
Seat 3: aee9a0ec ($249 in chips)
Seat 4: 66e4c325 ($470.49 in chips)
Seat 6: 3f7c7685 ($102.38 in chips)
Seat 5: de4c1c6 ($363.61 in chips)
Seat 7: Hero ($245.06 in chips)
Seat 2: c8e93dd9 ($394 in chips)
66e4c325: posts small blind $1
de4c1c6: posts big blind $2
*** HOLE CARDS ***
Dealt to f2443fc9 
Dealt to aee9a0ec 
Dealt to 66e4c325 
Dealt to 3f7c7685 
Dealt to de4c1c6 
Dealt to Hero [6s Ac]
Dealt to c8e93dd9 
3f7c7685: folds
Hero: folds
f2443fc9: folds
c8e93dd9: folds
aee9a0ec: raises $4 to $6
66e4c325: folds
de4c1c6: folds
Uncalled bet ($4) returned to aee9a0ec
*** SHOWDOWN ***
aee9a0ec collected $5 from pot
*** SUMMARY ***
Total pot $5
Seat 1: f2443fc9 folded before Flop (didn't bet)
Seat 3: aee9a0ecwon ($5)
Seat 4: 66e4c325(small blind) folded before Flop
Seat 6: 3f7c7685 folded before Flop (didn't bet)
Seat 5: de4c1c6(big blind) folded before Flop
Seat 7: Hero folded before Flop (didn't bet)
Seat 2: c8e93dd9 folded before Flop (didn't bet)



Poker Hand #ring_927653122: NLH No Limit ($1/$2) - 2025/06/10 14:39:18
Table 'MR NLH 1/2' 7-max Seat #2 is the button
Seat 1: f2443fc9 ($393.76 in chips)
Seat 3: aee9a0ec ($250 in chips)
Seat 4: 66e4c325 ($472.49 in chips)
Seat 6: 3f7c7685 ($99.38 in chips)
Seat 5: de4c1c6 ($363.61 in chips)
Seat 7: Hero ($245.06 in chips)
Seat 2: c8e93dd9 ($394 in chips)
aee9a0ec: posts small blind $1
66e4c325: posts big blind $2
*** HOLE CARDS ***
Dealt to f2443fc9 
Dealt to aee9a0ec 
Dealt to 66e4c325 
Dealt to 3f7c7685 
Dealt to de4c1c6 
Dealt to Hero [4h 9h]
Dealt to c8e93dd9 
de4c1c6: folds
3f7c7685: raises $3 to $5
Hero: folds
f2443fc9: folds
c8e93dd9: folds
aee9a0ec: folds
66e4c325: folds
Uncalled bet ($3) returned to 3f7c7685
*** SHOWDOWN ***
3f7c7685 collected $5 from pot
*** SUMMARY ***
Total pot $5
Seat 1: f2443fc9 folded before Flop (didn't bet)
Seat 3: aee9a0ec(small blind) folded before Flop
Seat 4: 66e4c325(big blind) folded before Flop
Seat 6: 3f7c7685won ($5)
Seat 5: de4c1c6 folded before Flop (didn't bet)
Seat 7: Hero folded before Flop (didn't bet)
Seat 2: c8e93dd9 folded before Flop (didn't bet)



Poker Hand #ring_927652513: NLH No Limit ($1/$2) - 2025/06/10 14:38:47
Table 'MR NLH 1/2' 7-max Seat #1 is the button
Seat 1: f2443fc9 ($393.76 in chips)
Seat 3: aee9a0ec ($252 in chips)
Seat 4: 66e4c325 ($472.49 in chips)
Seat 6: 3f7c7685 ($99.38 in chips)
Seat 5: de4c1c6 ($360.61 in chips)
Seat 7: Hero ($245.06 in chips)
Seat 2: c8e93dd9 ($395 in chips)
c8e93dd9: posts small blind $1
aee9a0ec: posts big blind $2
*** HOLE CARDS ***
Dealt to f2443fc9 
Dealt to aee9a0ec 
Dealt to 66e4c325 
Dealt to 3f7c7685 
Dealt to de4c1c6 
Dealt to Hero [Tc 9s]
Dealt to c8e93dd9 
66e4c325: folds
de4c1c6: raises $3 to $5
3f7c7685: folds
Hero: folds
f2443fc9: folds
c8e93dd9: folds
aee9a0ec: folds
Uncalled bet ($3) returned to de4c1c6
*** SHOWDOWN ***
de4c1c6 collected $5 from pot
*** SUMMARY ***
Total pot $5
Seat 1: f2443fc9 folded before Flop (didn't bet)
Seat 3: aee9a0ec(big blind) folded before Flop
Seat 4: 66e4c325 folded before Flop (didn't bet)
Seat 6: 3f7c7685 folded before Flop (didn't bet)
Seat 5: de4c1c6won ($5)
Seat 7: Hero folded before Flop (didn't bet)
Seat 2: c8e93dd9(small blind) folded before Flop



Poker Hand #ring_927650887: NLH No Limit ($1/$2) - 2025/06/10 14:37:23
Table 'MR NLH 1/2' 7-max Seat #7 is the button
Seat 1: f2443fc9 ($394.76 in chips)
Seat 3: aee9a0ec ($252 in chips)
Seat 4: 66e4c325 ($472.49 in chips)
Seat 6: 3f7c7685 ($104.38 in chips)
Seat 5: de4c1c6 ($350.33 in chips)
Seat 7: Hero ($245.06 in chips)
Seat 2: c8e93dd9 ($400 in chips)
f2443fc9: posts small blind $1
c8e93dd9: posts big blind $2
*** HOLE CARDS ***
Dealt to f2443fc9 
Dealt to aee9a0ec 
Dealt to 66e4c325 
Dealt to 3f7c7685 
Dealt to de4c1c6 
Dealt to Hero [2d 5h]
Dealt to c8e93dd9 
aee9a0ec: folds
66e4c325: folds
de4c1c6: raises $3 to $5
3f7c7685: calls $5
Hero: folds
f2443fc9: folds
c8e93dd9: calls $3
*** FLOP *** [7d Kh Kc]
c8e93dd9: checks
de4c1c6: checks
3f7c7685: checks
*** TURN *** [7d Kh Kc] [5d]
c8e93dd9: checks
de4c1c6: bets $8
3f7c7685: folds
c8e93dd9: folds
Uncalled bet ($8) returned to de4c1c6
*** SHOWDOWN ***
de4c1c6 collected $16 from pot
*** SUMMARY ***
Total pot $16
Board [7d Kh Kc 5d]
Seat 1: f2443fc9(small blind) folded before Flop
Seat 3: aee9a0ec folded before Flop (didn't bet)
Seat 4: 66e4c325 folded before Flop (didn't bet)
Seat 6: 3f7c7685 folded on the Turn
Seat 5: de4c1c6won ($16) with Three Kings
Seat 7: Hero folded before Flop (didn't bet)
Seat 2: c8e93dd9(big blind) folded on the Turn



Poker Hand #ring_927650246: NLH No Limit ($1/$2) - 2025/06/10 14:36:51
Table 'MR NLH 1/2' 7-max Seat #6 is the button
Seat 1: f2443fc9 ($396.76 in chips)
Seat 3: aee9a0ec ($252 in chips)
Seat 4: 66e4c325 ($472.49 in chips)
Seat 6: 3f7c7685 ($104.38 in chips)
Seat 5: de4c1c6 ($350.33 in chips)
Seat 2: 8e1f4862 ($211.42 in chips)
Seat 7: Hero ($243.06 in chips)
Hero: posts small blind $1
f2443fc9: posts big blind $2
*** HOLE CARDS ***
Dealt to f2443fc9 
Dealt to aee9a0ec 
Dealt to 66e4c325 
Dealt to 3f7c7685 
Dealt to de4c1c6 
Dealt to 8e1f4862 
Dealt to Hero [Qh As]
8e1f4862: folds
aee9a0ec: folds
66e4c325: folds
de4c1c6: folds
3f7c7685: folds
Hero: raises $4 to $6
f2443fc9: folds
Uncalled bet ($4) returned to Hero
*** SHOWDOWN ***
Hero collected $4 from pot
*** SUMMARY ***
Total pot $4
Seat 1: f2443fc9(big blind) folded before Flop
Seat 3: aee9a0ec folded before Flop (didn't bet)
Seat 4: 66e4c325 folded before Flop (didn't bet)
Seat 6: 3f7c7685 folded before Flop (didn't bet)
Seat 5: de4c1c6 folded before Flop (didn't bet)
Seat 2: 8e1f4862 folded before Flop (didn't bet)
Seat 7: Hero(small blind)won ($4)



Poker Hand #ring_927649603: NLH No Limit ($1/$2) - 2025/06/10 14:36:16
Table 'MR NLH 1/2' 7-max Seat #5 is the button
Seat 1: f2443fc9 ($396.76 in chips)
Seat 3: aee9a0ec ($252 in chips)
Seat 4: 66e4c325 ($469.49 in chips)
Seat 6: 3f7c7685 ($105.38 in chips)
Seat 5: de4c1c6 ($350.33 in chips)
Seat 2: 8e1f4862 ($211.42 in chips)
Seat 7: Hero ($245.06 in chips)
3f7c7685: posts small blind $1
Hero: posts big blind $2
*** HOLE CARDS ***
Dealt to f2443fc9 
Dealt to aee9a0ec 
Dealt to 66e4c325 
Dealt to 3f7c7685 
Dealt to de4c1c6 
Dealt to 8e1f4862 
Dealt to Hero [Tc 2h]
f2443fc9: folds
8e1f4862: folds
aee9a0ec: folds
66e4c325: raises $3 to $5
de4c1c6: folds
3f7c7685: folds
Hero: folds
Uncalled bet ($3) returned to 66e4c325
*** SHOWDOWN ***
66e4c325 collected $5 from pot
*** SUMMARY ***
Total pot $5
Seat 1: f2443fc9 folded before Flop (didn't bet)
Seat 3: aee9a0ec folded before Flop (didn't bet)
Seat 4: 66e4c325won ($5)
Seat 6: 3f7c7685(small blind) folded before Flop
Seat 5: de4c1c6 folded before Flop (didn't bet)
Seat 2: 8e1f4862 folded before Flop (didn't bet)
Seat 7: Hero(big blind) folded before Flop



Poker Hand #ring_927648609: NLH No Limit ($1/$2) - 2025/06/10 14:35:24
Table 'MR NLH 1/2' 7-max Seat #4 is the button
Seat 1: f2443fc9 ($396.76 in chips)
Seat 3: aee9a0ec ($254 in chips)
Seat 4: 66e4c325 ($469.49 in chips)
Seat 6: 3f7c7685 ($102.6 in chips)
Seat 5: de4c1c6 ($351.33 in chips)
Seat 2: 8e1f4862 ($211.42 in chips)
Seat 7: Hero ($245.06 in chips)
de4c1c6: posts small blind $1
3f7c7685: posts big blind $2
aee9a0ec: posts big blind $2
*** HOLE CARDS ***
Dealt to f2443fc9 
Dealt to aee9a0ec 
Dealt to 66e4c325 
Dealt to 3f7c7685 
Dealt to de4c1c6 
Dealt to 8e1f4862 
Dealt to Hero [Jd 7h]
Hero: folds
f2443fc9: folds
8e1f4862: folds
aee9a0ec: checks
66e4c325: folds
de4c1c6: folds
3f7c7685: checks
*** FLOP *** [7s Kd Qs]
3f7c7685: checks
aee9a0ec: checks
*** TURN *** [7s Kd Qs] [Jc]
3f7c7685: checks
aee9a0ec: checks
*** RIVER *** [7s Kd Qs Jc] [Jh]
3f7c7685: checks
aee9a0ec: checks
aee9a0ec: shows [6s 4c]
3f7c7685: shows [5c 9h]
*** SHOWDOWN ***
3f7c7685 collected $5 from pot
*** SUMMARY ***
Total pot $5
Board [7s Kd Qs Jc Jh]
Seat 1: f2443fc9 folded before Flop (didn't bet)
Seat 3: aee9a0ec showed [6s 4c] and lost with Pair of Jacks
Seat 4: 66e4c325 folded before Flop (didn't bet)
Seat 6: 3f7c7685(big blind) showed [5c 9h] and won ($5) with Pair of Jacks
Seat 5: de4c1c6(small blind) folded before Flop
Seat 2: 8e1f4862 folded before Flop (didn't bet)
Seat 7: Hero folded before Flop (didn't bet)



Poker Hand #ring_927647823: NLH No Limit ($1/$2) - 2025/06/10 14:34:43
Table 'MR NLH 1/2' 7-max Seat #2 is the button
Seat 1: f2443fc9 ($396.76 in chips)
Seat 4: 66e4c325 ($462.49 in chips)
Seat 6: 3f7c7685 ($102.6 in chips)
Seat 5: de4c1c6 ($353.33 in chips)
Seat 2: 8e1f4862 ($216.42 in chips)
Seat 7: Hero ($245.06 in chips)
66e4c325: posts small blind $1
de4c1c6: posts big blind $2
*** HOLE CARDS ***
Dealt to f2443fc9 
Dealt to 66e4c325 
Dealt to 3f7c7685 
Dealt to de4c1c6 
Dealt to 8e1f4862 
Dealt to Hero [5c 8d]
3f7c7685: folds
Hero: folds
f2443fc9: folds
8e1f4862: raises $3 to $5
66e4c325: raises $17 to $22
de4c1c6: folds
8e1f4862: folds
Uncalled bet ($17) returned to 66e4c325
*** SHOWDOWN ***
66e4c325 collected $12 from pot
*** SUMMARY ***
Total pot $12
Seat 1: f2443fc9 folded before Flop (didn't bet)
Seat 4: 66e4c325(small blind)won ($12)
Seat 6: 3f7c7685 folded before Flop (didn't bet)
Seat 5: de4c1c6(big blind) folded before Flop
Seat 2: 8e1f4862 folded before Flop
Seat 7: Hero folded before Flop (didn't bet)



Poker Hand #ring_927646079: NLH No Limit ($1/$2) - 2025/06/10 14:33:10
Table 'MR NLH 1/2' 7-max Seat #1 is the button
Seat 1: f2443fc9 ($396.76 in chips)
Seat 4: 66e4c325 ($472.57 in chips)
Seat 6: 3f7c7685 ($102.6 in chips)
Seat 5: de4c1c6 ($353.33 in chips)
Seat 2: 8e1f4862 ($207.74 in chips)
Seat 7: Hero ($245.06 in chips)
8e1f4862: posts small blind $1
66e4c325: posts big blind $2
*** HOLE CARDS ***
Dealt to f2443fc9 
Dealt to 66e4c325 
Dealt to 3f7c7685 
Dealt to de4c1c6 
Dealt to 8e1f4862 
Dealt to Hero [Qs 3c]
de4c1c6: folds
3f7c7685: folds
Hero: folds
f2443fc9: folds
8e1f4862: raises $4 to $6
66e4c325: calls $4
*** FLOP *** [9c Ts As]
8e1f4862: checks
66e4c325: bets $4.08
8e1f4862: calls $4.08
*** TURN *** [9c Ts As] [Ad]
8e1f4862: checks
66e4c325: checks
*** RIVER *** [9c Ts As Ad] [Ks]
8e1f4862: checks
66e4c325: checks
8e1f4862: shows [Qc Kh]
66e4c325: shows [9h 8c]
*** SHOWDOWN ***
8e1f4862 collected $20.16 from pot
*** SUMMARY ***
Total pot $20.16
Board [9c Ts As Ad Ks]
Seat 1: f2443fc9 folded before Flop (didn't bet)
Seat 4: 66e4c325(big blind) showed [9h 8c] and lost with Pair of Aces and Pair of Nines
Seat 6: 3f7c7685 folded before Flop (didn't bet)
Seat 5: de4c1c6 folded before Flop (didn't bet)
Seat 2: 8e1f4862(small blind) showed [Qc Kh] and won ($20.16) with Pair of Aces and Pair of Kings
Seat 7: Hero folded before Flop (didn't bet)



Poker Hand #ring_927645160: NLH No Limit ($1/$2) - 2025/06/10 14:32:21
Table 'MR NLH 1/2' 7-max Seat #7 is the button
Seat 1: f2443fc9 ($401.76 in chips)
Seat 4: 66e4c325 ($466.11 in chips)
Seat 6: 3f7c7685 ($102.6 in chips)
Seat 5: de4c1c6 ($353.33 in chips)
Seat 2: 8e1f4862 ($209.74 in chips)
Seat 7: Hero ($245.06 in chips)
f2443fc9: posts small blind $1
8e1f4862: posts big blind $2
*** HOLE CARDS ***
Dealt to f2443fc9 
Dealt to 66e4c325 
Dealt to 3f7c7685 
Dealt to de4c1c6 
Dealt to 8e1f4862 
Dealt to Hero [5s 2d]
66e4c325: raises $3 to $5
de4c1c6: folds
3f7c7685: folds
Hero: folds
f2443fc9: calls $4
8e1f4862: folds
*** FLOP *** [2c 7s 8h]
f2443fc9: checks
66e4c325: bets $4.08
f2443fc9: folds
Uncalled bet ($4.08) returned to 66e4c325
*** SHOWDOWN ***
66e4c325 collected $12 from pot
*** SUMMARY ***
Total pot $12
Board [2c 7s 8h]
Seat 1: f2443fc9(small blind) folded on the Flop
Seat 4: 66e4c325won ($12) with Queen-High
Seat 6: 3f7c7685 folded before Flop (didn't bet)
Seat 5: de4c1c6 folded before Flop (didn't bet)
Seat 2: 8e1f4862(big blind) folded before Flop
Seat 7: Hero folded before Flop (didn't bet)



Poker Hand #ring_927643595: NLH No Limit ($1/$2) - 2025/06/10 14:30:58
Table 'MR NLH 1/2' 7-max Seat #6 is the button
Seat 3: dfc6c224 ($70.04 in chips)
Seat 1: f2443fc9 ($403.76 in chips)
Seat 4: 66e4c325 ($400 in chips)
Seat 6: 3f7c7685 ($102.6 in chips)
Seat 5: de4c1c6 ($353.33 in chips)
Seat 2: 8e1f4862 ($209.74 in chips)
Seat 7: Hero ($246.06 in chips)
Hero: posts small blind $1
f2443fc9: posts big blind $2
*** HOLE CARDS ***
Dealt to dfc6c224 
Dealt to f2443fc9 
Dealt to 66e4c325 
Dealt to 3f7c7685 
Dealt to de4c1c6 
Dealt to 8e1f4862 
Dealt to Hero [Tc Kh]
8e1f4862: folds
dfc6c224: calls $2
66e4c325: raises $6 to $8
de4c1c6: folds
3f7c7685: folds
Hero: folds
f2443fc9: folds
dfc6c224: calls $6
*** FLOP *** [9h 5d Ah]
dfc6c224: checks
66e4c325: bets $10.26
dfc6c224: calls $10.26
*** TURN *** [9h 5d Ah] [2h]
dfc6c224: bets $13.04
66e4c325: calls $13.04
*** RIVER *** [9h 5d Ah 2h] [3s]
dfc6c224: bets $38.74 and is all-in
66e4c325: calls $38.74
dfc6c224: shows [Td As]
66e4c325: shows [Ac Jh]
*** SHOWDOWN ***
66e4c325 collected $143.08 from pot
*** SUMMARY ***
Total pot $143.08
Board [9h 5d Ah 2h 3s]
Seat 3: dfc6c224 showed [Td As] and lost with Pair of Aces
Seat 1: f2443fc9(big blind) folded before Flop
Seat 4: 66e4c325 showed [Ac Jh] and won ($143.08) with Pair of Aces
Seat 6: 3f7c7685 folded before Flop (didn't bet)
Seat 5: de4c1c6 folded before Flop (didn't bet)
Seat 2: 8e1f4862 folded before Flop (didn't bet)
Seat 7: Hero(small blind) folded before Flop



Poker Hand #ring_927642450: NLH No Limit ($1/$2) - 2025/06/10 14:29:58
Table 'MR NLH 1/2' 7-max Seat #5 is the button
Seat 3: dfc6c224 ($94.49 in chips)
Seat 1: f2443fc9 ($403.76 in chips)
Seat 4: 66e4c325 ($415.38 in chips)
Seat 6: 3f7c7685 ($103.6 in chips)
Seat 5: de4c1c6 ($353.33 in chips)
Seat 2: 8e1f4862 ($209.74 in chips)
Seat 7: Hero ($200 in chips)
3f7c7685: posts small blind $1
Hero: posts big blind $2
*** HOLE CARDS ***
Dealt to dfc6c224 
Dealt to f2443fc9 
Dealt to 66e4c325 
Dealt to 3f7c7685 
Dealt to de4c1c6 
Dealt to 8e1f4862 
Dealt to Hero [Ah Qc]
f2443fc9: folds
8e1f4862: folds
dfc6c224: calls $2
66e4c325: raises $6 to $8
de4c1c6: folds
3f7c7685: folds
Hero: raises $16.45 to $24.45
dfc6c224: calls $22.45
66e4c325: calls $16.45
*** FLOP *** [5d Qh 9d]
Hero: bets $22.31
dfc6c224: folds
66e4c325: folds
Uncalled bet ($22.31) returned to Hero
*** SHOWDOWN ***
Hero collected $74.35 from pot
*** SUMMARY ***
Total pot $74.35
Board [5d Qh 9d]
Seat 3: dfc6c224 folded on the Flop
Seat 1: f2443fc9 folded before Flop (didn't bet)
Seat 4: 66e4c325 folded on the Flop
Seat 6: 3f7c7685(small blind) folded before Flop
Seat 5: de4c1c6 folded before Flop (didn't bet)
Seat 2: 8e1f4862 folded before Flop (didn't bet)
Seat 7: Hero(big blind)won ($74.35) with Pair of Queens



