Poker Hand #ring_933937405: NLH No Limit ($1/$2) - 2025/06/13 19:47:25
Table 'MR NLH BOMBPOT 1/2' 7-max Seat #3 is the button
Seat 4: b02dc8cb ($1,016.45 in chips)
Seat 3: Hero ($234.96 in chips)
Hero: posts small blind $1
b02dc8cb: posts big blind $2
*** HOLE CARDS ***
Dealt to b02dc8cb 
Dealt to Hero [Ad 4s]
Hero: calls $1
b02dc8cb: raises $6 to $8
Hero: calls $6
*** FLOP *** [5h 9h 3s]
b02dc8cb: bets $8
Hero: calls $8
*** TURN *** [5h 9h 3s] [Kh]
b02dc8cb: bets $16
Hero: folds
Uncalled bet ($16) returned to b02dc8cb
*** SHOWDOWN ***
b02dc8cb collected $32 from pot
*** SUMMARY ***
Total pot $32
Board [5h 9h 3s Kh]
Seat 4: b02dc8cb(big blind)won ($32) with Pair of Jacks
Seat 3: Hero(small blind) folded on the Turn



Poker Hand #ring_933936994: NLH No Limit ($1/$2) - 2025/06/13 19:47:11
Table 'MR NLH BOMBPOT 1/2' 7-max Seat #4 is the button
Seat 4: b02dc8cb ($1,022.45 in chips)
Seat 3: Hero ($228.96 in chips)
b02dc8cb: posts small blind $1
Hero: posts big blind $2
*** HOLE CARDS ***
Dealt to b02dc8cb 
Dealt to Hero [Ah Ks]
b02dc8cb: raises $4 to $6
Hero: raises $17.4 to $23.4
b02dc8cb: folds
Uncalled bet ($17.4) returned to Hero
Hero: shows [Ah]
*** SHOWDOWN ***
Hero collected $12 from pot
*** SUMMARY ***
Total pot $12
Seat 4: b02dc8cb(small blind) folded before Flop
Seat 3: Hero(big blind) showed [Ah] and won ($12)



Poker Hand #ring_933936648: NLH No Limit ($1/$2) - 2025/06/13 19:46:58
Table 'MR NLH BOMBPOT 1/2' 7-max Seat #3 is the button
Seat 4: b02dc8cb ($1,021.45 in chips)
Seat 3: Hero ($229.96 in chips)
Hero: posts small blind $1
b02dc8cb: posts big blind $2
*** HOLE CARDS ***
Dealt to b02dc8cb 
Dealt to Hero [6d 7c]
Hero: folds
*** SHOWDOWN ***
b02dc8cb collected $3 from pot
*** SUMMARY ***
Total pot $3
Seat 4: b02dc8cb(big blind)won ($3)
Seat 3: Hero(small blind) folded before Flop



Poker Hand #ring_933936231: NLH No Limit ($1/$2) - 2025/06/13 19:46:41
Table 'MR NLH BOMBPOT 1/2' 7-max Seat #4 is the button
Seat 4: b02dc8cb ($1,002.35 in chips)
Seat 3: Hero ($249.96 in chips)
Hero: posts the ante $10
b02dc8cb: posts the ante $10
*** HOLE CARDS ***
Dealt to b02dc8cb 
Dealt to Hero [5c 7c]
*** FLOP *** [Ts Kd 6s]
Hero: bets $10
b02dc8cb: raises $20 to $30
Hero: folds
Uncalled bet ($20) returned to b02dc8cb
b02dc8cb: shows [As]
*** SHOWDOWN ***
b02dc8cb collected $40 from pot
*** SUMMARY ***
Total pot $40
Board [Ts Kd 6s]
Seat 4: b02dc8cb(small blind) showed [As] and won ($40) with Pair of Kings
Seat 3: Hero(big blind) folded on the Flop



Poker Hand #ring_933935160: NLH No Limit ($1/$2) - 2025/06/13 19:46:02
Table 'MR NLH BOMBPOT 1/2' 7-max Seat #3 is the button
Seat 4: b02dc8cb ($1,014.35 in chips)
Seat 3: Hero ($238.5 in chips)
Hero: posts small blind $1
b02dc8cb: posts big blind $2
*** HOLE CARDS ***
Dealt to b02dc8cb 
Dealt to Hero [Ah 9s]
Hero: raises $4 to $6
b02dc8cb: calls $4
*** FLOP *** [7h 6c 9h]
b02dc8cb: bets $6
Hero: raises $19.2 to $25.2
b02dc8cb: folds
Uncalled bet ($19.2) returned to Hero
Hero: shows [9s]
*** SHOWDOWN ***
Hero collected $24 from pot
*** SUMMARY ***
Total pot $24
Board [7h 6c 9h]
Seat 4: b02dc8cb(big blind) folded on the Flop
Seat 3: Hero(small blind) showed [9s] and won ($24) with Pair of Nines



Poker Hand #ring_933934902: NLH No Limit ($1/$2) - 2025/06/13 19:45:52
Table 'MR NLH BOMBPOT 1/2' 7-max Seat #4 is the button
Seat 4: b02dc8cb ($1,015.35 in chips)
Seat 3: Hero ($237.5 in chips)
b02dc8cb: posts small blind $1
Hero: posts big blind $2
*** HOLE CARDS ***
Dealt to b02dc8cb 
Dealt to Hero [8d Js]
b02dc8cb: folds
*** SHOWDOWN ***
Hero collected $3 from pot
*** SUMMARY ***
Total pot $3
Seat 4: b02dc8cb(small blind) folded before Flop
Seat 3: Hero(big blind)won ($3)



Poker Hand #ring_933934560: NLH No Limit ($1/$2) - 2025/06/13 19:45:40
Table 'MR NLH BOMBPOT 1/2' 7-max Seat #3 is the button
Seat 4: b02dc8cb ($1,017.35 in chips)
Seat 3: Hero ($235.5 in chips)
Hero: posts small blind $1
b02dc8cb: posts big blind $2
*** HOLE CARDS ***
Dealt to b02dc8cb 
Dealt to Hero [Kd Qc]
Hero: raises $4 to $6
b02dc8cb: folds
Uncalled bet ($4) returned to Hero
*** SHOWDOWN ***
Hero collected $4 from pot
*** SUMMARY ***
Total pot $4
Seat 4: b02dc8cb(big blind) folded before Flop
Seat 3: Hero(small blind)won ($4)



Poker Hand #ring_933934274: NLH No Limit ($1/$2) - 2025/06/13 19:45:28
Table 'MR NLH BOMBPOT 1/2' 7-max Seat #4 is the button
Seat 4: b02dc8cb ($1,018.35 in chips)
Seat 3: Hero ($234.5 in chips)
b02dc8cb: posts small blind $1
Hero: posts big blind $2
*** HOLE CARDS ***
Dealt to b02dc8cb 
Dealt to Hero [6c 6h]
b02dc8cb: folds
*** SHOWDOWN ***
Hero collected $3 from pot
*** SUMMARY ***
Total pot $3
Seat 4: b02dc8cb(small blind) folded before Flop
Seat 3: Hero(big blind)won ($3)



Poker Hand #ring_933933291: NLH No Limit ($1/$2) - 2025/06/13 19:44:53
Table 'MR NLH BOMBPOT 1/2' 7-max Seat #3 is the button
Seat 4: b02dc8cb ($1,020.35 in chips)
Seat 3: Hero ($232.59 in chips)
Hero: posts small blind $1
b02dc8cb: posts big blind $2
*** HOLE CARDS ***
Dealt to b02dc8cb 
Dealt to Hero [Th 9d]
Hero: calls $1
b02dc8cb: checks
*** FLOP *** [Ts 5d Js]
b02dc8cb: checks
Hero: checks
*** TURN *** [Ts 5d Js] [Jc]
b02dc8cb: checks
Hero: checks
*** RIVER *** [Ts 5d Js Jc] [Qd]
b02dc8cb: checks
Hero: checks
Hero: shows [Th 9d]
b02dc8cb: shows [8d 7c]
*** SHOWDOWN ***
Hero collected $4 from pot
*** SUMMARY ***
Total pot $4
Board [Ts 5d Js Jc Qd]
Seat 4: b02dc8cb(big blind) showed [8d 7c] and lost with Pair of Jacks
Seat 3: Hero(small blind) showed [Th 9d] and won ($4) with Pair of Jacks and Pair of Tens



Poker Hand #ring_933933034: NLH No Limit ($1/$2) - 2025/06/13 19:44:43
Table 'MR NLH BOMBPOT 1/2' 7-max Seat #4 is the button
Seat 4: b02dc8cb ($1,021.35 in chips)
Seat 3: Hero ($231.59 in chips)
b02dc8cb: posts small blind $1
Hero: posts big blind $2
*** HOLE CARDS ***
Dealt to b02dc8cb 
Dealt to Hero [8h 4h]
b02dc8cb: folds
*** SHOWDOWN ***
Hero collected $3 from pot
*** SUMMARY ***
Total pot $3
Seat 4: b02dc8cb(small blind) folded before Flop
Seat 3: Hero(big blind)won ($3)



Poker Hand #ring_933932247: NLH No Limit ($1/$2) - 2025/06/13 19:44:15
Table 'MR NLH BOMBPOT 1/2' 7-max Seat #3 is the button
Seat 4: b02dc8cb ($1,023.35 in chips)
Seat 3: Hero ($229.59 in chips)
Hero: posts small blind $1
b02dc8cb: posts big blind $2
*** HOLE CARDS ***
Dealt to b02dc8cb 
Dealt to Hero [4s Kc]
Hero: raises $4 to $6
b02dc8cb: folds
Uncalled bet ($4) returned to Hero
*** SHOWDOWN ***
Hero collected $4 from pot
*** SUMMARY ***
Total pot $4
Seat 4: b02dc8cb(big blind) folded before Flop
Seat 3: Hero(small blind)won ($4)



Poker Hand #ring_933931976: NLH No Limit ($1/$2) - 2025/06/13 19:44:04
Table 'MR NLH BOMBPOT 1/2' 7-max Seat #4 is the button
Seat 4: b02dc8cb ($1,024.35 in chips)
Seat 3: Hero ($228.59 in chips)
b02dc8cb: posts small blind $1
Hero: posts big blind $2
*** HOLE CARDS ***
Dealt to b02dc8cb 
Dealt to Hero [Ac 8s]
b02dc8cb: folds
*** SHOWDOWN ***
Hero collected $3 from pot
*** SUMMARY ***
Total pot $3
Seat 4: b02dc8cb(small blind) folded before Flop
Seat 3: Hero(big blind)won ($3)



Poker Hand #ring_933931679: NLH No Limit ($1/$2) - 2025/06/13 19:43:54
Table 'MR NLH BOMBPOT 1/2' 7-max Seat #3 is the button
Seat 4: b02dc8cb ($1,023.35 in chips)
Seat 3: Hero ($229.59 in chips)
Hero: posts small blind $1
b02dc8cb: posts big blind $2
*** HOLE CARDS ***
Dealt to b02dc8cb 
Dealt to Hero [Tc 6d]
Hero: folds
*** SHOWDOWN ***
b02dc8cb collected $3 from pot
*** SUMMARY ***
Total pot $3
Seat 4: b02dc8cb(big blind)won ($3)
Seat 3: Hero(small blind) folded before Flop



Poker Hand #ring_933931193: NLH No Limit ($1/$2) - 2025/06/13 19:43:36
Table 'MR NLH BOMBPOT 1/2' 7-max Seat #4 is the button
Seat 4: b02dc8cb ($1,013.8 in chips)
Seat 3: Hero ($239.59 in chips)
Hero: posts the ante $10
b02dc8cb: posts the ante $10
*** HOLE CARDS ***
Dealt to b02dc8cb 
Dealt to Hero [9s Tc]
*** FLOP *** [4c 4s 4h]
Hero: checks
b02dc8cb: bets $20
Hero: folds
Uncalled bet ($20) returned to b02dc8cb
*** SHOWDOWN ***
b02dc8cb collected $20 from pot
*** SUMMARY ***
Total pot $20
Board [4c 4s 4h]
Seat 4: b02dc8cb(small blind)won ($20) with Three Fours
Seat 3: Hero(big blind) folded on the Flop



Poker Hand #ring_933930940: NLH No Limit ($1/$2) - 2025/06/13 19:43:26
Table 'MR NLH BOMBPOT 1/2' 7-max Seat #3 is the button
Seat 4: b02dc8cb ($1,012.8 in chips)
Seat 3: Hero ($240.59 in chips)
Hero: posts small blind $1
b02dc8cb: posts big blind $2
*** HOLE CARDS ***
Dealt to b02dc8cb 
Dealt to Hero [5c Jc]
Hero: folds
*** SHOWDOWN ***
b02dc8cb collected $3 from pot
*** SUMMARY ***
Total pot $3
Seat 4: b02dc8cb(big blind)won ($3)
Seat 3: Hero(small blind) folded before Flop



Poker Hand #ring_933929993: NLH No Limit ($1/$2) - 2025/06/13 19:42:50
Table 'MR NLH BOMBPOT 1/2' 7-max Seat #4 is the button
Seat 4: b02dc8cb ($1,007.07 in chips)
Seat 3: Hero ($246.59 in chips)
b02dc8cb: posts small blind $1
Hero: posts big blind $2
*** HOLE CARDS ***
Dealt to b02dc8cb 
Dealt to Hero [Ah Td]
b02dc8cb: raises $4 to $6
Hero: calls $4
*** FLOP *** [9c Jc Qh]
Hero: checks
b02dc8cb: checks
*** TURN *** [9c Jc Qh] [3c]
Hero: checks
b02dc8cb: checks
*** RIVER *** [9c Jc Qh 3c] [7d]
Hero: checks
b02dc8cb: checks
Hero: shows [Ah Td]
b02dc8cb: shows [As Ks]
*** SHOWDOWN ***
b02dc8cb collected $12 from pot
*** SUMMARY ***
Total pot $12
Board [9c Jc Qh 3c 7d]
Seat 4: b02dc8cb(small blind) showed [As Ks] and won ($12) with Ace-High
Seat 3: Hero(big blind) showed [Ah Td] and lost with Ace-High



Poker Hand #ring_933929737: NLH No Limit ($1/$2) - 2025/06/13 19:42:40
Table 'MR NLH BOMBPOT 1/2' 7-max Seat #3 is the button
Seat 4: b02dc8cb ($1,006.07 in chips)
Seat 3: Hero ($247.59 in chips)
Hero: posts small blind $1
b02dc8cb: posts big blind $2
*** HOLE CARDS ***
Dealt to b02dc8cb 
Dealt to Hero [3c 6d]
Hero: folds
*** SHOWDOWN ***
b02dc8cb collected $3 from pot
*** SUMMARY ***
Total pot $3
Seat 4: b02dc8cb(big blind)won ($3)
Seat 3: Hero(small blind) folded before Flop



Poker Hand #ring_933929065: NLH No Limit ($1/$2) - 2025/06/13 19:42:16
Table 'MR NLH BOMBPOT 1/2' 7-max Seat #4 is the button
Seat 4: b02dc8cb ($1,018.07 in chips)
Seat 3: Hero ($236.13 in chips)
b02dc8cb: posts small blind $1
Hero: posts big blind $2
*** HOLE CARDS ***
Dealt to b02dc8cb 
Dealt to Hero [Qh Th]
b02dc8cb: raises $4 to $6
Hero: calls $4
*** FLOP *** [2d 9s 8h]
Hero: checks
b02dc8cb: bets $6
Hero: raises $19.2 to $25.2
b02dc8cb: folds
Uncalled bet ($19.2) returned to Hero
*** SHOWDOWN ***
Hero collected $24 from pot
*** SUMMARY ***
Total pot $24
Board [2d 9s 8h]
Seat 4: b02dc8cb(small blind) folded on the Flop
Seat 3: Hero(big blind)won ($24) with Queen-High



Poker Hand #ring_933928708: NLH No Limit ($1/$2) - 2025/06/13 19:42:02
Table 'MR NLH BOMBPOT 1/2' 7-max Seat #3 is the button
Seat 4: b02dc8cb ($1,020.07 in chips)
Seat 3: Hero ($234.13 in chips)
Hero: posts small blind $1
b02dc8cb: posts big blind $2
*** HOLE CARDS ***
Dealt to b02dc8cb 
Dealt to Hero [Jc Qc]
Hero: raises $4 to $6
b02dc8cb: folds
Uncalled bet ($4) returned to Hero
*** SHOWDOWN ***
Hero collected $4 from pot
*** SUMMARY ***
Total pot $4
Seat 4: b02dc8cb(big blind) folded before Flop
Seat 3: Hero(small blind)won ($4)



Poker Hand #ring_933928315: NLH No Limit ($1/$2) - 2025/06/13 19:41:48
Table 'MR NLH BOMBPOT 1/2' 7-max Seat #4 is the button
Seat 4: b02dc8cb ($1,021.07 in chips)
Seat 3: Hero ($233.13 in chips)
b02dc8cb: posts small blind $1
Hero: posts big blind $2
*** HOLE CARDS ***
Dealt to b02dc8cb 
Dealt to Hero [5c 5d]
b02dc8cb: folds
*** SHOWDOWN ***
Hero collected $3 from pot
*** SUMMARY ***
Total pot $3
Seat 4: b02dc8cb(small blind) folded before Flop
Seat 3: Hero(big blind)won ($3)



Poker Hand #ring_933928041: NLH No Limit ($1/$2) - 2025/06/13 19:41:38
Table 'MR NLH BOMBPOT 1/2' 7-max Seat #3 is the button
Seat 4: b02dc8cb ($1,020.07 in chips)
Seat 3: Hero ($234.13 in chips)
Hero: posts small blind $1
b02dc8cb: posts big blind $2
*** HOLE CARDS ***
Dealt to b02dc8cb 
Dealt to Hero [5c Qd]
Hero: folds
*** SHOWDOWN ***
b02dc8cb collected $3 from pot
*** SUMMARY ***
Total pot $3
Seat 4: b02dc8cb(big blind)won ($3)
Seat 3: Hero(small blind) folded before Flop



Poker Hand #ring_933927325: NLH No Limit ($1/$2) - 2025/06/13 19:41:12
Table 'MR NLH BOMBPOT 1/2' 7-max Seat #4 is the button
Seat 4: b02dc8cb ($1,008.61 in chips)
Seat 3: Hero ($246.13 in chips)
b02dc8cb: posts small blind $1
Hero: posts big blind $2
*** HOLE CARDS ***
Dealt to b02dc8cb 
Dealt to Hero [Ac 6c]
b02dc8cb: raises $4 to $6
Hero: calls $4
*** FLOP *** [8c 5d Kh]
Hero: checks
b02dc8cb: bets $6
Hero: calls $6
*** TURN *** [8c 5d Kh] [Jh]
Hero: checks
b02dc8cb: bets $12
Hero: folds
Uncalled bet ($12) returned to b02dc8cb
*** SHOWDOWN ***
b02dc8cb collected $24 from pot
*** SUMMARY ***
Total pot $24
Board [8c 5d Kh Jh]
Seat 4: b02dc8cb(small blind)won ($24) with Pair of Kings
Seat 3: Hero(big blind) folded on the Turn



Poker Hand #ring_933927006: NLH No Limit ($1/$2) - 2025/06/13 19:40:59
Table 'MR NLH BOMBPOT 1/2' 7-max Seat #3 is the button
Seat 4: b02dc8cb ($1,010.61 in chips)
Seat 3: Hero ($244.13 in chips)
Hero: posts small blind $1
b02dc8cb: posts big blind $2
*** HOLE CARDS ***
Dealt to b02dc8cb 
Dealt to Hero [Qs 9d]
Hero: raises $4 to $6
b02dc8cb: folds
Uncalled bet ($4) returned to Hero
*** SHOWDOWN ***
Hero collected $4 from pot
*** SUMMARY ***
Total pot $4
Seat 4: b02dc8cb(big blind) folded before Flop
Seat 3: Hero(small blind)won ($4)



Poker Hand #ring_933926232: NLH No Limit ($1/$2) - 2025/06/13 19:40:31
Table 'MR NLH BOMBPOT 1/2' 7-max Seat #4 is the button
Seat 4: b02dc8cb ($1,040.61 in chips)
Seat 3: Hero ($215.48 in chips)
Hero: posts the ante $10
b02dc8cb: posts the ante $10
*** HOLE CARDS ***
Dealt to b02dc8cb 
Dealt to Hero [6d Qs]
*** FLOP *** [4s 8d 9s]
Hero: checks
b02dc8cb: checks
*** TURN *** [4s 8d 9s] [6c]
Hero: checks
b02dc8cb: bets $20
Hero: calls $20
*** RIVER *** [4s 8d 9s 6c] [7c]
Hero: checks
b02dc8cb: checks
Hero: shows [6d Qs]
b02dc8cb: shows [Ac 3c]
*** SHOWDOWN ***
Hero collected $60 from pot
*** SUMMARY ***
Total pot $60
Board [4s 8d 9s 6c 7c]
Seat 4: b02dc8cb(small blind) showed [Ac 3c] and lost with Ace-High
Seat 3: Hero(big blind) showed [6d Qs] and won ($60) with Pair of Sixes



Poker Hand #ring_933925916: NLH No Limit ($1/$2) - 2025/06/13 19:40:20
Table 'MR NLH BOMBPOT 1/2' 7-max Seat #3 is the button
Seat 4: b02dc8cb ($1,039.61 in chips)
Seat 3: Hero ($216.48 in chips)
Hero: posts small blind $1
b02dc8cb: posts big blind $2
*** HOLE CARDS ***
Dealt to b02dc8cb 
Dealt to Hero [3d Jh]
Hero: folds
*** SHOWDOWN ***
b02dc8cb collected $3 from pot
*** SUMMARY ***
Total pot $3
Seat 4: b02dc8cb(big blind)won ($3)
Seat 3: Hero(small blind) folded before Flop



Poker Hand #ring_933925073: NLH No Limit ($1/$2) - 2025/06/13 19:39:48
Table 'MR NLH BOMBPOT 1/2' 7-max Seat #4 is the button
Seat 4: b02dc8cb ($1,150.34 in chips)
Seat 3: Hero ($110.73 in chips)
b02dc8cb: posts small blind $1
Hero: posts big blind $2
*** HOLE CARDS ***
Dealt to b02dc8cb 
Dealt to Hero [Jh Jc]
b02dc8cb: raises $4 to $6
Hero: raises $17.4 to $23.4
b02dc8cb: raises $1,126.94 to $1,150.34 and is all-in
Hero: calls $87.33 and is all-in
Uncalled bet ($1,039.61) returned to b02dc8cb
Hero: shows [Jh Jc]
b02dc8cb: shows [Qc Ad]
*** FLOP *** [Ts 9c 7s]
*** TURN *** [Ts 9c 7s] [8c]
*** RIVER *** [Ts 9c 7s 8c] [4d]
*** SHOWDOWN ***
Hero collected $221.46 from pot
*** SUMMARY ***
Total pot $221.46
Board [Ts 9c 7s 8c 4d]
Seat 4: b02dc8cb(small blind) showed [Qc Ad] and lost with Ace-High
Seat 3: Hero(big blind) showed [Jh Jc] and won ($221.46) with Jacks-High Straight



Poker Hand #ring_933924731: NLH No Limit ($1/$2) - 2025/06/13 19:39:36
Table 'MR NLH BOMBPOT 1/2' 7-max Seat #3 is the button
Seat 4: b02dc8cb ($1,152.34 in chips)
Seat 3: Hero ($108.73 in chips)
Hero: posts small blind $1
b02dc8cb: posts big blind $2
*** HOLE CARDS ***
Dealt to b02dc8cb 
Dealt to Hero [Ks Ad]
Hero: raises $4 to $6
b02dc8cb: folds
Uncalled bet ($4) returned to Hero
Hero: shows [Ks Ad]
*** SHOWDOWN ***
Hero collected $4 from pot
*** SUMMARY ***
Total pot $4
Seat 4: b02dc8cb(big blind) folded before Flop
Seat 3: Hero(small blind) showed [Ks Ad] and won ($4)



Poker Hand #ring_933924461: NLH No Limit ($1/$2) - 2025/06/13 19:39:25
Table 'MR NLH BOMBPOT 1/2' 7-max Seat #4 is the button
Seat 4: b02dc8cb ($1,153.34 in chips)
Seat 3: Hero ($107.73 in chips)
b02dc8cb: posts small blind $1
Hero: posts big blind $2
*** HOLE CARDS ***
Dealt to b02dc8cb 
Dealt to Hero [Ah Jc]
b02dc8cb: folds
*** SHOWDOWN ***
Hero collected $3 from pot
*** SUMMARY ***
Total pot $3
Seat 4: b02dc8cb(small blind) folded before Flop
Seat 3: Hero(big blind)won ($3)



Poker Hand #ring_933924179: NLH No Limit ($1/$2) - 2025/06/13 19:39:14
Table 'MR NLH BOMBPOT 1/2' 7-max Seat #3 is the button
Seat 4: b02dc8cb ($1,155.34 in chips)
Seat 3: Hero ($105.73 in chips)
Hero: posts small blind $1
b02dc8cb: posts big blind $2
*** HOLE CARDS ***
Dealt to b02dc8cb 
Dealt to Hero [Ks 7c]
Hero: raises $4 to $6
b02dc8cb: folds
Uncalled bet ($4) returned to Hero
*** SHOWDOWN ***
Hero collected $4 from pot
*** SUMMARY ***
Total pot $4
Seat 4: b02dc8cb(big blind) folded before Flop
Seat 3: Hero(small blind)won ($4)



Poker Hand #ring_933923857: NLH No Limit ($1/$2) - 2025/06/13 19:39:02
Table 'MR NLH BOMBPOT 1/2' 7-max Seat #4 is the button
Seat 4: b02dc8cb ($1,153.34 in chips)
Seat 3: Hero ($107.73 in chips)
b02dc8cb: posts small blind $1
Hero: posts big blind $2
*** HOLE CARDS ***
Dealt to b02dc8cb 
Dealt to Hero [6d Js]
b02dc8cb: raises $4 to $6
Hero: folds
Uncalled bet ($4) returned to b02dc8cb
*** SHOWDOWN ***
b02dc8cb collected $4 from pot
*** SUMMARY ***
Total pot $4
Seat 4: b02dc8cb(small blind)won ($4)
Seat 3: Hero(big blind) folded before Flop



Poker Hand #ring_933923467: NLH No Limit ($1/$2) - 2025/06/13 19:38:47
Table 'MR NLH BOMBPOT 1/2' 7-max Seat #3 is the button
Seat 4: b02dc8cb ($1,155.34 in chips)
Seat 3: Hero ($105.73 in chips)
Hero: posts small blind $1
b02dc8cb: posts big blind $2
*** HOLE CARDS ***
Dealt to b02dc8cb 
Dealt to Hero [9d Tc]
Hero: raises $3 to $5
b02dc8cb: folds
Uncalled bet ($3) returned to Hero
*** SHOWDOWN ***
Hero collected $4 from pot
*** SUMMARY ***
Total pot $4
Seat 4: b02dc8cb(big blind) folded before Flop
Seat 3: Hero(small blind)won ($4)



Poker Hand #ring_933922670: NLH No Limit ($1/$2) - 2025/06/13 19:38:17
Table 'MR NLH BOMBPOT 1/2' 7-max Seat #4 is the button
Seat 4: b02dc8cb ($1,161.34 in chips)
Seat 3: Hero ($100 in chips)
b02dc8cb: posts small blind $1
Hero: posts big blind $2
*** HOLE CARDS ***
Dealt to b02dc8cb 
Dealt to Hero [6c Tc]
b02dc8cb: raises $4 to $6
Hero: calls $4
*** FLOP *** [9d 6h As]
Hero: checks
b02dc8cb: checks
*** TURN *** [9d 6h As] [2c]
Hero: checks
b02dc8cb: checks
*** RIVER *** [9d 6h As 2c] [5h]
Hero: checks
b02dc8cb: checks
Hero: shows [6c Tc]
b02dc8cb: shows [Qc Th]
*** SHOWDOWN ***
Hero collected $12 from pot
*** SUMMARY ***
Total pot $12
Board [9d 6h As 2c 5h]
Seat 4: b02dc8cb(small blind) showed [Qc Th] and lost with Ace-High
Seat 3: Hero(big blind) showed [6c Tc] and won ($12) with Pair of Sixes



