Poker Hand #ring_830558601: NLH No Limit ($1/$2) - 2025/04/19 00:21:26
Table 'MR NLH 1/2' 7-max Seat #2 is the button
Seat 3: 535723d9 ($359.7 in chips)
Seat 2: 3a20ae01 ($198.67 in chips)
Seat 6: fb56dfa6 ($205.15 in chips)
Seat 7: cd334fe ($152.99 in chips)
Seat 1: 8d299e2e ($101.09 in chips)
Seat 5: Hero ($360.78 in chips)
Seat 4: 38dc0b71 ($206 in chips)
535723d9: posts small blind $1
38dc0b71: posts big blind $2
*** HOLE CARDS ***
Dealt to 535723d9 
Dealt to 3a20ae01 
Dealt to fb56dfa6 
Dealt to cd334fe 
Dealt to 8d299e2e 
Dealt to Hero [Ad 3c]
Dealt to 38dc0b71 
Hero: folds
fb56dfa6: folds
cd334fe: folds
8d299e2e: raises $4 to $6
3a20ae01: calls $6
535723d9: folds
38dc0b71: calls $4
*** FLOP *** [Kh 6s 2c]
38dc0b71: checks
8d299e2e: checks
3a20ae01: checks
*** TURN *** [Kh 6s 2c] [7s]
38dc0b71: bets $9.5
8d299e2e: calls $9.5
3a20ae01: calls $9.5
*** RIVER *** [Kh 6s 2c 7s] [3d]
38dc0b71: checks
8d299e2e: checks
3a20ae01: checks
8d299e2e: shows [Js Qs]
3a20ae01: shows [4s 4c]
38dc0b71: shows [6c 4h]
*** SHOWDOWN ***
38dc0b71 collected $47.5 from pot
*** SUMMARY ***
Total pot $47.5
Board [Kh 6s 2c 7s 3d]
Seat 3: 535723d9(small blind) folded before Flop
Seat 2: 3a20ae01 showed [4s 4c] and lost with Pair of Fours
Seat 6: fb56dfa6 folded before Flop (didn't bet)
Seat 7: cd334fe folded before Flop (didn't bet)
Seat 1: 8d299e2e showed [Js Qs] and lost with King-High
Seat 5: Hero folded before Flop (didn't bet)
Seat 4: 38dc0b71(big blind) showed [6c 4h] and won ($47.5) with Pair of Sixes



Poker Hand #ring_830557650: NLH No Limit ($1/$2) - 2025/04/19 00:20:51
Table 'MR NLH 1/2' 7-max Seat #1 is the button
Seat 3: 535723d9 ($361.7 in chips)
Seat 2: 3a20ae01 ($199.67 in chips)
Seat 6: fb56dfa6 ($210.15 in chips)
Seat 7: cd334fe ($144.99 in chips)
Seat 1: 8d299e2e ($101.09 in chips)
Seat 5: Hero ($360.78 in chips)
Seat 4: 38dc0b71 ($206 in chips)
3a20ae01: posts small blind $1
535723d9: posts big blind $2
*** HOLE CARDS ***
Dealt to 535723d9 
Dealt to 3a20ae01 
Dealt to fb56dfa6 
Dealt to cd334fe 
Dealt to 8d299e2e 
Dealt to Hero [Qc 5d]
Dealt to 38dc0b71 
38dc0b71: folds
Hero: folds
fb56dfa6: raises $3 to $5
cd334fe: raises $11 to $16
8d299e2e: folds
3a20ae01: folds
535723d9: folds
fb56dfa6: folds
Uncalled bet ($11) returned to cd334fe
*** SHOWDOWN ***
cd334fe collected $13 from pot
*** SUMMARY ***
Total pot $13
Seat 3: 535723d9(big blind) folded before Flop
Seat 2: 3a20ae01(small blind) folded before Flop
Seat 6: fb56dfa6 folded before Flop
Seat 7: cd334fewon ($13)
Seat 1: 8d299e2e folded before Flop (didn't bet)
Seat 5: Hero folded before Flop (didn't bet)
Seat 4: 38dc0b71 folded before Flop (didn't bet)



Poker Hand #ring_830554770: NLH No Limit ($1/$2) - 2025/04/19 00:19:06
Table 'MR NLH 1/2' 7-max Seat #7 is the button
Seat 3: 535723d9 ($217.3 in chips)
Seat 2: 3a20ae01 ($274.29 in chips)
Seat 6: fb56dfa6 ($210.15 in chips)
Seat 7: cd334fe ($219.61 in chips)
Seat 1: 8d299e2e ($102.09 in chips)
Seat 5: Hero ($360.78 in chips)
Seat 4: 38dc0b71 ($211 in chips)
8d299e2e: posts small blind $1
3a20ae01: posts big blind $2
*** HOLE CARDS ***
Dealt to 535723d9 
Dealt to 3a20ae01 
Dealt to fb56dfa6 
Dealt to cd334fe 
Dealt to 8d299e2e 
Dealt to Hero [Ts 5s]
Dealt to 38dc0b71 
535723d9: raises $3 to $5
38dc0b71: calls $5
Hero: folds
fb56dfa6: folds
cd334fe: calls $5
8d299e2e: folds
3a20ae01: calls $3
*** FLOP *** [8s 2c 5c]
3a20ae01: bets $10.5
535723d9: raises $21 to $31.5
38dc0b71: folds
cd334fe: calls $31.5
3a20ae01: calls $21
*** TURN *** [8s 2c 5c] [3s]
3a20ae01: checks
535723d9: bets $38.12
cd334fe: calls $38.12
3a20ae01: calls $38.12
*** RIVER *** [8s 2c 5c 3s] [3d]
3a20ae01: checks
535723d9: checks
cd334fe: checks
3a20ae01: shows [8h 2h]
535723d9: shows [9c 9d]
cd334fe: shows [7d 6c]
*** SHOWDOWN ***
535723d9 collected $229.86 from pot
*** SUMMARY ***
Total pot $229.86
Board [8s 2c 5c 3s 3d]
Seat 3: 535723d9 showed [9c 9d] and won ($229.86) with Pair of Nines and Pair of Treys
Seat 2: 3a20ae01(big blind) showed [8h 2h] and lost with Pair of Eights and Pair of Treys
Seat 6: fb56dfa6 folded before Flop (didn't bet)
Seat 7: cd334fe showed [7d 6c] and lost with Pair of Treys
Seat 1: 8d299e2e(small blind) folded before Flop
Seat 5: Hero folded before Flop (didn't bet)
Seat 4: 38dc0b71 folded on the Flop



Poker Hand #ring_830553590: NLH No Limit ($1/$2) - 2025/04/19 00:18:22
Table 'MR NLH 1/2' 7-max Seat #6 is the button
Seat 3: 535723d9 ($217.3 in chips)
Seat 2: 3a20ae01 ($282.29 in chips)
Seat 6: fb56dfa6 ($200 in chips)
Seat 7: cd334fe ($220.61 in chips)
Seat 1: 8d299e2e ($104.09 in chips)
Seat 5: Hero ($360.78 in chips)
Seat 4: 38dc0b71 ($211 in chips)
cd334fe: posts small blind $1
8d299e2e: posts big blind $2
*** HOLE CARDS ***
Dealt to 535723d9 
Dealt to 3a20ae01 
Dealt to fb56dfa6 
Dealt to cd334fe 
Dealt to 8d299e2e 
Dealt to Hero [Ts 3h]
Dealt to 38dc0b71 
3a20ae01: calls $2
535723d9: folds
38dc0b71: folds
Hero: folds
fb56dfa6: raises $6 to $8
cd334fe: folds
8d299e2e: folds
3a20ae01: calls $6
*** FLOP *** [Qs 7c 2d]
3a20ae01: checks
fb56dfa6: bets $6.27
3a20ae01: folds
Uncalled bet ($6.27) returned to fb56dfa6
*** SHOWDOWN ***
fb56dfa6 collected $19 from pot
*** SUMMARY ***
Total pot $19
Board [Qs 7c 2d]
Seat 3: 535723d9 folded before Flop (didn't bet)
Seat 2: 3a20ae01 folded on the Flop
Seat 6: fb56dfa6won ($19) with Pair of Treys
Seat 7: cd334fe(small blind) folded before Flop
Seat 1: 8d299e2e(big blind) folded before Flop
Seat 5: Hero folded before Flop (didn't bet)
Seat 4: 38dc0b71 folded before Flop (didn't bet)



Poker Hand #ring_830551903: NLH No Limit ($1/$2) - 2025/04/19 00:17:19
Table 'MR NLH 1/2' 7-max Seat #5 is the button
Seat 3: 535723d9 ($217.3 in chips)
Seat 2: 3a20ae01 ($268.73 in chips)
Seat 6: fb56dfa6 ($201 in chips)
Seat 7: cd334fe ($222.61 in chips)
Seat 1: 8d299e2e ($110.09 in chips)
Seat 5: Hero ($360.78 in chips)
Seat 4: 38dc0b71 ($217 in chips)
fb56dfa6: posts small blind $1
cd334fe: posts big blind $2
*** HOLE CARDS ***
Dealt to 535723d9 
Dealt to 3a20ae01 
Dealt to fb56dfa6 
Dealt to cd334fe 
Dealt to 8d299e2e 
Dealt to Hero [4c Ad]
Dealt to 38dc0b71 
8d299e2e: calls $2
3a20ae01: calls $2
535723d9: folds
38dc0b71: raises $4 to $6
Hero: folds
fb56dfa6: folds
cd334fe: folds
8d299e2e: calls $4
3a20ae01: calls $4
*** FLOP *** [Th 6h Qd]
8d299e2e: checks
3a20ae01: checks
38dc0b71: checks
*** TURN *** [Th 6h Qd] [Ks]
8d299e2e: checks
3a20ae01: checks
38dc0b71: checks
*** RIVER *** [Th 6h Qd Ks] [Jd]
8d299e2e: checks
3a20ae01: bets $10.5
38dc0b71: folds
8d299e2e: folds
Uncalled bet ($10.5) returned to 3a20ae01
*** SHOWDOWN ***
3a20ae01 collected $21 from pot
*** SUMMARY ***
Total pot $21
Board [Th 6h Qd Ks Jd]
Seat 3: 535723d9 folded before Flop (didn't bet)
Seat 2: 3a20ae01won ($21) with Pair of Queens and Pair of Jacks
Seat 6: fb56dfa6(small blind) folded before Flop
Seat 7: cd334fe(big blind) folded before Flop
Seat 1: 8d299e2e folded on the River
Seat 5: Hero folded before Flop (didn't bet)
Seat 4: 38dc0b71 folded on the River



Poker Hand #ring_830549557: NLH No Limit ($1/$2) - 2025/04/19 00:15:55
Table 'MR NLH 1/2' 7-max Seat #4 is the button
Seat 3: 535723d9 ($217.3 in chips)
Seat 2: 3a20ae01 ($288.77 in chips)
Seat 6: fb56dfa6 ($203 in chips)
Seat 7: cd334fe ($178.09 in chips)
Seat 1: 8d299e2e ($116.09 in chips)
Seat 5: Hero ($380.82 in chips)
Seat 4: 38dc0b71 ($217 in chips)
Hero: posts small blind $1
fb56dfa6: posts big blind $2
*** HOLE CARDS ***
Dealt to 535723d9 
Dealt to 3a20ae01 
Dealt to fb56dfa6 
Dealt to cd334fe 
Dealt to 8d299e2e 
Dealt to Hero [As Td]
Dealt to 38dc0b71 
cd334fe: raises $4 to $6
8d299e2e: calls $6
3a20ae01: calls $6
535723d9: folds
38dc0b71: folds
Hero: calls $5
fb56dfa6: folds
*** FLOP *** [3h Th Kc]
Hero: checks
cd334fe: checks
8d299e2e: checks
3a20ae01: checks
*** TURN *** [3h Th Kc] [Kh]
Hero: checks
cd334fe: bets $14.04
8d299e2e: folds
3a20ae01: calls $14.04
Hero: calls $14.04
*** RIVER *** [3h Th Kc Kh] [5c]
Hero: checks
cd334fe: bets $50.41
3a20ae01: folds
Hero: folds
Uncalled bet ($50.41) returned to cd334fe
3a20ae01: shows [Ks]
*** SHOWDOWN ***
cd334fe collected $68.12 from pot
*** SUMMARY ***
Total pot $68.12
Board [3h Th Kc Kh 5c]
Seat 3: 535723d9 folded before Flop (didn't bet)
Seat 2: 3a20ae01 folded on the River
Seat 6: fb56dfa6(big blind) folded before Flop
Seat 7: cd334fewon ($68.12) with King High Flush
Seat 1: 8d299e2e folded on the Turn
Seat 5: Hero(small blind) folded on the River
Seat 4: 38dc0b71 folded before Flop (didn't bet)



Poker Hand #ring_830548624: NLH No Limit ($1/$2) - 2025/04/19 00:15:21
Table 'MR NLH 1/2' 7-max Seat #3 is the button
Seat 3: 535723d9 ($217.3 in chips)
Seat 2: 3a20ae01 ($288.77 in chips)
Seat 6: fb56dfa6 ($200 in chips)
Seat 7: cd334fe ($178.09 in chips)
Seat 1: 8d299e2e ($116.09 in chips)
Seat 5: Hero ($382.82 in chips)
Seat 4: 38dc0b71 ($218 in chips)
38dc0b71: posts small blind $1
Hero: posts big blind $2
*** HOLE CARDS ***
Dealt to 535723d9 
Dealt to 3a20ae01 
Dealt to fb56dfa6 
Dealt to cd334fe 
Dealt to 8d299e2e 
Dealt to Hero [3d 2h]
Dealt to 38dc0b71 
fb56dfa6: raises $3 to $5
cd334fe: folds
8d299e2e: folds
3a20ae01: folds
535723d9: folds
38dc0b71: folds
Hero: folds
Uncalled bet ($3) returned to fb56dfa6
*** SHOWDOWN ***
fb56dfa6 collected $5 from pot
*** SUMMARY ***
Total pot $5
Seat 3: 535723d9 folded before Flop (didn't bet)
Seat 2: 3a20ae01 folded before Flop (didn't bet)
Seat 6: fb56dfa6won ($5)
Seat 7: cd334fe folded before Flop (didn't bet)
Seat 1: 8d299e2e folded before Flop (didn't bet)
Seat 5: Hero(big blind) folded before Flop
Seat 4: 38dc0b71(small blind) folded before Flop



Poker Hand #ring_830547371: NLH No Limit ($1/$2) - 2025/04/19 00:14:34
Table 'MR NLH 1/2' 7-max Seat #2 is the button
Seat 3: 535723d9 ($218.3 in chips)
Seat 2: 3a20ae01 ($294.77 in chips)
Seat 6: fb56dfa6 ($200 in chips)
Seat 7: cd334fe ($178.09 in chips)
Seat 1: 8d299e2e ($107.76 in chips)
Seat 5: Hero ($382.82 in chips)
Seat 4: 38dc0b71 ($220 in chips)
535723d9: posts small blind $1
38dc0b71: posts big blind $2
*** HOLE CARDS ***
Dealt to 535723d9 
Dealt to 3a20ae01 
Dealt to fb56dfa6 
Dealt to cd334fe 
Dealt to 8d299e2e 
Dealt to Hero [6h 4s]
Dealt to 38dc0b71 
Hero: folds
fb56dfa6: folds
cd334fe: folds
8d299e2e: raises $4 to $6
3a20ae01: calls $6
535723d9: folds
38dc0b71: folds
*** FLOP *** [5s 2s 5c]
8d299e2e: bets $7.5
3a20ae01: folds
Uncalled bet ($7.5) returned to 8d299e2e
*** SHOWDOWN ***
8d299e2e collected $15 from pot
*** SUMMARY ***
Total pot $15
Board [5s 2s 5c]
Seat 3: 535723d9(small blind) folded before Flop
Seat 2: 3a20ae01 folded on the Flop
Seat 6: fb56dfa6 folded before Flop (didn't bet)
Seat 7: cd334fe folded before Flop (didn't bet)
Seat 1: 8d299e2ewon ($15) with Pair of Fives
Seat 5: Hero folded before Flop (didn't bet)
Seat 4: 38dc0b71(big blind) folded before Flop



Poker Hand #ring_830545835: NLH No Limit ($1/$2) - 2025/04/19 00:13:37
Table 'MR NLH 1/2' 7-max Seat #1 is the button
Seat 3: 535723d9 ($220.3 in chips)
Seat 2: 3a20ae01 ($300.77 in chips)
Seat 6: fb56dfa6 ($200 in chips)
Seat 7: cd334fe ($159.76 in chips)
Seat 1: 8d299e2e ($113.76 in chips)
Seat 5: Hero ($382.82 in chips)
Seat 4: 38dc0b71 ($226 in chips)
3a20ae01: posts small blind $1
535723d9: posts big blind $2
*** HOLE CARDS ***
Dealt to 535723d9 
Dealt to 3a20ae01 
Dealt to fb56dfa6 
Dealt to cd334fe 
Dealt to 8d299e2e 
Dealt to Hero [Ks 6h]
Dealt to 38dc0b71 
38dc0b71: raises $4 to $6
Hero: folds
fb56dfa6: folds
cd334fe: calls $6
8d299e2e: calls $6
3a20ae01: calls $5
535723d9: folds
*** FLOP *** [Ts 5s 3d]
3a20ae01: checks
38dc0b71: checks
cd334fe: checks
8d299e2e: checks
*** TURN *** [Ts 5s 3d] [Js]
3a20ae01: checks
38dc0b71: checks
cd334fe: bets $19.24
8d299e2e: folds
3a20ae01: folds
38dc0b71: folds
Uncalled bet ($19.24) returned to cd334fe
*** SHOWDOWN ***
cd334fe collected $26 from pot
*** SUMMARY ***
Total pot $26
Board [Ts 5s 3d Js]
Seat 3: 535723d9(big blind) folded before Flop
Seat 2: 3a20ae01(small blind) folded on the Turn
Seat 6: fb56dfa6 folded before Flop (didn't bet)
Seat 7: cd334fewon ($26) with Pair of Jacks
Seat 1: 8d299e2e folded on the Turn
Seat 5: Hero folded before Flop (didn't bet)
Seat 4: 38dc0b71 folded on the Turn



Poker Hand #ring_830544222: NLH No Limit ($1/$2) - 2025/04/19 00:12:38
Table 'MR NLH 1/2' 7-max Seat #7 is the button
Seat 3: 535723d9 ($220.3 in chips)
Seat 2: 3a20ae01 ($305.77 in chips)
Seat 6: fb56dfa6 ($200 in chips)
Seat 7: cd334fe ($159.76 in chips)
Seat 1: 8d299e2e ($118.76 in chips)
Seat 5: Hero ($373.49 in chips)
Seat 4: 38dc0b71 ($226 in chips)
8d299e2e: posts small blind $1
3a20ae01: posts big blind $2
*** HOLE CARDS ***
Dealt to 535723d9 
Dealt to 3a20ae01 
Dealt to fb56dfa6 
Dealt to cd334fe 
Dealt to 8d299e2e 
Dealt to Hero [Ad Js]
Dealt to 38dc0b71 
535723d9: folds
38dc0b71: folds
Hero: raises $3 to $5
fb56dfa6: folds
cd334fe: folds
8d299e2e: calls $4
3a20ae01: calls $3
*** FLOP *** [2s Td 6d]
8d299e2e: checks
3a20ae01: checks
Hero: checks
*** TURN *** [2s Td 6d] [As]
8d299e2e: checks
3a20ae01: checks
Hero: bets $7.5
8d299e2e: folds
3a20ae01: folds
Uncalled bet ($7.5) returned to Hero
*** SHOWDOWN ***
Hero collected $15 from pot
*** SUMMARY ***
Total pot $15
Board [2s Td 6d As]
Seat 3: 535723d9 folded before Flop (didn't bet)
Seat 2: 3a20ae01(big blind) folded on the Turn
Seat 6: fb56dfa6 folded before Flop (didn't bet)
Seat 7: cd334fe folded before Flop (didn't bet)
Seat 1: 8d299e2e(small blind) folded on the Turn
Seat 5: Herowon ($15) with Pair of Aces
Seat 4: 38dc0b71 folded before Flop (didn't bet)



Poker Hand #ring_830542420: NLH No Limit ($1/$2) - 2025/04/19 00:11:33
Table 'MR NLH 1/2' 7-max Seat #6 is the button
Seat 3: 535723d9 ($220.3 in chips)
Seat 2: 3a20ae01 ($281.56 in chips)
Seat 6: fb56dfa6 ($199 in chips)
Seat 7: cd334fe ($160.76 in chips)
Seat 1: 8d299e2e ($120.76 in chips)
Seat 5: Hero ($373.49 in chips)
Seat 4: 38dc0b71 ($226 in chips)
cd334fe: posts small blind $1
8d299e2e: posts big blind $2
*** HOLE CARDS ***
Dealt to 535723d9 
Dealt to 3a20ae01 
Dealt to fb56dfa6 
Dealt to cd334fe 
Dealt to 8d299e2e 
Dealt to Hero [4c Tc]
Dealt to 38dc0b71 
3a20ae01: raises $2 to $4
535723d9: folds
38dc0b71: folds
Hero: folds
fb56dfa6: raises $10 to $14
cd334fe: folds
8d299e2e: folds
3a20ae01: calls $10
*** FLOP *** [2d 2s Ad]
3a20ae01: checks
fb56dfa6: bets $10
3a20ae01: calls $10
*** TURN *** [2d 2s Ad] [5s]
3a20ae01: checks
fb56dfa6: checks
*** RIVER *** [2d 2s Ad 5s] [7c]
3a20ae01: checks
fb56dfa6: checks
3a20ae01: shows [Qc Kd]
fb56dfa6: shows [Qh Th]
*** SHOWDOWN ***
3a20ae01 collected $51 from pot
*** SUMMARY ***
Total pot $51
Board [2d 2s Ad 5s 7c]
Seat 3: 535723d9 folded before Flop (didn't bet)
Seat 2: 3a20ae01 showed [Qc Kd] and won ($51) with Pair of Twos
Seat 6: fb56dfa6 showed [Qh Th] and lost with Pair of Twos
Seat 7: cd334fe(small blind) folded before Flop
Seat 1: 8d299e2e(big blind) folded before Flop
Seat 5: Hero folded before Flop (didn't bet)
Seat 4: 38dc0b71 folded before Flop (didn't bet)



Poker Hand #ring_830541484: NLH No Limit ($1/$2) - 2025/04/19 00:10:58
Table 'MR NLH 1/2' 7-max Seat #5 is the button
Seat 3: 535723d9 ($220.3 in chips)
Seat 2: 3a20ae01 ($274.14 in chips)
Seat 6: fb56dfa6 ($200 in chips)
Seat 7: cd334fe ($162.76 in chips)
Seat 1: 8d299e2e ($120.76 in chips)
Seat 5: Hero ($378.49 in chips)
Seat 4: 38dc0b71 ($226 in chips)
fb56dfa6: posts small blind $1
cd334fe: posts big blind $2
*** HOLE CARDS ***
Dealt to 535723d9 
Dealt to 3a20ae01 
Dealt to fb56dfa6 
Dealt to cd334fe 
Dealt to 8d299e2e 
Dealt to Hero [Th 9h]
Dealt to 38dc0b71 
8d299e2e: folds
3a20ae01: calls $2
535723d9: folds
38dc0b71: folds
Hero: raises $3 to $5
fb56dfa6: folds
cd334fe: folds
3a20ae01: calls $3
*** FLOP *** [Ac 5c Qs]
3a20ae01: bets $6.5
Hero: folds
Uncalled bet ($6.5) returned to 3a20ae01
*** SHOWDOWN ***
3a20ae01 collected $13 from pot
*** SUMMARY ***
Total pot $13
Board [Ac 5c Qs]
Seat 3: 535723d9 folded before Flop (didn't bet)
Seat 2: 3a20ae01won ($13) with Pair of Queens
Seat 6: fb56dfa6(small blind) folded before Flop
Seat 7: cd334fe(big blind) folded before Flop
Seat 1: 8d299e2e folded before Flop (didn't bet)
Seat 5: Hero folded on the Flop
Seat 4: 38dc0b71 folded before Flop (didn't bet)



Poker Hand #ring_830540352: NLH No Limit ($1/$2) - 2025/04/19 00:10:16
Table 'MR NLH 1/2' 7-max Seat #4 is the button
Seat 3: 535723d9 ($220.3 in chips)
Seat 2: 3a20ae01 ($280.14 in chips)
Seat 6: fb56dfa6 ($200 in chips)
Seat 7: cd334fe ($162.76 in chips)
Seat 1: 8d299e2e ($126.76 in chips)
Seat 5: Hero ($365.89 in chips)
Seat 4: 38dc0b71 ($226 in chips)
Hero: posts small blind $1
fb56dfa6: posts big blind $2
*** HOLE CARDS ***
Dealt to 535723d9 
Dealt to 3a20ae01 
Dealt to fb56dfa6 
Dealt to cd334fe 
Dealt to 8d299e2e 
Dealt to Hero [9d 8c]
Dealt to 38dc0b71 
cd334fe: folds
8d299e2e: raises $4 to $6
3a20ae01: calls $6
535723d9: folds
38dc0b71: folds
Hero: calls $5
fb56dfa6: folds
*** FLOP *** [9s Kd 7h]
Hero: checks
8d299e2e: checks
3a20ae01: checks
*** TURN *** [9s Kd 7h] [4d]
Hero: bets $10
8d299e2e: folds
3a20ae01: folds
Uncalled bet ($10) returned to Hero
*** SHOWDOWN ***
Hero collected $20 from pot
*** SUMMARY ***
Total pot $20
Board [9s Kd 7h 4d]
Seat 3: 535723d9 folded before Flop (didn't bet)
Seat 2: 3a20ae01 folded on the Turn
Seat 6: fb56dfa6(big blind) folded before Flop
Seat 7: cd334fe folded before Flop (didn't bet)
Seat 1: 8d299e2e folded on the Turn
Seat 5: Hero(small blind)won ($20) with Pair of Nines
Seat 4: 38dc0b71 folded before Flop (didn't bet)



Poker Hand #ring_830539314: NLH No Limit ($1/$2) - 2025/04/19 00:09:37
Table 'MR NLH 1/2' 7-max Seat #3 is the button
Seat 3: 535723d9 ($220.3 in chips)
Seat 2: 3a20ae01 ($286.14 in chips)
Seat 7: cd334fe ($162.76 in chips)
Seat 1: 8d299e2e ($118.43 in chips)
Seat 5: Hero ($367.89 in chips)
Seat 4: 38dc0b71 ($227 in chips)
38dc0b71: posts small blind $1
Hero: posts big blind $2
*** HOLE CARDS ***
Dealt to 535723d9 
Dealt to 3a20ae01 
Dealt to cd334fe 
Dealt to 8d299e2e 
Dealt to Hero [5h Ks]
Dealt to 38dc0b71 
cd334fe: folds
8d299e2e: raises $4 to $6
3a20ae01: calls $6
535723d9: folds
38dc0b71: folds
Hero: folds
*** FLOP *** [Qc Ts 4c]
8d299e2e: bets $7.5
3a20ae01: folds
Uncalled bet ($7.5) returned to 8d299e2e
*** SHOWDOWN ***
8d299e2e collected $15 from pot
*** SUMMARY ***
Total pot $15
Board [Qc Ts 4c]
Seat 3: 535723d9 folded before Flop (didn't bet)
Seat 2: 3a20ae01 folded on the Flop
Seat 7: cd334fe folded before Flop (didn't bet)
Seat 1: 8d299e2ewon ($15) with Pair of Tens
Seat 5: Hero(big blind) folded before Flop
Seat 4: 38dc0b71(small blind) folded before Flop



Poker Hand #ring_830537978: NLH No Limit ($1/$2) - 2025/04/19 00:08:48
Table 'MR NLH 1/2' 7-max Seat #2 is the button
Seat 3: 535723d9 ($221.3 in chips)
Seat 2: 3a20ae01 ($299.14 in chips)
Seat 7: cd334fe ($162.76 in chips)
Seat 1: 8d299e2e ($118.43 in chips)
Seat 5: Hero ($350.83 in chips)
Seat 4: 38dc0b71 ($232 in chips)
535723d9: posts small blind $1
38dc0b71: posts big blind $2
*** HOLE CARDS ***
Dealt to 535723d9 
Dealt to 3a20ae01 
Dealt to cd334fe 
Dealt to 8d299e2e 
Dealt to Hero [Ad Ac]
Dealt to 38dc0b71 
Hero: raises $3 to $5
cd334fe: folds
8d299e2e: folds
3a20ae01: calls $5
535723d9: folds
38dc0b71: calls $3
*** FLOP *** [5h 6s As]
38dc0b71: checks
Hero: checks
3a20ae01: checks
*** TURN *** [5h 6s As] [Qh]
38dc0b71: checks
Hero: bets $8
3a20ae01: calls $8
38dc0b71: folds
*** RIVER *** [5h 6s As Qh] [Ks]
Hero: bets $16
3a20ae01: folds
Uncalled bet ($16) returned to Hero
*** SHOWDOWN ***
Hero collected $32 from pot
*** SUMMARY ***
Total pot $32
Board [5h 6s As Qh Ks]
Seat 3: 535723d9(small blind) folded before Flop
Seat 2: 3a20ae01 folded on the River
Seat 7: cd334fe folded before Flop (didn't bet)
Seat 1: 8d299e2e folded before Flop (didn't bet)
Seat 5: Herowon ($32) with Three Aces
Seat 4: 38dc0b71(big blind) folded on the Turn



Poker Hand #ring_830537217: NLH No Limit ($1/$2) - 2025/04/19 00:08:20
Table 'MR NLH 1/2' 7-max Seat #1 is the button
Seat 3: 535723d9 ($223.3 in chips)
Seat 2: 3a20ae01 ($300.14 in chips)
Seat 7: cd334fe ($162.76 in chips)
Seat 1: 8d299e2e ($110.43 in chips)
Seat 4: c9a39f6d ($410.29 in chips)
Seat 5: Hero ($355.83 in chips)
3a20ae01: posts small blind $1
535723d9: posts big blind $2
*** HOLE CARDS ***
Dealt to 535723d9 
Dealt to 3a20ae01 
Dealt to cd334fe 
Dealt to 8d299e2e 
Dealt to c9a39f6d 
Dealt to Hero [Jc 9c]
c9a39f6d: folds
Hero: raises $3 to $5
cd334fe: folds
8d299e2e: raises $11 to $16
3a20ae01: folds
535723d9: folds
Hero: folds
Uncalled bet ($11) returned to 8d299e2e
*** SHOWDOWN ***
8d299e2e collected $13 from pot
*** SUMMARY ***
Total pot $13
Seat 3: 535723d9(big blind) folded before Flop
Seat 2: 3a20ae01(small blind) folded before Flop
Seat 7: cd334fe folded before Flop (didn't bet)
Seat 1: 8d299e2ewon ($13)
Seat 4: c9a39f6d folded before Flop (didn't bet)
Seat 5: Hero folded before Flop



Poker Hand #ring_830535468: NLH No Limit ($1/$2) - 2025/04/19 00:07:15
Table 'MR NLH 1/2' 7-max Seat #7 is the button
Seat 3: 535723d9 ($223.3 in chips)
Seat 2: 3a20ae01 ($272.8 in chips)
Seat 7: cd334fe ($168.76 in chips)
Seat 1: 8d299e2e ($128.43 in chips)
Seat 4: c9a39f6d ($410.29 in chips)
Seat 5: Hero ($361.83 in chips)
8d299e2e: posts small blind $1
3a20ae01: posts big blind $2
*** HOLE CARDS ***
Dealt to 535723d9 
Dealt to 3a20ae01 
Dealt to cd334fe 
Dealt to 8d299e2e 
Dealt to c9a39f6d 
Dealt to Hero [Tc Ac]
535723d9: folds
c9a39f6d: folds
Hero: raises $4 to $6
cd334fe: calls $6
8d299e2e: calls $5
3a20ae01: calls $4
*** FLOP *** [3c 5s Ks]
8d299e2e: checks
3a20ae01: checks
Hero: checks
cd334fe: checks
*** TURN *** [3c 5s Ks] [Qs]
8d299e2e: checks
3a20ae01: bets $12
Hero: folds
cd334fe: folds
8d299e2e: calls $12
*** RIVER *** [3c 5s Ks Qs] [9h]
8d299e2e: checks
3a20ae01: checks
8d299e2e: shows [Kc Qd]
3a20ae01: shows [Ts 8s]
*** SHOWDOWN ***
3a20ae01 collected $48 from pot
*** SUMMARY ***
Total pot $48
Board [3c 5s Ks Qs 9h]
Seat 3: 535723d9 folded before Flop (didn't bet)
Seat 2: 3a20ae01(big blind) showed [Ts 8s] and won ($48) with King High Flush
Seat 7: cd334fe folded on the Turn
Seat 1: 8d299e2e(small blind) showed [Kc Qd] and lost with Pair of Kings and Pair of Queens
Seat 4: c9a39f6d folded before Flop (didn't bet)
Seat 5: Hero folded on the Turn



Poker Hand #ring_830534414: NLH No Limit ($1/$2) - 2025/04/19 00:06:35
Table 'MR NLH 1/2' 7-max Seat #5 is the button
Seat 3: 535723d9 ($223.3 in chips)
Seat 2: 3a20ae01 ($270.02 in chips)
Seat 7: cd334fe ($169.76 in chips)
Seat 1: 8d299e2e ($130.43 in chips)
Seat 4: c9a39f6d ($410.29 in chips)
Seat 5: Hero ($361.83 in chips)
cd334fe: posts small blind $1
8d299e2e: posts big blind $2
*** HOLE CARDS ***
Dealt to 535723d9 
Dealt to 3a20ae01 
Dealt to cd334fe 
Dealt to 8d299e2e 
Dealt to c9a39f6d 
Dealt to Hero [Qh 4s]
3a20ae01: calls $2
535723d9: folds
c9a39f6d: folds
Hero: folds
cd334fe: folds
8d299e2e: checks
*** FLOP *** [2c 2h 4h]
8d299e2e: checks
3a20ae01: bets $4.5
8d299e2e: folds
Uncalled bet ($4.5) returned to 3a20ae01
*** SHOWDOWN ***
3a20ae01 collected $5 from pot
*** SUMMARY ***
Total pot $5
Board [2c 2h 4h]
Seat 3: 535723d9 folded before Flop (didn't bet)
Seat 2: 3a20ae01won ($5) with Three Twos
Seat 7: cd334fe(small blind) folded before Flop
Seat 1: 8d299e2e(big blind) folded on the Flop
Seat 4: c9a39f6d folded before Flop (didn't bet)
Seat 5: Hero folded before Flop (didn't bet)



Poker Hand #ring_830533061: NLH No Limit ($1/$2) - 2025/04/19 00:05:45
Table 'MR NLH 1/2' 7-max Seat #4 is the button
Seat 3: 535723d9 ($223.3 in chips)
Seat 2: 3a20ae01 ($212.99 in chips)
Seat 7: cd334fe ($175.76 in chips)
Seat 1: 8d299e2e ($186.3 in chips)
Seat 4: c9a39f6d ($410.29 in chips)
Seat 5: Hero ($362.83 in chips)
Hero: posts small blind $1
cd334fe: posts big blind $2
*** HOLE CARDS ***
Dealt to 535723d9 
Dealt to 3a20ae01 
Dealt to cd334fe 
Dealt to 8d299e2e 
Dealt to c9a39f6d 
Dealt to Hero [Td 5c]
8d299e2e: raises $4 to $6
3a20ae01: calls $6
535723d9: folds
c9a39f6d: folds
Hero: folds
cd334fe: calls $4
*** FLOP *** [Jc 3c Jd]
cd334fe: checks
8d299e2e: checks
3a20ae01: checks
*** TURN *** [Jc 3c Jd] [As]
cd334fe: checks
8d299e2e: bets $14.25
3a20ae01: calls $14.25
cd334fe: folds
*** RIVER *** [Jc 3c Jd As] [Qd]
8d299e2e: bets $35.62
3a20ae01: calls $35.62
8d299e2e: shows [Ts Ks]
3a20ae01: shows [Qs Qc]
*** SHOWDOWN ***
3a20ae01 collected $118.74 from pot
*** SUMMARY ***
Total pot $118.74
Board [Jc 3c Jd As Qd]
Seat 3: 535723d9 folded before Flop (didn't bet)
Seat 2: 3a20ae01 showed [Qs Qc] and won ($118.74) with Queens Full over Jacks
Seat 7: cd334fe(big blind) folded on the Turn
Seat 1: 8d299e2e showed [Ts Ks] and lost with Aces-High Straight
Seat 4: c9a39f6d folded before Flop (didn't bet)
Seat 5: Hero(small blind) folded before Flop



Poker Hand #ring_830531937: NLH No Limit ($1/$2) - 2025/04/19 00:05:01
Table 'MR NLH 1/2' 7-max Seat #3 is the button
Seat 3: 535723d9 ($223.3 in chips)
Seat 2: 3a20ae01 ($222.89 in chips)
Seat 7: cd334fe ($175.76 in chips)
Seat 6: 41f3c510 ($123.41 in chips)
Seat 1: 8d299e2e ($186.3 in chips)
Seat 4: c9a39f6d ($411.29 in chips)
Seat 5: Hero ($353.36 in chips)
c9a39f6d: posts small blind $1
Hero: posts big blind $2
*** HOLE CARDS ***
Dealt to 535723d9 
Dealt to 3a20ae01 
Dealt to cd334fe 
Dealt to 41f3c510 
Dealt to 8d299e2e 
Dealt to c9a39f6d 
Dealt to Hero [2s 3s]
41f3c510: folds
cd334fe: folds
8d299e2e: folds
3a20ae01: calls $2
535723d9: folds
c9a39f6d: folds
Hero: raises $4 to $6
3a20ae01: calls $4
*** FLOP *** [Ah 9d 6d]
Hero: bets $3.9
3a20ae01: calls $3.9
*** TURN *** [Ah 9d 6d] [7s]
Hero: checks
3a20ae01: checks
*** RIVER *** [Ah 9d 6d 7s] [8h]
Hero: bets $10.4
3a20ae01: folds
Uncalled bet ($10.4) returned to Hero
*** SHOWDOWN ***
Hero collected $20.8 from pot
*** SUMMARY ***
Total pot $20.8
Board [Ah 9d 6d 7s 8h]
Seat 3: 535723d9 folded before Flop (didn't bet)
Seat 2: 3a20ae01 folded on the River
Seat 7: cd334fe folded before Flop (didn't bet)
Seat 6: 41f3c510 folded before Flop (didn't bet)
Seat 1: 8d299e2e folded before Flop (didn't bet)
Seat 4: c9a39f6d(small blind) folded before Flop
Seat 5: Hero(big blind)won ($20.8) with Ace-High



Poker Hand #ring_830530227: NLH No Limit ($1/$2) - 2025/04/19 00:03:57
Table 'MR NLH 1/2' 7-max Seat #2 is the button
Seat 3: 535723d9 ($224.3 in chips)
Seat 2: 3a20ae01 ($222.89 in chips)
Seat 7: cd334fe ($175.76 in chips)
Seat 6: 41f3c510 ($123.41 in chips)
Seat 1: 8d299e2e ($214.8 in chips)
Seat 4: c9a39f6d ($413.29 in chips)
Seat 5: Hero ($325.06 in chips)
535723d9: posts small blind $1
c9a39f6d: posts big blind $2
*** HOLE CARDS ***
Dealt to 535723d9 
Dealt to 3a20ae01 
Dealt to cd334fe 
Dealt to 41f3c510 
Dealt to 8d299e2e 
Dealt to c9a39f6d 
Dealt to Hero [Ah Js]
Hero: raises $4 to $6
41f3c510: folds
cd334fe: folds
8d299e2e: calls $6
3a20ae01: folds
535723d9: folds
c9a39f6d: folds
*** FLOP *** [Ad Qh Td]
Hero: checks
8d299e2e: checks
*** TURN *** [Ad Qh Td] [8d]
Hero: bets $7.5
8d299e2e: calls $7.5
*** RIVER *** [Ad Qh Td 8d] [Ks]
Hero: bets $15
8d299e2e: calls $15
8d299e2e: shows [8s As]
Hero: shows [Ah Js]
*** SHOWDOWN ***
Hero collected $60 from pot
*** SUMMARY ***
Total pot $60
Board [Ad Qh Td 8d Ks]
Seat 3: 535723d9(small blind) folded before Flop
Seat 2: 3a20ae01 folded before Flop (didn't bet)
Seat 7: cd334fe folded before Flop (didn't bet)
Seat 6: 41f3c510 folded before Flop (didn't bet)
Seat 1: 8d299e2e showed [8s As] and lost with Pair of Aces and Pair of Eights
Seat 4: c9a39f6d(big blind) folded before Flop
Seat 5: Hero showed [Ah Js] and won ($60) with Aces-High Straight



Poker Hand #ring_830528562: NLH No Limit ($1/$2) - 2025/04/19 00:02:55
Table 'MR NLH 1/2' 7-max Seat #1 is the button
Seat 3: 535723d9 ($226.3 in chips)
Seat 2: 3a20ae01 ($238.89 in chips)
Seat 7: cd334fe ($154.06 in chips)
Seat 6: 41f3c510 ($129.41 in chips)
Seat 1: 8d299e2e ($214.8 in chips)
Seat 4: c9a39f6d ($413.29 in chips)
Seat 5: Hero ($325.06 in chips)
3a20ae01: posts small blind $1
535723d9: posts big blind $2
*** HOLE CARDS ***
Dealt to 535723d9 
Dealt to 3a20ae01 
Dealt to cd334fe 
Dealt to 41f3c510 
Dealt to 8d299e2e 
Dealt to c9a39f6d 
Dealt to Hero [Ts 2h]
c9a39f6d: folds
Hero: folds
41f3c510: raises $4 to $6
cd334fe: calls $6
8d299e2e: folds
3a20ae01: calls $5
535723d9: folds
*** FLOP *** [3d 6s 7d]
3a20ae01: bets $10
41f3c510: folds
cd334fe: calls $10
*** TURN *** [3d 6s 7d] [Ah]
3a20ae01: checks
cd334fe: checks
*** RIVER *** [3d 6s 7d Ah] [Jc]
3a20ae01: checks
cd334fe: checks
3a20ae01: shows [Qs Td]
cd334fe: shows [Kd Jd]
*** SHOWDOWN ***
cd334fe collected $40 from pot
*** SUMMARY ***
Total pot $40
Board [3d 6s 7d Ah Jc]
Seat 3: 535723d9(big blind) folded before Flop
Seat 2: 3a20ae01(small blind) showed [Qs Td] and lost with Ace-High
Seat 7: cd334fe showed [Kd Jd] and won ($40) with Pair of Jacks
Seat 6: 41f3c510 folded on the Flop
Seat 1: 8d299e2e folded before Flop (didn't bet)
Seat 4: c9a39f6d folded before Flop (didn't bet)
Seat 5: Hero folded before Flop (didn't bet)



Poker Hand #ring_830526765: NLH No Limit ($1/$2) - 2025/04/19 00:01:48
Table 'MR NLH 1/2' 7-max Seat #7 is the button
Seat 3: 535723d9 ($226.3 in chips)
Seat 2: 3a20ae01 ($209.36 in chips)
Seat 7: cd334fe ($170.16 in chips)
Seat 6: 41f3c510 ($129.41 in chips)
Seat 1: 8d299e2e ($230.9 in chips)
Seat 4: c9a39f6d ($413.29 in chips)
Seat 5: Hero ($325.06 in chips)
8d299e2e: posts small blind $1
3a20ae01: posts big blind $2
*** HOLE CARDS ***
Dealt to 535723d9 
Dealt to 3a20ae01 
Dealt to cd334fe 
Dealt to 41f3c510 
Dealt to 8d299e2e 
Dealt to c9a39f6d 
Dealt to Hero [9c 4c]
535723d9: folds
c9a39f6d: folds
Hero: folds
41f3c510: folds
cd334fe: raises $3 to $5
8d299e2e: calls $4
3a20ae01: calls $3
*** FLOP *** [2h Ts 6c]
8d299e2e: checks
3a20ae01: checks
cd334fe: bets $11.1
8d299e2e: calls $11.1
3a20ae01: calls $11.1
*** TURN *** [2h Ts 6c] [3h]
8d299e2e: checks
3a20ae01: checks
cd334fe: checks
*** RIVER *** [2h Ts 6c 3h] [5s]
8d299e2e: checks
3a20ae01: checks
cd334fe: checks
8d299e2e: shows [Qd Jc]
3a20ae01: shows [6h Kh]
cd334fe: shows [9s 8s]
*** SHOWDOWN ***
3a20ae01 collected $48.3 from pot
*** SUMMARY ***
Total pot $48.3
Board [2h Ts 6c 3h 5s]
Seat 3: 535723d9 folded before Flop (didn't bet)
Seat 2: 3a20ae01(big blind) showed [6h Kh] and won ($48.3) with Pair of Sixes
Seat 7: cd334fe showed [9s 8s] and lost with Ten-High
Seat 6: 41f3c510 folded before Flop (didn't bet)
Seat 1: 8d299e2e(small blind) showed [Qd Jc] and lost with Queen-High
Seat 4: c9a39f6d folded before Flop (didn't bet)
Seat 5: Hero folded before Flop (didn't bet)



Poker Hand #ring_830525201: NLH No Limit ($1/$2) - 2025/04/19 00:00:49
Table 'MR NLH 1/2' 7-max Seat #6 is the button
Seat 3: 535723d9 ($206.19 in chips)
Seat 2: 3a20ae01 ($228.86 in chips)
Seat 7: cd334fe ($171.16 in chips)
Seat 6: 41f3c510 ($129.41 in chips)
Seat 1: 8d299e2e ($232.9 in chips)
Seat 4: c9a39f6d ($413.29 in chips)
Seat 5: Hero ($325.06 in chips)
cd334fe: posts small blind $1
8d299e2e: posts big blind $2
*** HOLE CARDS ***
Dealt to 535723d9 
Dealt to 3a20ae01 
Dealt to cd334fe 
Dealt to 41f3c510 
Dealt to 8d299e2e 
Dealt to c9a39f6d 
Dealt to Hero [2s Td]
3a20ae01: calls $2
535723d9: raises $7 to $9
c9a39f6d: folds
Hero: folds
41f3c510: folds
cd334fe: folds
8d299e2e: folds
3a20ae01: calls $7
*** FLOP *** [9d Ts 5h]
3a20ae01: checks
535723d9: checks
*** TURN *** [9d Ts 5h] [Kc]
3a20ae01: checks
535723d9: bets $10.5
3a20ae01: calls $10.5
*** RIVER *** [9d Ts 5h Kc] [Ac]
3a20ae01: checks
535723d9: bets $31.5
3a20ae01: folds
Uncalled bet ($31.5) returned to 535723d9
3a20ae01: shows [7c 7h]
*** SHOWDOWN ***
535723d9 collected $42 from pot
*** SUMMARY ***
Total pot $42
Board [9d Ts 5h Kc Ac]
Seat 3: 535723d9won ($42) with Pair of Aces
Seat 2: 3a20ae01 folded on the River
Seat 7: cd334fe(small blind) folded before Flop
Seat 6: 41f3c510 folded before Flop (didn't bet)
Seat 1: 8d299e2e(big blind) folded before Flop
Seat 4: c9a39f6d folded before Flop (didn't bet)
Seat 5: Hero folded before Flop (didn't bet)



Poker Hand #ring_830523755: NLH No Limit ($1/$2) - 2025/04/18 23:59:55
Table 'MR NLH 1/2' 7-max Seat #5 is the button
Seat 3: 535723d9 ($206.19 in chips)
Seat 2: 3a20ae01 ($239.86 in chips)
Seat 7: cd334fe ($173.16 in chips)
Seat 6: 41f3c510 ($130.41 in chips)
Seat 1: 8d299e2e ($234.9 in chips)
Seat 4: c9a39f6d ($399 in chips)
Seat 5: Hero ($325.06 in chips)
41f3c510: posts small blind $1
cd334fe: posts big blind $2
*** HOLE CARDS ***
Dealt to 535723d9 
Dealt to 3a20ae01 
Dealt to cd334fe 
Dealt to 41f3c510 
Dealt to 8d299e2e 
Dealt to c9a39f6d 
Dealt to Hero [9c 7d]
8d299e2e: calls $2
3a20ae01: calls $2
535723d9: folds
c9a39f6d: raises $9 to $11
Hero: folds
41f3c510: folds
cd334fe: folds
8d299e2e: folds
3a20ae01: calls $9
*** FLOP *** [Kd Td Jh]
3a20ae01: checks
c9a39f6d: bets $20.25
3a20ae01: folds
Uncalled bet ($20.25) returned to c9a39f6d
3a20ae01: shows [Jc]
*** SHOWDOWN ***
c9a39f6d collected $27 from pot
*** SUMMARY ***
Total pot $27
Board [Kd Td Jh]
Seat 3: 535723d9 folded before Flop (didn't bet)
Seat 2: 3a20ae01 folded on the Flop
Seat 7: cd334fe(big blind) folded before Flop
Seat 6: 41f3c510(small blind) folded before Flop
Seat 1: 8d299e2e folded before Flop
Seat 4: c9a39f6dwon ($27) with Pair of Aces
Seat 5: Hero folded before Flop (didn't bet)



Poker Hand #ring_830522705: NLH No Limit ($1/$2) - 2025/04/18 23:59:16
Table 'MR NLH 1/2' 7-max Seat #4 is the button
Seat 3: 535723d9 ($211.19 in chips)
Seat 2: 3a20ae01 ($239.86 in chips)
Seat 7: cd334fe ($173.16 in chips)
Seat 6: 41f3c510 ($132.41 in chips)
Seat 1: 8d299e2e ($234.9 in chips)
Seat 4: c9a39f6d ($399 in chips)
Seat 5: Hero ($318.06 in chips)
Hero: posts small blind $1
41f3c510: posts big blind $2
*** HOLE CARDS ***
Dealt to 535723d9 
Dealt to 3a20ae01 
Dealt to cd334fe 
Dealt to 41f3c510 
Dealt to 8d299e2e 
Dealt to c9a39f6d 
Dealt to Hero [Ah Kc]
cd334fe: folds
8d299e2e: folds
3a20ae01: folds
535723d9: raises $3 to $5
c9a39f6d: folds
Hero: raises $12 to $17
41f3c510: folds
535723d9: folds
Uncalled bet ($12) returned to Hero
*** SHOWDOWN ***
Hero collected $12 from pot
*** SUMMARY ***
Total pot $12
Seat 3: 535723d9 folded before Flop
Seat 2: 3a20ae01 folded before Flop (didn't bet)
Seat 7: cd334fe folded before Flop (didn't bet)
Seat 6: 41f3c510(big blind) folded before Flop
Seat 1: 8d299e2e folded before Flop (didn't bet)
Seat 4: c9a39f6d folded before Flop (didn't bet)
Seat 5: Hero(small blind)won ($12)



Poker Hand #ring_830521742: NLH No Limit ($1/$2) - 2025/04/18 23:58:41
Table 'MR NLH 1/2' 7-max Seat #3 is the button
Seat 3: 535723d9 ($211.19 in chips)
Seat 2: 3a20ae01 ($237.08 in chips)
Seat 7: cd334fe ($173.16 in chips)
Seat 6: 41f3c510 ($132.41 in chips)
Seat 1: 8d299e2e ($234.9 in chips)
Seat 4: c9a39f6d ($400 in chips)
Seat 5: Hero ($320.06 in chips)
c9a39f6d: posts small blind $1
Hero: posts big blind $2
*** HOLE CARDS ***
Dealt to 535723d9 
Dealt to 3a20ae01 
Dealt to cd334fe 
Dealt to 41f3c510 
Dealt to 8d299e2e 
Dealt to c9a39f6d 
Dealt to Hero [7s 2d]
41f3c510: folds
cd334fe: folds
8d299e2e: folds
3a20ae01: calls $2
535723d9: folds
c9a39f6d: folds
Hero: checks
*** FLOP *** [3s Js Ac]
Hero: checks
3a20ae01: checks
*** TURN *** [3s Js Ac] [Qc]
Hero: checks
3a20ae01: bets $2.5
Hero: folds
Uncalled bet ($2.5) returned to 3a20ae01
*** SHOWDOWN ***
3a20ae01 collected $5 from pot
*** SUMMARY ***
Total pot $5
Board [3s Js Ac Qc]
Seat 3: 535723d9 folded before Flop (didn't bet)
Seat 2: 3a20ae01won ($5) with Ace-High
Seat 7: cd334fe folded before Flop (didn't bet)
Seat 6: 41f3c510 folded before Flop (didn't bet)
Seat 1: 8d299e2e folded before Flop (didn't bet)
Seat 4: c9a39f6d(small blind) folded before Flop
Seat 5: Hero(big blind) folded on the Turn



Poker Hand #ring_830520023: NLH No Limit ($1/$2) - 2025/04/18 23:57:35
Table 'MR NLH 1/2' 7-max Seat #2 is the button
Seat 3: 535723d9 ($202 in chips)
Seat 2: 3a20ae01 ($245.08 in chips)
Seat 7: cd334fe ($173.16 in chips)
Seat 6: 41f3c510 ($132.41 in chips)
Seat 1: 8d299e2e ($234.9 in chips)
Seat 4: c9a39f6d ($400 in chips)
Seat 5: Hero ($320.06 in chips)
535723d9: posts small blind $1
c9a39f6d: posts big blind $2
*** HOLE CARDS ***
Dealt to 535723d9 
Dealt to 3a20ae01 
Dealt to cd334fe 
Dealt to 41f3c510 
Dealt to 8d299e2e 
Dealt to c9a39f6d 
Dealt to Hero [2c Tc]
Hero: folds
41f3c510: folds
cd334fe: folds
8d299e2e: folds
3a20ae01: calls $2
535723d9: raises $6 to $8
c9a39f6d: folds
3a20ae01: calls $6
*** FLOP *** [Qh 6h 2s]
535723d9: checks
3a20ae01: checks
*** TURN *** [Qh 6h 2s] [Kh]
535723d9: bets $3
3a20ae01: folds
Uncalled bet ($3) returned to 535723d9
*** SHOWDOWN ***
535723d9 collected $18 from pot
*** SUMMARY ***
Total pot $18
Board [Qh 6h 2s Kh]
Seat 3: 535723d9(small blind)won ($18) with Pair of Eights
Seat 2: 3a20ae01 folded on the Turn
Seat 7: cd334fe folded before Flop (didn't bet)
Seat 6: 41f3c510 folded before Flop (didn't bet)
Seat 1: 8d299e2e folded before Flop (didn't bet)
Seat 4: c9a39f6d(big blind) folded before Flop
Seat 5: Hero folded before Flop (didn't bet)



Poker Hand #ring_830519290: NLH No Limit ($1/$2) - 2025/04/18 23:57:07
Table 'MR NLH 1/2' 7-max Seat #1 is the button
Seat 3: 535723d9 ($204 in chips)
Seat 2: 3a20ae01 ($246.08 in chips)
Seat 7: cd334fe ($173.16 in chips)
Seat 6: 41f3c510 ($132.41 in chips)
Seat 1: 8d299e2e ($234.9 in chips)
Seat 4: c9a39f6d ($400 in chips)
Seat 5: Hero ($312.06 in chips)
3a20ae01: posts small blind $1
535723d9: posts big blind $2
*** HOLE CARDS ***
Dealt to 535723d9 
Dealt to 3a20ae01 
Dealt to cd334fe 
Dealt to 41f3c510 
Dealt to 8d299e2e 
Dealt to c9a39f6d 
Dealt to Hero [Td Th]
c9a39f6d: raises $3 to $5
Hero: raises $13 to $18
41f3c510: folds
cd334fe: folds
8d299e2e: folds
3a20ae01: folds
535723d9: folds
c9a39f6d: folds
Uncalled bet ($13) returned to Hero
*** SHOWDOWN ***
Hero collected $13 from pot
*** SUMMARY ***
Total pot $13
Seat 3: 535723d9(big blind) folded before Flop
Seat 2: 3a20ae01(small blind) folded before Flop
Seat 7: cd334fe folded before Flop (didn't bet)
Seat 6: 41f3c510 folded before Flop (didn't bet)
Seat 1: 8d299e2e folded before Flop (didn't bet)
Seat 4: c9a39f6d folded before Flop
Seat 5: Herowon ($13)



Poker Hand #ring_830517968: NLH No Limit ($1/$2) - 2025/04/18 23:56:17
Table 'MR NLH 1/2' 7-max Seat #7 is the button
Seat 2: 3a20ae01 ($199.99 in chips)
Seat 7: cd334fe ($223.3 in chips)
Seat 6: 41f3c510 ($132.41 in chips)
Seat 1: 8d299e2e ($235.9 in chips)
Seat 4: c9a39f6d ($258.41 in chips)
Seat 5: Hero ($312.06 in chips)
8d299e2e: posts small blind $1
3a20ae01: posts big blind $2
*** HOLE CARDS ***
Dealt to 3a20ae01 
Dealt to cd334fe 
Dealt to 41f3c510 
Dealt to 8d299e2e 
Dealt to c9a39f6d 
Dealt to Hero [9d Jh]
c9a39f6d: folds
Hero: folds
41f3c510: folds
cd334fe: raises $3 to $5
8d299e2e: folds
3a20ae01: calls $3
*** FLOP *** [Th 7s 5h]
3a20ae01: checks
cd334fe: bets $8.14
3a20ae01: calls $8.14
*** TURN *** [Th 7s 5h] [Qs]
3a20ae01: checks
cd334fe: bets $37
3a20ae01: calls $37
*** RIVER *** [Th 7s 5h Qs] [Kh]
3a20ae01: checks
cd334fe: checks
3a20ae01: shows [7d 5s]
cd334fe: shows [Qh Ad]
*** SHOWDOWN ***
3a20ae01 collected $101.28 from pot
*** SUMMARY ***
Total pot $101.28
Board [Th 7s 5h Qs Kh]
Seat 2: 3a20ae01(big blind) showed [7d 5s] and won ($101.28) with Pair of Sevens and Pair of Fives
Seat 7: cd334fe showed [Qh Ad] and lost with Pair of Queens
Seat 6: 41f3c510 folded before Flop (didn't bet)
Seat 1: 8d299e2e(small blind) folded before Flop
Seat 4: c9a39f6d folded before Flop (didn't bet)
Seat 5: Hero folded before Flop (didn't bet)



Poker Hand #ring_830516796: NLH No Limit ($1/$2) - 2025/04/18 23:55:34
Table 'MR NLH 1/2' 7-max Seat #6 is the button
Seat 2: 3a20ae01 ($197.21 in chips)
Seat 7: cd334fe ($224.3 in chips)
Seat 6: 41f3c510 ($132.41 in chips)
Seat 1: 8d299e2e ($237.9 in chips)
Seat 4: c9a39f6d ($258.41 in chips)
Seat 5: Hero ($312.06 in chips)
cd334fe: posts small blind $1
8d299e2e: posts big blind $2
*** HOLE CARDS ***
Dealt to 3a20ae01 
Dealt to cd334fe 
Dealt to 41f3c510 
Dealt to 8d299e2e 
Dealt to c9a39f6d 
Dealt to Hero [5c Ah]
3a20ae01: calls $2
c9a39f6d: folds
Hero: folds
41f3c510: folds
cd334fe: folds
8d299e2e: checks
*** FLOP *** [Jh Jd Js]
8d299e2e: checks
3a20ae01: checks
*** TURN *** [Jh Jd Js] [Qh]
8d299e2e: checks
3a20ae01: bets $2.5
8d299e2e: folds
Uncalled bet ($2.5) returned to 3a20ae01
41f3c510: shows [Jc]
*** SHOWDOWN ***
3a20ae01 collected $5 from pot
*** SUMMARY ***
Total pot $5
Board [Jh Jd Js Qh]
Seat 2: 3a20ae01won ($5) with Jacks Full over Queens
Seat 7: cd334fe(small blind) folded before Flop
Seat 6: 41f3c510 folded before Flop (didn't bet)
Seat 1: 8d299e2e(big blind) folded on the Turn
Seat 4: c9a39f6d folded before Flop (didn't bet)
Seat 5: Hero folded before Flop (didn't bet)



Poker Hand #ring_830515458: NLH No Limit ($1/$2) - 2025/04/18 23:54:42
Table 'MR NLH 1/2' 7-max Seat #5 is the button
Seat 2: 3a20ae01 ($197.21 in chips)
Seat 7: cd334fe ($226.3 in chips)
Seat 6: 41f3c510 ($128.68 in chips)
Seat 1: 8d299e2e ($239.9 in chips)
Seat 4: c9a39f6d ($258.41 in chips)
Seat 5: Hero ($312.06 in chips)
41f3c510: posts small blind $1
cd334fe: posts big blind $2
*** HOLE CARDS ***
Dealt to 3a20ae01 
Dealt to cd334fe 
Dealt to 41f3c510 
Dealt to 8d299e2e 
Dealt to c9a39f6d 
Dealt to Hero [4s Kc]
8d299e2e: calls $2
3a20ae01: folds
c9a39f6d: folds
Hero: folds
41f3c510: calls $1
cd334fe: checks
*** FLOP *** [4d 5c 9c]
41f3c510: checks
cd334fe: checks
8d299e2e: checks
*** TURN *** [4d 5c 9c] [Jd]
41f3c510: bets $5.4
cd334fe: folds
8d299e2e: folds
Uncalled bet ($5.4) returned to 41f3c510
*** SHOWDOWN ***
41f3c510 collected $6 from pot
*** SUMMARY ***
Total pot $6
Board [4d 5c 9c Jd]
Seat 2: 3a20ae01 folded before Flop (didn't bet)
Seat 7: cd334fe(big blind) folded on the Turn
Seat 6: 41f3c510(small blind)won ($6) with Pair of Nines
Seat 1: 8d299e2e folded on the Turn
Seat 4: c9a39f6d folded before Flop (didn't bet)
Seat 5: Hero folded before Flop (didn't bet)



Poker Hand #ring_830513838: NLH No Limit ($1/$2) - 2025/04/18 23:53:40
Table 'MR NLH 1/2' 7-max Seat #4 is the button
Seat 2: 3a20ae01 ($197.21 in chips)
Seat 7: cd334fe ($226.3 in chips)
Seat 6: 41f3c510 ($214.42 in chips)
Seat 1: 8d299e2e ($239.9 in chips)
Seat 4: c9a39f6d ($179.93 in chips)
Seat 5: Hero ($313.06 in chips)
Hero: posts small blind $1
41f3c510: posts big blind $2
*** HOLE CARDS ***
Dealt to 3a20ae01 
Dealt to cd334fe 
Dealt to 41f3c510 
Dealt to 8d299e2e 
Dealt to c9a39f6d 
Dealt to Hero [9h Jd]
cd334fe: folds
8d299e2e: folds
3a20ae01: folds
c9a39f6d: raises $3 to $5
Hero: folds
41f3c510: calls $3
*** FLOP *** [Th 5c Ah]
41f3c510: checks
c9a39f6d: checks
*** TURN *** [Th 5c Ah] [2c]
41f3c510: bets $9.9
c9a39f6d: calls $9.9
*** RIVER *** [Th 5c Ah 2c] [Jh]
41f3c510: bets $27.72
c9a39f6d: raises $43.12 to $70.84
41f3c510: calls $43.12
c9a39f6d: shows [8h 7h]
41f3c510: shows [As Td]
*** SHOWDOWN ***
c9a39f6d collected $172.48 from pot
*** SUMMARY ***
Total pot $172.48
Board [Th 5c Ah 2c Jh]
Seat 2: 3a20ae01 folded before Flop (didn't bet)
Seat 7: cd334fe folded before Flop (didn't bet)
Seat 6: 41f3c510(big blind) showed [As Td] and lost with Pair of Aces and Pair of Tens
Seat 1: 8d299e2e folded before Flop (didn't bet)
Seat 4: c9a39f6d showed [8h 7h] and won ($172.48) with Ace High Flush
Seat 5: Hero(small blind) folded before Flop



Poker Hand #ring_830511907: NLH No Limit ($1/$2) - 2025/04/18 23:52:30
Table 'MR NLH 1/2' 7-max Seat #2 is the button
Seat 2: 3a20ae01 ($176 in chips)
Seat 7: cd334fe ($226.3 in chips)
Seat 6: 41f3c510 ($224.52 in chips)
Seat 1: 8d299e2e ($250 in chips)
Seat 4: c9a39f6d ($180.93 in chips)
Seat 5: Hero ($315.06 in chips)
c9a39f6d: posts small blind $1
Hero: posts big blind $2
8d299e2e: posts big blind $2
*** HOLE CARDS ***
Dealt to 3a20ae01 
Dealt to cd334fe 
Dealt to 41f3c510 
Dealt to 8d299e2e 
Dealt to c9a39f6d 
Dealt to Hero [Ks 7h]
41f3c510: calls $2
cd334fe: folds
8d299e2e: checks
3a20ae01: calls $2
c9a39f6d: folds
Hero: checks
*** FLOP *** [8d 9h Td]
Hero: checks
41f3c510: checks
8d299e2e: checks
3a20ae01: checks
*** TURN *** [8d 9h Td] [Ts]
Hero: checks
41f3c510: bets $8.1
8d299e2e: calls $8.1
3a20ae01: calls $8.1
Hero: folds
*** RIVER *** [8d 9h Td Ts] [7s]
41f3c510: checks
8d299e2e: checks
3a20ae01: checks
8d299e2e: shows [2s 8s]
3a20ae01: shows [Jh Ad]
41f3c510: shows [Qc Qd]
*** SHOWDOWN ***
3a20ae01 collected $33.3 from pot
*** SUMMARY ***
Total pot $33.3
Board [8d 9h Td Ts 7s]
Seat 2: 3a20ae01 showed [Jh Ad] and won ($33.3) with Jacks-High Straight
Seat 7: cd334fe folded before Flop (didn't bet)
Seat 6: 41f3c510 showed [Qc Qd] and lost with Pair of Queens and Pair of Tens
Seat 1: 8d299e2e showed [2s 8s] and lost with Pair of Tens and Pair of Eights
Seat 4: c9a39f6d(small blind) folded before Flop
Seat 5: Hero(big blind) folded on the Turn



Poker Hand #ring_830510512: NLH No Limit ($1/$2) - 2025/04/18 23:51:38
Table 'MR NLH 1/2' 7-max Seat #7 is the button
Seat 2: 3a20ae01 ($182 in chips)
Seat 7: cd334fe ($213.7 in chips)
Seat 6: 41f3c510 ($230.52 in chips)
Seat 4: c9a39f6d ($182.93 in chips)
Seat 5: Hero ($315.06 in chips)
3a20ae01: posts small blind $1
c9a39f6d: posts big blind $2
*** HOLE CARDS ***
Dealt to 3a20ae01 
Dealt to cd334fe 
Dealt to 41f3c510 
Dealt to c9a39f6d 
Dealt to Hero [Jd 5d]
Hero: folds
41f3c510: raises $4 to $6
cd334fe: calls $6
3a20ae01: calls $5
c9a39f6d: folds
*** FLOP *** [Ac 7c Ts]
3a20ae01: checks
41f3c510: checks
cd334fe: checks
*** TURN *** [Ac 7c Ts] [3h]
3a20ae01: checks
41f3c510: checks
cd334fe: checks
*** RIVER *** [Ac 7c Ts 3h] [6h]
3a20ae01: checks
41f3c510: checks
cd334fe: checks
3a20ae01: shows [3d 2s]
41f3c510: shows [Qd Kd]
cd334fe: shows [8d 8s]
*** SHOWDOWN ***
cd334fe collected $20 from pot
*** SUMMARY ***
Total pot $20
Board [Ac 7c Ts 3h 6h]
Seat 2: 3a20ae01(small blind) showed [3d 2s] and lost with Pair of Treys
Seat 7: cd334fe showed [8d 8s] and won ($20) with Pair of Eights
Seat 6: 41f3c510 showed [Qd Kd] and lost with Ace-High
Seat 4: c9a39f6d(big blind) folded before Flop
Seat 5: Hero folded before Flop (didn't bet)



Poker Hand #ring_830508297: NLH No Limit ($1/$2) - 2025/04/18 23:50:14
Table 'MR NLH 1/2' 7-max Seat #6 is the button
Seat 2: 3a20ae01 ($248 in chips)
Seat 7: cd334fe ($214.7 in chips)
Seat 6: 41f3c510 ($170 in chips)
Seat 4: c9a39f6d ($182.93 in chips)
Seat 5: Hero ($315.06 in chips)
Seat 3: 4eab7ee3 ($750.78 in chips)
cd334fe: posts small blind $1
3a20ae01: posts big blind $2
*** HOLE CARDS ***
Dealt to 3a20ae01 
Dealt to cd334fe 
Dealt to 41f3c510 
Dealt to c9a39f6d 
Dealt to Hero [3c 9s]
Dealt to 4eab7ee3 
4eab7ee3: folds
c9a39f6d: folds
Hero: folds
41f3c510: raises $9 to $11
cd334fe: folds
3a20ae01: calls $9
*** FLOP *** [3h 7h 2c]
3a20ae01: checks
41f3c510: bets $17
3a20ae01: calls $17
*** TURN *** [3h 7h 2c] [8d]
3a20ae01: checks
41f3c510: bets $38
3a20ae01: calls $38
*** RIVER *** [3h 7h 2c 8d] [7s]
3a20ae01: checks
41f3c510: bets $62
3a20ae01: folds
Uncalled bet ($62) returned to 41f3c510
*** SHOWDOWN ***
41f3c510 collected $133 from pot
*** SUMMARY ***
Total pot $133
Board [3h 7h 2c 8d 7s]
Seat 2: 3a20ae01(big blind) folded on the River
Seat 7: cd334fe(small blind) folded before Flop
Seat 6: 41f3c510won ($133) with Pair of Kings and Pair of Sevens
Seat 4: c9a39f6d folded before Flop (didn't bet)
Seat 5: Hero folded before Flop (didn't bet)
Seat 3: 4eab7ee3 folded before Flop (didn't bet)



Poker Hand #ring_830506301: NLH No Limit ($1/$2) - 2025/04/18 23:48:59
Table 'MR NLH 1/2' 7-max Seat #5 is the button
Seat 2: 3a20ae01 ($250 in chips)
Seat 7: cd334fe ($216.7 in chips)
Seat 6: 41f3c510 ($108.08 in chips)
Seat 4: c9a39f6d ($182.93 in chips)
Seat 5: Hero ($315.06 in chips)
Seat 3: 4eab7ee3 ($815.17 in chips)
41f3c510: posts small blind $1
cd334fe: posts big blind $2
3a20ae01: posts big blind $2
*** HOLE CARDS ***
Dealt to 3a20ae01 
Dealt to cd334fe 
Dealt to 41f3c510 
Dealt to c9a39f6d 
Dealt to Hero [4c Ah]
Dealt to 4eab7ee3 
3a20ae01: checks
4eab7ee3: raises $4 to $6
c9a39f6d: folds
Hero: folds
41f3c510: raises $14.4 to $20.4
cd334fe: folds
3a20ae01: folds
4eab7ee3: calls $14.4
*** FLOP *** [5h Ad 2h]
41f3c510: bets $14.79
4eab7ee3: calls $14.79
*** TURN *** [5h Ad 2h] [2s]
41f3c510: checks
4eab7ee3: bets $29.2
41f3c510: raises $43.69 to $72.89 and is all-in
4eab7ee3: folds
Uncalled bet ($43.69) returned to 41f3c510
3a20ae01: shows [2d 9d]
*** SHOWDOWN ***
41f3c510 collected $132.78 from pot
*** SUMMARY ***
Total pot $132.78
Board [5h Ad 2h 2s]
Seat 2: 3a20ae01 folded before Flop
Seat 7: cd334fe(big blind) folded before Flop
Seat 6: 41f3c510(small blind)won ($132.78) with Twos Full over Aces
Seat 4: c9a39f6d folded before Flop (didn't bet)
Seat 5: Hero folded before Flop (didn't bet)
Seat 3: 4eab7ee3 folded on the Turn



Poker Hand #ring_830504320: NLH No Limit ($1/$2) - 2025/04/18 23:47:43
Table 'MR NLH 1/2' 7-max Seat #4 is the button
Seat 7: cd334fe ($216.7 in chips)
Seat 6: 41f3c510 ($135 in chips)
Seat 4: c9a39f6d ($182.93 in chips)
Seat 5: Hero ($291.06 in chips)
Seat 3: 4eab7ee3 ($815.17 in chips)
Hero: posts small blind $1
41f3c510: posts big blind $2
*** HOLE CARDS ***
Dealt to cd334fe 
Dealt to 41f3c510 
Dealt to c9a39f6d 
Dealt to Hero [Th 7s]
Dealt to 4eab7ee3 
cd334fe: folds
4eab7ee3: folds
c9a39f6d: folds
Hero: raises $3 to $5
41f3c510: calls $3
*** FLOP *** [4d 6d 5c]
Hero: checks
41f3c510: bets $6.6
Hero: calls $6.6
*** TURN *** [4d 6d 5c] [5d]
Hero: checks
41f3c510: checks
*** RIVER *** [4d 6d 5c 5d] [3h]
Hero: checks
41f3c510: bets $15.32
Hero: raises $26.92 to $42.24
41f3c510: folds
Uncalled bet ($26.92) returned to Hero
*** SHOWDOWN ***
Hero collected $53.84 from pot
*** SUMMARY ***
Total pot $53.84
Board [4d 6d 5c 5d 3h]
Seat 7: cd334fe folded before Flop (didn't bet)
Seat 6: 41f3c510(big blind) folded on the River
Seat 4: c9a39f6d folded before Flop (didn't bet)
Seat 5: Hero(small blind)won ($53.84) with Sevens-High Straight
Seat 3: 4eab7ee3 folded before Flop (didn't bet)



Poker Hand #ring_830501299: NLH No Limit ($1/$2) - 2025/04/18 23:45:50
Table 'MR NLH 1/2' 7-max Seat #3 is the button
Seat 7: cd334fe ($216.7 in chips)
Seat 6: 41f3c510 ($135 in chips)
Seat 4: c9a39f6d ($317.33 in chips)
Seat 5: Hero ($169.25 in chips)
Seat 3: 4eab7ee3 ($815.17 in chips)
c9a39f6d: posts small blind $1
Hero: posts big blind $2
*** HOLE CARDS ***
Dealt to cd334fe 
Dealt to 41f3c510 
Dealt to c9a39f6d 
Dealt to Hero [4s 9d]
Dealt to 4eab7ee3 
41f3c510: folds
cd334fe: folds
4eab7ee3: folds
c9a39f6d: calls $1
Hero: checks
*** FLOP *** [9s 7h 9h]
c9a39f6d: bets $4
Hero: calls $4
*** TURN *** [9s 7h 9h] [Ad]
c9a39f6d: bets $12
Hero: raises $33 to $45
c9a39f6d: raises $33 to $78
Hero: calls $33
*** RIVER *** [9s 7h 9h Ad] [4c]
c9a39f6d: checks
Hero: bets $50.4
c9a39f6d: calls $50.4
c9a39f6d: shows [6d 9c]
Hero: shows [4s 9d]
*** SHOWDOWN ***
Hero collected $268.8 from pot
*** SUMMARY ***
Total pot $268.8
Board [9s 7h 9h Ad 4c]
Seat 7: cd334fe folded before Flop (didn't bet)
Seat 6: 41f3c510 folded before Flop (didn't bet)
Seat 4: c9a39f6d(small blind) showed [6d 9c] and lost with Three Nines
Seat 5: Hero(big blind) showed [4s 9d] and won ($268.8) with Nines Full over Fours
Seat 3: 4eab7ee3 folded before Flop (didn't bet)



Poker Hand #ring_830500579: NLH No Limit ($1/$2) - 2025/04/18 23:45:23
Table 'MR NLH 1/2' 7-max Seat #7 is the button
Seat 7: cd334fe ($216.7 in chips)
Seat 6: 41f3c510 ($135 in chips)
Seat 4: c9a39f6d ($319.33 in chips)
Seat 5: Hero ($166.25 in chips)
Seat 3: 4eab7ee3 ($816.17 in chips)
4eab7ee3: posts small blind $1
c9a39f6d: posts big blind $2
*** HOLE CARDS ***
Dealt to cd334fe 
Dealt to 41f3c510 
Dealt to c9a39f6d 
Dealt to Hero [Kc Kh]
Dealt to 4eab7ee3 
Hero: raises $4 to $6
41f3c510: folds
cd334fe: folds
4eab7ee3: folds
c9a39f6d: folds
Uncalled bet ($4) returned to Hero
*** SHOWDOWN ***
Hero collected $5 from pot
*** SUMMARY ***
Total pot $5
Seat 7: cd334fe folded before Flop (didn't bet)
Seat 6: 41f3c510 folded before Flop (didn't bet)
Seat 4: c9a39f6d(big blind) folded before Flop
Seat 5: Herowon ($5)
Seat 3: 4eab7ee3(small blind) folded before Flop



Poker Hand #ring_830499731: NLH No Limit ($1/$2) - 2025/04/18 23:44:50
Table 'MR NLH 1/2' 7-max Seat #6 is the button
Seat 7: cd334fe ($214.7 in chips)
Seat 6: 41f3c510 ($135 in chips)
Seat 4: c9a39f6d ($319.33 in chips)
Seat 5: Hero ($166.25 in chips)
Seat 3: 4eab7ee3 ($818.17 in chips)
cd334fe: posts small blind $1
4eab7ee3: posts big blind $2
*** HOLE CARDS ***
Dealt to cd334fe 
Dealt to 41f3c510 
Dealt to c9a39f6d 
Dealt to Hero [6d 2c]
Dealt to 4eab7ee3 
c9a39f6d: folds
Hero: folds
41f3c510: folds
cd334fe: raises $6 to $8
4eab7ee3: folds
Uncalled bet ($6) returned to cd334fe
*** SHOWDOWN ***
cd334fe collected $4 from pot
*** SUMMARY ***
Total pot $4
Seat 7: cd334fe(small blind)won ($4)
Seat 6: 41f3c510 folded before Flop (didn't bet)
Seat 4: c9a39f6d folded before Flop (didn't bet)
Seat 5: Hero folded before Flop (didn't bet)
Seat 3: 4eab7ee3(big blind) folded before Flop



Poker Hand #ring_830499163: NLH No Limit ($1/$2) - 2025/04/18 23:44:28
Table 'MR NLH 1/2' 7-max Seat #5 is the button
Seat 7: cd334fe ($216.7 in chips)
Seat 6: 41f3c510 ($136 in chips)
Seat 4: c9a39f6d ($319.33 in chips)
Seat 5: Hero ($163.25 in chips)
Seat 3: 4eab7ee3 ($818.17 in chips)
41f3c510: posts small blind $1
cd334fe: posts big blind $2
*** HOLE CARDS ***
Dealt to cd334fe 
Dealt to 41f3c510 
Dealt to c9a39f6d 
Dealt to Hero [7s Ah]
Dealt to 4eab7ee3 
4eab7ee3: folds
c9a39f6d: folds
Hero: raises $3 to $5
41f3c510: folds
cd334fe: folds
Uncalled bet ($3) returned to Hero
*** SHOWDOWN ***
Hero collected $5 from pot
*** SUMMARY ***
Total pot $5
Seat 7: cd334fe(big blind) folded before Flop
Seat 6: 41f3c510(small blind) folded before Flop
Seat 4: c9a39f6d folded before Flop (didn't bet)
Seat 5: Herowon ($5)
Seat 3: 4eab7ee3 folded before Flop (didn't bet)



Poker Hand #ring_830498147: NLH No Limit ($1/$2) - 2025/04/18 23:43:50
Table 'MR NLH 1/2' 7-max Seat #4 is the button
Seat 7: cd334fe ($196.45 in chips)
Seat 6: 41f3c510 ($138 in chips)
Seat 4: c9a39f6d ($319.33 in chips)
Seat 5: Hero ($164.25 in chips)
Seat 3: 4eab7ee3 ($835.42 in chips)
Hero: posts small blind $1
41f3c510: posts big blind $2
*** HOLE CARDS ***
Dealt to cd334fe 
Dealt to 41f3c510 
Dealt to c9a39f6d 
Dealt to Hero [3h 6d]
Dealt to 4eab7ee3 
cd334fe: raises $4 to $6
4eab7ee3: raises $11.25 to $17.25
c9a39f6d: folds
Hero: folds
41f3c510: folds
cd334fe: raises $39.55 to $56.8
4eab7ee3: folds
Uncalled bet ($39.55) returned to cd334fe
*** SHOWDOWN ***
cd334fe collected $37.5 from pot
*** SUMMARY ***
Total pot $37.5
Seat 7: cd334fewon ($37.5)
Seat 6: 41f3c510(big blind) folded before Flop
Seat 4: c9a39f6d folded before Flop (didn't bet)
Seat 5: Hero(small blind) folded before Flop
Seat 3: 4eab7ee3 folded before Flop



Poker Hand #ring_830497596: NLH No Limit ($1/$2) - 2025/04/18 23:43:31
Table 'MR NLH 1/2' 7-max Seat #3 is the button
Seat 7: cd334fe ($196.45 in chips)
Seat 6: 41f3c510 ($138 in chips)
Seat 4: c9a39f6d ($320.33 in chips)
Seat 5: Hero ($163.25 in chips)
Seat 3: 4eab7ee3 ($835.42 in chips)
c9a39f6d: posts small blind $1
Hero: posts big blind $2
*** HOLE CARDS ***
Dealt to cd334fe 
Dealt to 41f3c510 
Dealt to c9a39f6d 
Dealt to Hero [Tc Kh]
Dealt to 4eab7ee3 
41f3c510: folds
cd334fe: folds
4eab7ee3: folds
c9a39f6d: folds
*** SHOWDOWN ***
Hero collected $3 from pot
*** SUMMARY ***
Total pot $3
Seat 7: cd334fe folded before Flop (didn't bet)
Seat 6: 41f3c510 folded before Flop (didn't bet)
Seat 4: c9a39f6d(small blind) folded before Flop
Seat 5: Hero(big blind)won ($3)
Seat 3: 4eab7ee3 folded before Flop (didn't bet)



Poker Hand #ring_830496988: NLH No Limit ($1/$2) - 2025/04/18 23:43:07
Table 'MR NLH 1/2' 7-max Seat #0 is the button
Seat 7: cd334fe ($193.45 in chips)
Seat 6: 41f3c510 ($138 in chips)
Seat 4: c9a39f6d ($322.33 in chips)
Seat 5: Hero ($163.25 in chips)
Seat 3: 4eab7ee3 ($836.42 in chips)
4eab7ee3: posts small blind $1
c9a39f6d: posts big blind $2
*** HOLE CARDS ***
Dealt to cd334fe 
Dealt to 41f3c510 
Dealt to c9a39f6d 
Dealt to Hero [3c 8d]
Dealt to 4eab7ee3 
Hero: folds
41f3c510: folds
cd334fe: raises $3 to $5
4eab7ee3: folds
c9a39f6d: folds
Uncalled bet ($3) returned to cd334fe
*** SHOWDOWN ***
cd334fe collected $5 from pot
*** SUMMARY ***
Total pot $5
Seat 7: cd334fewon ($5)
Seat 6: 41f3c510 folded before Flop (didn't bet)
Seat 4: c9a39f6d(big blind) folded before Flop
Seat 5: Hero folded before Flop (didn't bet)
Seat 3: 4eab7ee3(small blind) folded before Flop



Poker Hand #ring_830496361: NLH No Limit ($1/$2) - 2025/04/18 23:42:45
Table 'MR NLH 1/2' 7-max Seat #7 is the button
Seat 7: cd334fe ($190.45 in chips)
Seat 1: 27e25776 ($250.74 in chips)
Seat 6: 41f3c510 ($138 in chips)
Seat 4: c9a39f6d ($322.33 in chips)
Seat 5: Hero ($163.25 in chips)
Seat 3: 4eab7ee3 ($838.42 in chips)
27e25776: posts small blind $1
4eab7ee3: posts big blind $2
*** HOLE CARDS ***
Dealt to cd334fe 
Dealt to 27e25776 
Dealt to 41f3c510 
Dealt to c9a39f6d 
Dealt to Hero [8s 3c]
Dealt to 4eab7ee3 
c9a39f6d: folds
Hero: folds
41f3c510: folds
cd334fe: raises $3 to $5
27e25776: folds
4eab7ee3: folds
Uncalled bet ($3) returned to cd334fe
*** SHOWDOWN ***
cd334fe collected $5 from pot
*** SUMMARY ***
Total pot $5
Seat 7: cd334fewon ($5)
Seat 1: 27e25776(small blind) folded before Flop
Seat 6: 41f3c510 folded before Flop (didn't bet)
Seat 4: c9a39f6d folded before Flop (didn't bet)
Seat 5: Hero folded before Flop (didn't bet)
Seat 3: 4eab7ee3(big blind) folded before Flop



Poker Hand #ring_830494770: NLH No Limit ($1/$2) - 2025/04/18 23:41:46
Table 'MR NLH 1/2' 7-max Seat #6 is the button
Seat 7: cd334fe ($191.45 in chips)
Seat 1: 27e25776 ($238.91 in chips)
Seat 6: 41f3c510 ($138 in chips)
Seat 4: c9a39f6d ($322.33 in chips)
Seat 5: Hero ($163.25 in chips)
Seat 3: 4eab7ee3 ($850.92 in chips)
cd334fe: posts small blind $1
27e25776: posts big blind $2
*** HOLE CARDS ***
Dealt to cd334fe 
Dealt to 27e25776 
Dealt to 41f3c510 
Dealt to c9a39f6d 
Dealt to Hero [6h 4s]
Dealt to 4eab7ee3 
4eab7ee3: raises $4 to $6
c9a39f6d: folds
Hero: folds
41f3c510: folds
cd334fe: folds
27e25776: calls $4
*** FLOP *** [Kd 7h 3d]
27e25776: checks
4eab7ee3: bets $6.5
27e25776: calls $6.5
*** TURN *** [Kd 7h 3d] [9c]
27e25776: checks
4eab7ee3: checks
*** RIVER *** [Kd 7h 3d 9c] [6d]
27e25776: checks
4eab7ee3: checks
27e25776: shows [8h Kc]
4eab7ee3: shows [9h 8s]
*** SHOWDOWN ***
27e25776 collected $26 from pot
*** SUMMARY ***
Total pot $26
Board [Kd 7h 3d 9c 6d]
Seat 7: cd334fe(small blind) folded before Flop
Seat 1: 27e25776(big blind) showed [8h Kc] and won ($26) with Pair of Kings
Seat 6: 41f3c510 folded before Flop (didn't bet)
Seat 4: c9a39f6d folded before Flop (didn't bet)
Seat 5: Hero folded before Flop (didn't bet)
Seat 3: 4eab7ee3 showed [9h 8s] and lost with Pair of Nines



Poker Hand #ring_830494224: NLH No Limit ($1/$2) - 2025/04/18 23:41:25
Table 'MR NLH 1/2' 7-max Seat #5 is the button
Seat 7: cd334fe ($193.45 in chips)
Seat 1: 27e25776 ($238.91 in chips)
Seat 6: 41f3c510 ($139 in chips)
Seat 4: c9a39f6d ($322.33 in chips)
Seat 5: Hero ($163.25 in chips)
Seat 3: 4eab7ee3 ($847.92 in chips)
41f3c510: posts small blind $1
cd334fe: posts big blind $2
*** HOLE CARDS ***
Dealt to cd334fe 
Dealt to 27e25776 
Dealt to 41f3c510 
Dealt to c9a39f6d 
Dealt to Hero [Ts 2d]
Dealt to 4eab7ee3 
27e25776: folds
4eab7ee3: raises $4 to $6
c9a39f6d: folds
Hero: folds
41f3c510: folds
cd334fe: folds
Uncalled bet ($4) returned to 4eab7ee3
*** SHOWDOWN ***
4eab7ee3 collected $5 from pot
*** SUMMARY ***
Total pot $5
Seat 7: cd334fe(big blind) folded before Flop
Seat 1: 27e25776 folded before Flop (didn't bet)
Seat 6: 41f3c510(small blind) folded before Flop
Seat 4: c9a39f6d folded before Flop (didn't bet)
Seat 5: Hero folded before Flop (didn't bet)
Seat 3: 4eab7ee3won ($5)



Poker Hand #ring_830493486: NLH No Limit ($1/$2) - 2025/04/18 23:40:58
Table 'MR NLH 1/2' 7-max Seat #4 is the button
Seat 7: cd334fe ($199.45 in chips)
Seat 1: 27e25776 ($238.91 in chips)
Seat 6: 41f3c510 ($141 in chips)
Seat 4: c9a39f6d ($322.33 in chips)
Seat 5: Hero ($164.25 in chips)
Seat 3: 4eab7ee3 ($838.92 in chips)
Hero: posts small blind $1
41f3c510: posts big blind $2
*** HOLE CARDS ***
Dealt to cd334fe 
Dealt to 27e25776 
Dealt to 41f3c510 
Dealt to c9a39f6d 
Dealt to Hero [9c Qh]
Dealt to 4eab7ee3 
cd334fe: raises $4 to $6
27e25776: folds
4eab7ee3: raises $11.25 to $17.25
c9a39f6d: folds
Hero: folds
41f3c510: folds
cd334fe: folds
Uncalled bet ($11.25) returned to 4eab7ee3
*** SHOWDOWN ***
4eab7ee3 collected $15 from pot
*** SUMMARY ***
Total pot $15
Seat 7: cd334fe folded before Flop
Seat 1: 27e25776 folded before Flop (didn't bet)
Seat 6: 41f3c510(big blind) folded before Flop
Seat 4: c9a39f6d folded before Flop (didn't bet)
Seat 5: Hero(small blind) folded before Flop
Seat 3: 4eab7ee3won ($15)



Poker Hand #ring_830492320: NLH No Limit ($1/$2) - 2025/04/18 23:40:13
Table 'MR NLH 1/2' 7-max Seat #3 is the button
Seat 7: cd334fe ($199.45 in chips)
Seat 1: 27e25776 ($238.91 in chips)
Seat 6: 41f3c510 ($141 in chips)
Seat 4: c9a39f6d ($323.33 in chips)
Seat 5: Hero ($172.55 in chips)
Seat 3: 4eab7ee3 ($830.41 in chips)
c9a39f6d: posts small blind $1
Hero: posts big blind $2
*** HOLE CARDS ***
Dealt to cd334fe 
Dealt to 27e25776 
Dealt to 41f3c510 
Dealt to c9a39f6d 
Dealt to Hero [Kh Jh]
Dealt to 4eab7ee3 
41f3c510: folds
cd334fe: folds
27e25776: folds
4eab7ee3: raises $3 to $5
c9a39f6d: folds
Hero: calls $3
*** FLOP *** [Tc 2c 7c]
Hero: bets $3.3
4eab7ee3: raises $8.8 to $12.1
Hero: folds
Uncalled bet ($8.8) returned to 4eab7ee3
*** SHOWDOWN ***
4eab7ee3 collected $17.6 from pot
*** SUMMARY ***
Total pot $17.6
Board [Tc 2c 7c]
Seat 7: cd334fe folded before Flop (didn't bet)
Seat 1: 27e25776 folded before Flop (didn't bet)
Seat 6: 41f3c510 folded before Flop (didn't bet)
Seat 4: c9a39f6d(small blind) folded before Flop
Seat 5: Hero(big blind) folded on the Flop
Seat 3: 4eab7ee3won ($17.6) with Pair of Tens and Pair of Sevens



Poker Hand #ring_830491403: NLH No Limit ($1/$2) - 2025/04/18 23:39:38
Table 'MR NLH 1/2' 7-max Seat #1 is the button
Seat 7: cd334fe ($199.45 in chips)
Seat 1: 27e25776 ($238.91 in chips)
Seat 6: 41f3c510 ($132 in chips)
Seat 4: c9a39f6d ($325.33 in chips)
Seat 5: Hero ($178.55 in chips)
Seat 3: 4eab7ee3 ($831.41 in chips)
4eab7ee3: posts small blind $1
c9a39f6d: posts big blind $2
*** HOLE CARDS ***
Dealt to cd334fe 
Dealt to 27e25776 
Dealt to 41f3c510 
Dealt to c9a39f6d 
Dealt to Hero [Jd As]
Dealt to 4eab7ee3 
Hero: raises $4 to $6
41f3c510: raises $13.5 to $19.5
cd334fe: folds
27e25776: folds
4eab7ee3: folds
c9a39f6d: folds
Hero: folds
Uncalled bet ($13.5) returned to 41f3c510
*** SHOWDOWN ***
41f3c510 collected $15 from pot
*** SUMMARY ***
Total pot $15
Seat 7: cd334fe folded before Flop (didn't bet)
Seat 1: 27e25776 folded before Flop (didn't bet)
Seat 6: 41f3c510won ($15)
Seat 4: c9a39f6d(big blind) folded before Flop
Seat 5: Hero folded before Flop
Seat 3: 4eab7ee3(small blind) folded before Flop



Poker Hand #ring_830490190: NLH No Limit ($1/$2) - 2025/04/18 23:38:51
Table 'MR NLH 1/2' 7-max Seat #7 is the button
Seat 7: cd334fe ($191.72 in chips)
Seat 1: 27e25776 ($239.91 in chips)
Seat 6: 41f3c510 ($132 in chips)
Seat 4: c9a39f6d ($325.33 in chips)
Seat 5: Hero ($178.55 in chips)
Seat 3: 4eab7ee3 ($838.85 in chips)
27e25776: posts small blind $1
4eab7ee3: posts big blind $2
*** HOLE CARDS ***
Dealt to cd334fe 
Dealt to 27e25776 
Dealt to 41f3c510 
Dealt to c9a39f6d 
Dealt to Hero [4h Ts]
Dealt to 4eab7ee3 
c9a39f6d: folds
Hero: folds
41f3c510: folds
cd334fe: raises $3 to $5
27e25776: folds
4eab7ee3: calls $3
*** FLOP *** [4s 3d 3s]
4eab7ee3: bets $2.44
cd334fe: raises $11.76 to $14.2
4eab7ee3: folds
Uncalled bet ($11.76) returned to cd334fe
*** SHOWDOWN ***
cd334fe collected $15.88 from pot
*** SUMMARY ***
Total pot $15.88
Board [4s 3d 3s]
Seat 7: cd334fewon ($15.88) with Pair of Treys
Seat 1: 27e25776(small blind) folded before Flop
Seat 6: 41f3c510 folded before Flop (didn't bet)
Seat 4: c9a39f6d folded before Flop (didn't bet)
Seat 5: Hero folded before Flop (didn't bet)
Seat 3: 4eab7ee3(big blind) folded on the Flop



Poker Hand #ring_830489754: NLH No Limit ($1/$2) - 2025/04/18 23:38:35
Table 'MR NLH 1/2' 7-max Seat #6 is the button
Seat 7: cd334fe ($192.72 in chips)
Seat 1: 27e25776 ($241.91 in chips)
Seat 6: 41f3c510 ($132 in chips)
Seat 4: c9a39f6d ($325.33 in chips)
Seat 5: Hero ($178.55 in chips)
Seat 3: 4eab7ee3 ($835.85 in chips)
cd334fe: posts small blind $1
27e25776: posts big blind $2
*** HOLE CARDS ***
Dealt to cd334fe 
Dealt to 27e25776 
Dealt to 41f3c510 
Dealt to c9a39f6d 
Dealt to Hero [2d Jd]
Dealt to 4eab7ee3 
4eab7ee3: raises $4 to $6
c9a39f6d: folds
Hero: folds
41f3c510: folds
cd334fe: folds
27e25776: folds
Uncalled bet ($4) returned to 4eab7ee3
*** SHOWDOWN ***
4eab7ee3 collected $5 from pot
*** SUMMARY ***
Total pot $5
Seat 7: cd334fe(small blind) folded before Flop
Seat 1: 27e25776(big blind) folded before Flop
Seat 6: 41f3c510 folded before Flop (didn't bet)
Seat 4: c9a39f6d folded before Flop (didn't bet)
Seat 5: Hero folded before Flop (didn't bet)
Seat 3: 4eab7ee3won ($5)



Poker Hand #ring_830488721: NLH No Limit ($1/$2) - 2025/04/18 23:37:56
Table 'MR NLH 1/2' 7-max Seat #5 is the button
Seat 7: cd334fe ($194.72 in chips)
Seat 1: 27e25776 ($241.91 in chips)
Seat 6: 41f3c510 ($124 in chips)
Seat 4: c9a39f6d ($325.33 in chips)
Seat 5: Hero ($178.55 in chips)
Seat 3: 4eab7ee3 ($841.85 in chips)
41f3c510: posts small blind $1
cd334fe: posts big blind $2
*** HOLE CARDS ***
Dealt to cd334fe 
Dealt to 27e25776 
Dealt to 41f3c510 
Dealt to c9a39f6d 
Dealt to Hero [7h Kc]
Dealt to 4eab7ee3 
27e25776: folds
4eab7ee3: raises $4 to $6
c9a39f6d: folds
Hero: folds
41f3c510: raises $12.6 to $18.6
cd334fe: folds
4eab7ee3: folds
Uncalled bet ($12.6) returned to 41f3c510
*** SHOWDOWN ***
41f3c510 collected $14 from pot
*** SUMMARY ***
Total pot $14
Seat 7: cd334fe(big blind) folded before Flop
Seat 1: 27e25776 folded before Flop (didn't bet)
Seat 6: 41f3c510(small blind)won ($14)
Seat 4: c9a39f6d folded before Flop (didn't bet)
Seat 5: Hero folded before Flop (didn't bet)
Seat 3: 4eab7ee3 folded before Flop



Poker Hand #ring_830488165: NLH No Limit ($1/$2) - 2025/04/18 23:37:35
Table 'MR NLH 1/2' 7-max Seat #4 is the button
Seat 7: cd334fe ($194.72 in chips)
Seat 1: 27e25776 ($241.91 in chips)
Seat 6: 41f3c510 ($123 in chips)
Seat 4: c9a39f6d ($325.33 in chips)
Seat 5: Hero ($179.55 in chips)
Seat 3: 4eab7ee3 ($841.85 in chips)
Hero: posts small blind $1
41f3c510: posts big blind $2
*** HOLE CARDS ***
Dealt to cd334fe 
Dealt to 27e25776 
Dealt to 41f3c510 
Dealt to c9a39f6d 
Dealt to Hero [4s Tc]
Dealt to 4eab7ee3 
cd334fe: folds
27e25776: folds
4eab7ee3: folds
c9a39f6d: folds
Hero: folds
*** SHOWDOWN ***
41f3c510 collected $3 from pot
*** SUMMARY ***
Total pot $3
Seat 7: cd334fe folded before Flop (didn't bet)
Seat 1: 27e25776 folded before Flop (didn't bet)
Seat 6: 41f3c510(big blind)won ($3)
Seat 4: c9a39f6d folded before Flop (didn't bet)
Seat 5: Hero(small blind) folded before Flop
Seat 3: 4eab7ee3 folded before Flop (didn't bet)



Poker Hand #ring_830487217: NLH No Limit ($1/$2) - 2025/04/18 23:36:59
Table 'MR NLH 1/2' 7-max Seat #3 is the button
Seat 7: cd334fe ($194.72 in chips)
Seat 1: 27e25776 ($241.91 in chips)
Seat 6: 41f3c510 ($123 in chips)
Seat 4: c9a39f6d ($326.33 in chips)
Seat 5: Hero ($181.55 in chips)
Seat 3: 4eab7ee3 ($838.85 in chips)
c9a39f6d: posts small blind $1
Hero: posts big blind $2
*** HOLE CARDS ***
Dealt to cd334fe 
Dealt to 27e25776 
Dealt to 41f3c510 
Dealt to c9a39f6d 
Dealt to Hero [2d Jh]
Dealt to 4eab7ee3 
41f3c510: folds
cd334fe: folds
27e25776: folds
4eab7ee3: raises $3 to $5
c9a39f6d: folds
Hero: folds
Uncalled bet ($3) returned to 4eab7ee3
*** SHOWDOWN ***
4eab7ee3 collected $5 from pot
*** SUMMARY ***
Total pot $5
Seat 7: cd334fe folded before Flop (didn't bet)
Seat 1: 27e25776 folded before Flop (didn't bet)
Seat 6: 41f3c510 folded before Flop (didn't bet)
Seat 4: c9a39f6d(small blind) folded before Flop
Seat 5: Hero(big blind) folded before Flop
Seat 3: 4eab7ee3won ($5)



Poker Hand #ring_830485505: NLH No Limit ($1/$2) - 2025/04/18 23:35:55
Table 'MR NLH 1/2' 7-max Seat #1 is the button
Seat 7: cd334fe ($200.72 in chips)
Seat 1: 27e25776 ($233.58 in chips)
Seat 6: 41f3c510 ($123 in chips)
Seat 4: c9a39f6d ($328.33 in chips)
Seat 5: Hero ($181.55 in chips)
Seat 3: 4eab7ee3 ($839.85 in chips)
4eab7ee3: posts small blind $1
c9a39f6d: posts big blind $2
*** HOLE CARDS ***
Dealt to cd334fe 
Dealt to 27e25776 
Dealt to 41f3c510 
Dealt to c9a39f6d 
Dealt to Hero [7s 9d]
Dealt to 4eab7ee3 
Hero: folds
41f3c510: folds
cd334fe: raises $4 to $6
27e25776: calls $6
4eab7ee3: folds
c9a39f6d: folds
*** FLOP *** [8c 4h As]
cd334fe: checks
27e25776: checks
*** TURN *** [8c 4h As] [5s]
cd334fe: checks
27e25776: bets $7.5
cd334fe: folds
Uncalled bet ($7.5) returned to 27e25776
*** SHOWDOWN ***
27e25776 collected $15 from pot
*** SUMMARY ***
Total pot $15
Board [8c 4h As 5s]
Seat 7: cd334fe folded on the Turn
Seat 1: 27e25776won ($15) with Three Eights
Seat 6: 41f3c510 folded before Flop (didn't bet)
Seat 4: c9a39f6d(big blind) folded before Flop
Seat 5: Hero folded before Flop (didn't bet)
Seat 3: 4eab7ee3(small blind) folded before Flop



Poker Hand #ring_830484386: NLH No Limit ($1/$2) - 2025/04/18 23:35:15
Table 'MR NLH 1/2' 7-max Seat #7 is the button
Seat 7: cd334fe ($206.72 in chips)
Seat 1: 27e25776 ($219.58 in chips)
Seat 6: 41f3c510 ($129 in chips)
Seat 4: c9a39f6d ($328.33 in chips)
Seat 5: Hero ($181.55 in chips)
Seat 3: 4eab7ee3 ($841.85 in chips)
27e25776: posts small blind $1
4eab7ee3: posts big blind $2
*** HOLE CARDS ***
Dealt to cd334fe 
Dealt to 27e25776 
Dealt to 41f3c510 
Dealt to c9a39f6d 
Dealt to Hero [Jh 2d]
Dealt to 4eab7ee3 
c9a39f6d: folds
Hero: folds
41f3c510: raises $4 to $6
cd334fe: calls $6
27e25776: raises $21 to $27
4eab7ee3: folds
41f3c510: folds
cd334fe: folds
Uncalled bet ($21) returned to 27e25776
*** SHOWDOWN ***
27e25776 collected $20 from pot
*** SUMMARY ***
Total pot $20
Seat 7: cd334fe folded before Flop
Seat 1: 27e25776(small blind)won ($20)
Seat 6: 41f3c510 folded before Flop
Seat 4: c9a39f6d folded before Flop (didn't bet)
Seat 5: Hero folded before Flop (didn't bet)
Seat 3: 4eab7ee3(big blind) folded before Flop



Poker Hand #ring_830481792: NLH No Limit ($1/$2) - 2025/04/18 23:33:37
Table 'MR NLH 1/2' 7-max Seat #6 is the button
Seat 7: cd334fe ($207.72 in chips)
Seat 1: 27e25776 ($314.62 in chips)
Seat 6: 41f3c510 ($129 in chips)
Seat 4: c9a39f6d ($328.33 in chips)
Seat 5: Hero ($187.55 in chips)
Seat 3: 4eab7ee3 ($749.17 in chips)
cd334fe: posts small blind $1
27e25776: posts big blind $2
*** HOLE CARDS ***
Dealt to cd334fe 
Dealt to 27e25776 
Dealt to 41f3c510 
Dealt to c9a39f6d 
Dealt to Hero [5h Ah]
Dealt to 4eab7ee3 
4eab7ee3: raises $4 to $6
c9a39f6d: folds
Hero: calls $6
41f3c510: folds
cd334fe: folds
27e25776: calls $4
*** FLOP *** [2s 9d Ts]
27e25776: checks
4eab7ee3: bets $6.27
Hero: folds
27e25776: calls $6.27
*** TURN *** [2s 9d Ts] [5c]
27e25776: checks
4eab7ee3: bets $23.65
27e25776: calls $23.65
*** RIVER *** [2s 9d Ts 5c] [5s]
27e25776: checks
4eab7ee3: bets $59.12
27e25776: calls $59.12
27e25776: shows [9h Kd]
4eab7ee3: shows [As 8s]
*** SHOWDOWN ***
4eab7ee3 collected $197.08 from pot
*** SUMMARY ***
Total pot $197.08
Board [2s 9d Ts 5c 5s]
Seat 7: cd334fe(small blind) folded before Flop
Seat 1: 27e25776(big blind) showed [9h Kd] and lost with Pair of Nines and Pair of Fives
Seat 6: 41f3c510 folded before Flop (didn't bet)
Seat 4: c9a39f6d folded before Flop (didn't bet)
Seat 5: Hero folded on the Flop
Seat 3: 4eab7ee3 showed [As 8s] and won ($197.08) with Ace High Flush



Poker Hand #ring_830480859: NLH No Limit ($1/$2) - 2025/04/18 23:33:03
Table 'MR NLH 1/2' 7-max Seat #5 is the button
Seat 7: cd334fe ($206.72 in chips)
Seat 1: 27e25776 ($314.62 in chips)
Seat 6: 41f3c510 ($130 in chips)
Seat 4: c9a39f6d ($328.33 in chips)
Seat 5: Hero ($187.55 in chips)
Seat 3: 4eab7ee3 ($749.17 in chips)
41f3c510: posts small blind $1
cd334fe: posts big blind $2
*** HOLE CARDS ***
Dealt to cd334fe 
Dealt to 27e25776 
Dealt to 41f3c510 
Dealt to c9a39f6d 
Dealt to Hero [Ts 5c]
Dealt to 4eab7ee3 
27e25776: folds
4eab7ee3: folds
c9a39f6d: folds
Hero: folds
41f3c510: folds
*** SHOWDOWN ***
cd334fe collected $3 from pot
*** SUMMARY ***
Total pot $3
Seat 7: cd334fe(big blind)won ($3)
Seat 1: 27e25776 folded before Flop (didn't bet)
Seat 6: 41f3c510(small blind) folded before Flop
Seat 4: c9a39f6d folded before Flop (didn't bet)
Seat 5: Hero folded before Flop (didn't bet)
Seat 3: 4eab7ee3 folded before Flop (didn't bet)



Poker Hand #ring_830480172: NLH No Limit ($1/$2) - 2025/04/18 23:32:37
Table 'MR NLH 1/2' 7-max Seat #4 is the button
Seat 7: cd334fe ($206.72 in chips)
Seat 1: 27e25776 ($314.62 in chips)
Seat 6: 41f3c510 ($128 in chips)
Seat 4: c9a39f6d ($328.33 in chips)
Seat 5: Hero ($189.55 in chips)
Seat 3: 4eab7ee3 ($749.17 in chips)
Hero: posts small blind $1
41f3c510: posts big blind $2
*** HOLE CARDS ***
Dealt to cd334fe 
Dealt to 27e25776 
Dealt to 41f3c510 
Dealt to c9a39f6d 
Dealt to Hero [6c Qh]
Dealt to 4eab7ee3 
cd334fe: folds
27e25776: folds
4eab7ee3: folds
c9a39f6d: folds
Hero: calls $1
41f3c510: raises $4 to $6
Hero: folds
Uncalled bet ($4) returned to 41f3c510
*** SHOWDOWN ***
41f3c510 collected $4 from pot
*** SUMMARY ***
Total pot $4
Seat 7: cd334fe folded before Flop (didn't bet)
Seat 1: 27e25776 folded before Flop (didn't bet)
Seat 6: 41f3c510(big blind)won ($4)
Seat 4: c9a39f6d folded before Flop (didn't bet)
Seat 5: Hero(small blind) folded before Flop
Seat 3: 4eab7ee3 folded before Flop (didn't bet)



Poker Hand #ring_830479330: NLH No Limit ($1/$2) - 2025/04/18 23:32:06
Table 'MR NLH 1/2' 7-max Seat #3 is the button
Seat 7: cd334fe ($206.72 in chips)
Seat 1: 27e25776 ($319.62 in chips)
Seat 4: c9a39f6d ($329.33 in chips)
Seat 5: Hero ($191.55 in chips)
Seat 3: 4eab7ee3 ($741.17 in chips)
c9a39f6d: posts small blind $1
Hero: posts big blind $2
*** HOLE CARDS ***
Dealt to cd334fe 
Dealt to 27e25776 
Dealt to c9a39f6d 
Dealt to Hero [Th 3d]
Dealt to 4eab7ee3 
cd334fe: folds
27e25776: raises $3 to $5
4eab7ee3: raises $9.75 to $14.75
c9a39f6d: folds
Hero: folds
27e25776: folds
Uncalled bet ($9.75) returned to 4eab7ee3
*** SHOWDOWN ***
4eab7ee3 collected $13 from pot
*** SUMMARY ***
Total pot $13
Seat 7: cd334fe folded before Flop (didn't bet)
Seat 1: 27e25776 folded before Flop
Seat 4: c9a39f6d(small blind) folded before Flop
Seat 5: Hero(big blind) folded before Flop
Seat 3: 4eab7ee3won ($13)



Poker Hand #ring_830478488: NLH No Limit ($1/$2) - 2025/04/18 23:31:34
Table 'MR NLH 1/2' 7-max Seat #1 is the button
Seat 7: cd334fe ($206.72 in chips)
Seat 1: 27e25776 ($319.62 in chips)
Seat 4: c9a39f6d ($331.33 in chips)
Seat 5: Hero ($191.55 in chips)
Seat 3: 4eab7ee3 ($739.17 in chips)
4eab7ee3: posts small blind $1
c9a39f6d: posts big blind $2
*** HOLE CARDS ***
Dealt to cd334fe 
Dealt to 27e25776 
Dealt to c9a39f6d 
Dealt to Hero [6d 4h]
Dealt to 4eab7ee3 
Hero: folds
cd334fe: folds
27e25776: folds
4eab7ee3: raises $4 to $6
c9a39f6d: folds
Uncalled bet ($4) returned to 4eab7ee3
*** SHOWDOWN ***
4eab7ee3 collected $4 from pot
*** SUMMARY ***
Total pot $4
Seat 7: cd334fe folded before Flop (didn't bet)
Seat 1: 27e25776 folded before Flop (didn't bet)
Seat 4: c9a39f6d(big blind) folded before Flop
Seat 5: Hero folded before Flop (didn't bet)
Seat 3: 4eab7ee3(small blind)won ($4)



Poker Hand #ring_830476034: NLH No Limit ($1/$2) - 2025/04/18 23:30:03
Table 'MR NLH 1/2' 7-max Seat #7 is the button
Seat 7: cd334fe ($302.02 in chips)
Seat 1: 27e25776 ($329.72 in chips)
Seat 4: c9a39f6d ($331.33 in chips)
Seat 5: Hero ($191.55 in chips)
Seat 3: 4eab7ee3 ($643.3 in chips)
27e25776: posts small blind $1
4eab7ee3: posts big blind $2
*** HOLE CARDS ***
Dealt to cd334fe 
Dealt to 27e25776 
Dealt to c9a39f6d 
Dealt to Hero [4s Tc]
Dealt to 4eab7ee3 
c9a39f6d: folds
Hero: folds
cd334fe: raises $3 to $5
27e25776: calls $4
4eab7ee3: calls $3
*** FLOP *** [9s Qc 8s]
27e25776: checks
4eab7ee3: checks
cd334fe: bets $5.1
27e25776: calls $5.1
4eab7ee3: raises $18.3 to $23.4
cd334fe: calls $18.3
27e25776: folds
*** TURN *** [9s Qc 8s] [4c]
4eab7ee3: bets $66.9
cd334fe: calls $66.9
*** RIVER *** [9s Qc 8s 4c] [Jc]
4eab7ee3: checks
cd334fe: checks
4eab7ee3: shows [8h Qd]
cd334fe: shows [As Ac]
*** SHOWDOWN ***
4eab7ee3 collected $200.7 from pot
*** SUMMARY ***
Total pot $200.7
Board [9s Qc 8s 4c Jc]
Seat 7: cd334fe showed [As Ac] and lost with Pair of Aces
Seat 1: 27e25776(small blind) folded on the Flop
Seat 4: c9a39f6d folded before Flop (didn't bet)
Seat 5: Hero folded before Flop (didn't bet)
Seat 3: 4eab7ee3(big blind) showed [8h Qd] and won ($200.7) with Pair of Queens and Pair of Eights



Poker Hand #ring_830475485: NLH No Limit ($1/$2) - 2025/04/18 23:29:42
Table 'MR NLH 1/2' 7-max Seat #5 is the button
Seat 7: cd334fe ($300.02 in chips)
Seat 1: 27e25776 ($331.72 in chips)
Seat 4: c9a39f6d ($331.33 in chips)
Seat 5: Hero ($191.55 in chips)
Seat 3: 4eab7ee3 ($643.3 in chips)
cd334fe: posts small blind $1
27e25776: posts big blind $2
*** HOLE CARDS ***
Dealt to cd334fe 
Dealt to 27e25776 
Dealt to c9a39f6d 
Dealt to Hero [8s 4d]
Dealt to 4eab7ee3 
4eab7ee3: folds
c9a39f6d: folds
Hero: folds
cd334fe: raises $6 to $8
27e25776: folds
Uncalled bet ($6) returned to cd334fe
*** SHOWDOWN ***
cd334fe collected $4 from pot
*** SUMMARY ***
Total pot $4
Seat 7: cd334fe(small blind)won ($4)
Seat 1: 27e25776(big blind) folded before Flop
Seat 4: c9a39f6d folded before Flop (didn't bet)
Seat 5: Hero folded before Flop (didn't bet)
Seat 3: 4eab7ee3 folded before Flop (didn't bet)



Poker Hand #ring_830474422: NLH No Limit ($1/$2) - 2025/04/18 23:29:02
Table 'MR NLH 1/2' 7-max Seat #4 is the button
Seat 7: cd334fe ($302.02 in chips)
Seat 1: 27e25776 ($331.72 in chips)
Seat 4: c9a39f6d ($331.33 in chips)
Seat 5: Hero ($197.55 in chips)
Seat 3: 4eab7ee3 ($635.93 in chips)
Hero: posts small blind $1
cd334fe: posts big blind $2
*** HOLE CARDS ***
Dealt to cd334fe 
Dealt to 27e25776 
Dealt to c9a39f6d 
Dealt to Hero [7s Ts]
Dealt to 4eab7ee3 
27e25776: folds
4eab7ee3: raises $4 to $6
c9a39f6d: folds
Hero: calls $5
cd334fe: folds
*** FLOP *** [Qc Kd 4d]
Hero: checks
4eab7ee3: bets $6
Hero: folds
Uncalled bet ($6) returned to 4eab7ee3
*** SHOWDOWN ***
4eab7ee3 collected $14 from pot
*** SUMMARY ***
Total pot $14
Board [Qc Kd 4d]
Seat 7: cd334fe(big blind) folded before Flop
Seat 1: 27e25776 folded before Flop (didn't bet)
Seat 4: c9a39f6d folded before Flop (didn't bet)
Seat 5: Hero(small blind) folded on the Flop
Seat 3: 4eab7ee3won ($14) with King-High



Poker Hand #ring_830473546: NLH No Limit ($1/$2) - 2025/04/18 23:28:29
Table 'MR NLH 1/2' 7-max Seat #3 is the button
Seat 7: cd334fe ($295.6 in chips)
Seat 1: 27e25776 ($331.72 in chips)
Seat 4: c9a39f6d ($332.33 in chips)
Seat 5: Hero ($203.55 in chips)
Seat 3: 4eab7ee3 ($635.93 in chips)
c9a39f6d: posts small blind $1
Hero: posts big blind $2
*** HOLE CARDS ***
Dealt to cd334fe 
Dealt to 27e25776 
Dealt to c9a39f6d 
Dealt to Hero [Kc Th]
Dealt to 4eab7ee3 
cd334fe: raises $4 to $6
27e25776: folds
4eab7ee3: folds
c9a39f6d: folds
Hero: calls $4
*** FLOP *** [Jd Js 4c]
Hero: checks
cd334fe: bets $4.42
Hero: folds
Uncalled bet ($4.42) returned to cd334fe
*** SHOWDOWN ***
cd334fe collected $13 from pot
*** SUMMARY ***
Total pot $13
Board [Jd Js 4c]
Seat 7: cd334fewon ($13) with Pair of Jacks
Seat 1: 27e25776 folded before Flop (didn't bet)
Seat 4: c9a39f6d(small blind) folded before Flop
Seat 5: Hero(big blind) folded on the Flop
Seat 3: 4eab7ee3 folded before Flop (didn't bet)



Poker Hand #ring_830472490: NLH No Limit ($1/$2) - 2025/04/18 23:27:49
Table 'MR NLH 1/2' 7-max Seat #1 is the button
Seat 6: bbaa243 ($368.27 in chips)
Seat 7: cd334fe ($295.6 in chips)
Seat 1: 27e25776 ($328.72 in chips)
Seat 4: c9a39f6d ($334.33 in chips)
Seat 5: Hero ($203.55 in chips)
Seat 3: 4eab7ee3 ($636.93 in chips)
4eab7ee3: posts small blind $1
c9a39f6d: posts big blind $2
*** HOLE CARDS ***
Dealt to bbaa243 
Dealt to cd334fe 
Dealt to 27e25776 
Dealt to c9a39f6d 
Dealt to Hero [Kc 2d]
Dealt to 4eab7ee3 
Hero: folds
bbaa243: folds
cd334fe: folds
27e25776: raises $3 to $5
4eab7ee3: folds
c9a39f6d: folds
Uncalled bet ($3) returned to 27e25776
*** SHOWDOWN ***
27e25776 collected $5 from pot
*** SUMMARY ***
Total pot $5
Seat 6: bbaa243 folded before Flop (didn't bet)
Seat 7: cd334fe folded before Flop (didn't bet)
Seat 1: 27e25776won ($5)
Seat 4: c9a39f6d(big blind) folded before Flop
Seat 5: Hero folded before Flop (didn't bet)
Seat 3: 4eab7ee3(small blind) folded before Flop



Poker Hand #ring_830471485: NLH No Limit ($1/$2) - 2025/04/18 23:27:12
Table 'MR NLH 1/2' 7-max Seat #7 is the button
Seat 6: bbaa243 ($368.27 in chips)
Seat 7: cd334fe ($295.6 in chips)
Seat 1: 27e25776 ($329.72 in chips)
Seat 4: c9a39f6d ($334.33 in chips)
Seat 5: Hero ($200.55 in chips)
Seat 3: 4eab7ee3 ($638.93 in chips)
27e25776: posts small blind $1
4eab7ee3: posts big blind $2
*** HOLE CARDS ***
Dealt to bbaa243 
Dealt to cd334fe 
Dealt to 27e25776 
Dealt to c9a39f6d 
Dealt to Hero [4d 4h]
Dealt to 4eab7ee3 
c9a39f6d: folds
Hero: raises $4 to $6
bbaa243: folds
cd334fe: folds
27e25776: folds
4eab7ee3: folds
Uncalled bet ($4) returned to Hero
*** SHOWDOWN ***
Hero collected $5 from pot
*** SUMMARY ***
Total pot $5
Seat 6: bbaa243 folded before Flop (didn't bet)
Seat 7: cd334fe folded before Flop (didn't bet)
Seat 1: 27e25776(small blind) folded before Flop
Seat 4: c9a39f6d folded before Flop (didn't bet)
Seat 5: Herowon ($5)
Seat 3: 4eab7ee3(big blind) folded before Flop



Poker Hand #ring_830470468: NLH No Limit ($1/$2) - 2025/04/18 23:26:33
Table 'MR NLH 1/2' 7-max Seat #6 is the button
Seat 6: bbaa243 ($368.27 in chips)
Seat 7: cd334fe ($293.6 in chips)
Seat 1: 27e25776 ($331.72 in chips)
Seat 4: c9a39f6d ($334.33 in chips)
Seat 5: Hero ($200.55 in chips)
Seat 3: 4eab7ee3 ($638.93 in chips)
cd334fe: posts small blind $1
27e25776: posts big blind $2
*** HOLE CARDS ***
Dealt to bbaa243 
Dealt to cd334fe 
Dealt to 27e25776 
Dealt to c9a39f6d 
Dealt to Hero [8h 3s]
Dealt to 4eab7ee3 
4eab7ee3: folds
c9a39f6d: folds
Hero: folds
bbaa243: folds
cd334fe: raises $6 to $8
27e25776: folds
Uncalled bet ($6) returned to cd334fe
*** SHOWDOWN ***
cd334fe collected $4 from pot
*** SUMMARY ***
Total pot $4
Seat 6: bbaa243 folded before Flop (didn't bet)
Seat 7: cd334fe(small blind)won ($4)
Seat 1: 27e25776(big blind) folded before Flop
Seat 4: c9a39f6d folded before Flop (didn't bet)
Seat 5: Hero folded before Flop (didn't bet)
Seat 3: 4eab7ee3 folded before Flop (didn't bet)



Poker Hand #ring_830467710: NLH No Limit ($1/$2) - 2025/04/18 23:24:48
Table 'MR NLH 1/2' 7-max Seat #5 is the button
Seat 6: bbaa243 ($369.27 in chips)
Seat 2: c7735c19 ($84.35 in chips)
Seat 7: cd334fe ($295.6 in chips)
Seat 1: 27e25776 ($336.72 in chips)
Seat 4: c9a39f6d ($334.33 in chips)
Seat 5: Hero ($98.55 in chips)
Seat 3: 4eab7ee3 ($555.03 in chips)
bbaa243: posts small blind $1
cd334fe: posts big blind $2
*** HOLE CARDS ***
Dealt to bbaa243 
Dealt to c7735c19 
Dealt to cd334fe 
Dealt to 27e25776 
Dealt to c9a39f6d 
Dealt to Hero [3h 9h]
Dealt to 4eab7ee3 
27e25776: raises $3 to $5
c7735c19: calls $5
4eab7ee3: raises $18 to $23
c9a39f6d: folds
Hero: folds
bbaa243: folds
cd334fe: folds
27e25776: folds
c7735c19: calls $18
*** FLOP *** [Jd Jh Jc]
c7735c19: checks
4eab7ee3: checks
*** TURN *** [Jd Jh Jc] [2c]
c7735c19: checks
4eab7ee3: bets $17.82
c7735c19: calls $17.82
*** RIVER *** [Jd Jh Jc 2c] [Ah]
c7735c19: bets $43.53 and is all-in
4eab7ee3: calls $43.53
c7735c19: shows [3d Ad]
4eab7ee3: shows [Js 9s]
*** SHOWDOWN ***
4eab7ee3 collected $176.7 from pot
*** SUMMARY ***
Total pot $176.7
Board [Jd Jh Jc 2c Ah]
Seat 6: bbaa243(small blind) folded before Flop
Seat 2: c7735c19 showed [3d Ad] and lost with Jacks Full over Aces
Seat 7: cd334fe(big blind) folded before Flop
Seat 1: 27e25776 folded before Flop
Seat 4: c9a39f6d folded before Flop (didn't bet)
Seat 5: Hero folded before Flop (didn't bet)
Seat 3: 4eab7ee3 showed [Js 9s] and won ($176.7) with Four Jacks



Poker Hand #ring_830465919: NLH No Limit ($1/$2) - 2025/04/18 23:23:41
Table 'MR NLH 1/2' 7-max Seat #4 is the button
Seat 6: bbaa243 ($344.34 in chips)
Seat 2: c7735c19 ($84.35 in chips)
Seat 7: cd334fe ($295.6 in chips)
Seat 1: 27e25776 ($363.61 in chips)
Seat 4: c9a39f6d ($334.33 in chips)
Seat 5: Hero ($99.55 in chips)
Seat 3: 4eab7ee3 ($555.03 in chips)
Hero: posts small blind $1
bbaa243: posts big blind $2
*** HOLE CARDS ***
Dealt to bbaa243 
Dealt to c7735c19 
Dealt to cd334fe 
Dealt to 27e25776 
Dealt to c9a39f6d 
Dealt to Hero [Tc 4c]
Dealt to 4eab7ee3 
cd334fe: folds
27e25776: raises $3 to $5
c7735c19: folds
4eab7ee3: folds
c9a39f6d: folds
Hero: folds
bbaa243: calls $3
*** FLOP *** [3h 9c 8s]
bbaa243: checks
27e25776: bets $5.5
bbaa243: calls $5.5
*** TURN *** [3h 9c 8s] [Td]
bbaa243: checks
27e25776: bets $16.39
bbaa243: calls $16.39
*** RIVER *** [3h 9c 8s Td] [Qh]
bbaa243: checks
27e25776: checks
27e25776: shows [9d 9s]
bbaa243: shows [8d Jd]
*** SHOWDOWN ***
bbaa243 collected $54.78 from pot
*** SUMMARY ***
Total pot $54.78
Board [3h 9c 8s Td Qh]
Seat 6: bbaa243(big blind) showed [8d Jd] and won ($54.78) with Queens-High Straight
Seat 2: c7735c19 folded before Flop (didn't bet)
Seat 7: cd334fe folded before Flop (didn't bet)
Seat 1: 27e25776 showed [9d 9s] and lost with Three Nines
Seat 4: c9a39f6d folded before Flop (didn't bet)
Seat 5: Hero(small blind) folded before Flop
Seat 3: 4eab7ee3 folded before Flop (didn't bet)



Poker Hand #ring_830464993: NLH No Limit ($1/$2) - 2025/04/18 23:23:04
Table 'MR NLH 1/2' 7-max Seat #3 is the button
Seat 6: bbaa243 ($344.34 in chips)
Seat 2: c7735c19 ($81.35 in chips)
Seat 7: cd334fe ($295.6 in chips)
Seat 1: 27e25776 ($363.61 in chips)
Seat 4: c9a39f6d ($335.33 in chips)
Seat 5: Hero ($101.55 in chips)
Seat 3: 4eab7ee3 ($555.03 in chips)
c9a39f6d: posts small blind $1
Hero: posts big blind $2
*** HOLE CARDS ***
Dealt to bbaa243 
Dealt to c7735c19 
Dealt to cd334fe 
Dealt to 27e25776 
Dealt to c9a39f6d 
Dealt to Hero [2s 6h]
Dealt to 4eab7ee3 
bbaa243: folds
cd334fe: folds
27e25776: folds
c7735c19: raises $3 to $5
4eab7ee3: folds
c9a39f6d: folds
Hero: folds
Uncalled bet ($3) returned to c7735c19
*** SHOWDOWN ***
c7735c19 collected $5 from pot
*** SUMMARY ***
Total pot $5
Seat 6: bbaa243 folded before Flop (didn't bet)
Seat 2: c7735c19won ($5)
Seat 7: cd334fe folded before Flop (didn't bet)
Seat 1: 27e25776 folded before Flop (didn't bet)
Seat 4: c9a39f6d(small blind) folded before Flop
Seat 5: Hero(big blind) folded before Flop
Seat 3: 4eab7ee3 folded before Flop (didn't bet)



Poker Hand #ring_830463860: NLH No Limit ($1/$2) - 2025/04/18 23:22:19
Table 'MR NLH 1/2' 7-max Seat #2 is the button
Seat 6: bbaa243 ($336.97 in chips)
Seat 2: c7735c19 ($81.35 in chips)
Seat 7: cd334fe ($295.6 in chips)
Seat 1: 27e25776 ($363.61 in chips)
Seat 4: c9a39f6d ($337.33 in chips)
Seat 5: Hero ($101.55 in chips)
Seat 3: 4eab7ee3 ($561.03 in chips)
4eab7ee3: posts small blind $1
c9a39f6d: posts big blind $2
*** HOLE CARDS ***
Dealt to bbaa243 
Dealt to c7735c19 
Dealt to cd334fe 
Dealt to 27e25776 
Dealt to c9a39f6d 
Dealt to Hero [9d 2c]
Dealt to 4eab7ee3 
Hero: folds
bbaa243: raises $4 to $6
cd334fe: folds
27e25776: folds
c7735c19: folds
4eab7ee3: calls $5
c9a39f6d: folds
*** FLOP *** [5h Jd Ks]
4eab7ee3: checks
bbaa243: checks
*** TURN *** [5h Jd Ks] [Qh]
4eab7ee3: checks
bbaa243: bets $7
4eab7ee3: folds
Uncalled bet ($7) returned to bbaa243
*** SHOWDOWN ***
bbaa243 collected $14 from pot
*** SUMMARY ***
Total pot $14
Board [5h Jd Ks Qh]
Seat 6: bbaa243won ($14) with Pair of Kings and Pair of Queens
Seat 2: c7735c19 folded before Flop (didn't bet)
Seat 7: cd334fe folded before Flop (didn't bet)
Seat 1: 27e25776 folded before Flop (didn't bet)
Seat 4: c9a39f6d(big blind) folded before Flop
Seat 5: Hero folded before Flop (didn't bet)
Seat 3: 4eab7ee3(small blind) folded on the Turn



Poker Hand #ring_830462502: NLH No Limit ($1/$2) - 2025/04/18 23:21:28
Table 'MR NLH 1/2' 7-max Seat #1 is the button
Seat 6: bbaa243 ($276.82 in chips)
Seat 2: c7735c19 ($82.35 in chips)
Seat 7: cd334fe ($295.6 in chips)
Seat 1: 27e25776 ($363.61 in chips)
Seat 4: c9a39f6d ($337.33 in chips)
Seat 5: Hero ($165.05 in chips)
Seat 3: 4eab7ee3 ($563.03 in chips)
c7735c19: posts small blind $1
4eab7ee3: posts big blind $2
*** HOLE CARDS ***
Dealt to bbaa243 
Dealt to c7735c19 
Dealt to cd334fe 
Dealt to 27e25776 
Dealt to c9a39f6d 
Dealt to Hero [5c 5d]
Dealt to 4eab7ee3 
c9a39f6d: folds
Hero: raises $3 to $5
bbaa243: raises $9.75 to $14.75
cd334fe: folds
27e25776: folds
c7735c19: folds
4eab7ee3: folds
Hero: calls $9.75
*** FLOP *** [4s 7d 6c]
Hero: checks
bbaa243: bets $16.25
Hero: calls $16.25
*** TURN *** [4s 7d 6c] [As]
Hero: checks
bbaa243: bets $32.5
Hero: calls $32.5
*** RIVER *** [4s 7d 6c As] [9c]
Hero: checks
bbaa243: bets $97.5
Hero: folds
Uncalled bet ($97.5) returned to bbaa243
*** SHOWDOWN ***
bbaa243 collected $130 from pot
*** SUMMARY ***
Total pot $130
Board [4s 7d 6c As 9c]
Seat 6: bbaa243won ($130) with Ace-High
Seat 2: c7735c19(small blind) folded before Flop
Seat 7: cd334fe folded before Flop (didn't bet)
Seat 1: 27e25776 folded before Flop (didn't bet)
Seat 4: c9a39f6d folded before Flop (didn't bet)
Seat 5: Hero folded on the River
Seat 3: 4eab7ee3(big blind) folded before Flop



Poker Hand #ring_830461101: NLH No Limit ($1/$2) - 2025/04/18 23:20:34
Table 'MR NLH 1/2' 7-max Seat #7 is the button
Seat 6: bbaa243 ($276.82 in chips)
Seat 2: c7735c19 ($75.98 in chips)
Seat 7: cd334fe ($295.6 in chips)
Seat 1: 27e25776 ($370.61 in chips)
Seat 4: c9a39f6d ($337.33 in chips)
Seat 5: Hero ($165.05 in chips)
Seat 3: 4eab7ee3 ($563.03 in chips)
27e25776: posts small blind $1
c7735c19: posts big blind $2
*** HOLE CARDS ***
Dealt to bbaa243 
Dealt to c7735c19 
Dealt to cd334fe 
Dealt to 27e25776 
Dealt to c9a39f6d 
Dealt to Hero [4c Jd]
Dealt to 4eab7ee3 
4eab7ee3: folds
c9a39f6d: folds
Hero: folds
bbaa243: folds
cd334fe: folds
27e25776: calls $1
c7735c19: raises $5 to $7
27e25776: calls $5
*** FLOP *** [Jc 8s 2c]
27e25776: checks
c7735c19: bets $7
27e25776: folds
Uncalled bet ($7) returned to c7735c19
*** SHOWDOWN ***
c7735c19 collected $14 from pot
*** SUMMARY ***
Total pot $14
Board [Jc 8s 2c]
Seat 6: bbaa243 folded before Flop (didn't bet)
Seat 2: c7735c19(big blind)won ($14) with Ace-High
Seat 7: cd334fe folded before Flop (didn't bet)
Seat 1: 27e25776(small blind) folded on the Flop
Seat 4: c9a39f6d folded before Flop (didn't bet)
Seat 5: Hero folded before Flop (didn't bet)
Seat 3: 4eab7ee3 folded before Flop (didn't bet)



Poker Hand #ring_830459387: NLH No Limit ($1/$2) - 2025/04/18 23:19:25
Table 'MR NLH 1/2' 7-max Seat #6 is the button
Seat 6: bbaa243 ($278.82 in chips)
Seat 2: c7735c19 ($68.56 in chips)
Seat 7: cd334fe ($296.6 in chips)
Seat 1: 27e25776 ($375.61 in chips)
Seat 4: c9a39f6d ($337.33 in chips)
Seat 5: Hero ($165.05 in chips)
Seat 3: 4eab7ee3 ($563.03 in chips)
cd334fe: posts small blind $1
27e25776: posts big blind $2
*** HOLE CARDS ***
Dealt to bbaa243 
Dealt to c7735c19 
Dealt to cd334fe 
Dealt to 27e25776 
Dealt to c9a39f6d 
Dealt to Hero [9s 4c]
Dealt to 4eab7ee3 
c7735c19: calls $2
4eab7ee3: folds
c9a39f6d: folds
Hero: folds
bbaa243: calls $2
cd334fe: folds
27e25776: checks
*** FLOP *** [2c Ts Td]
27e25776: checks
c7735c19: checks
bbaa243: checks
*** TURN *** [2c Ts Td] [Js]
27e25776: checks
c7735c19: bets $3
bbaa243: folds
27e25776: calls $3
*** RIVER *** [2c Ts Td Js] [7d]
27e25776: checks
c7735c19: bets $8
27e25776: folds
Uncalled bet ($8) returned to c7735c19
*** SHOWDOWN ***
c7735c19 collected $13 from pot
*** SUMMARY ***
Total pot $13
Board [2c Ts Td Js 7d]
Seat 6: bbaa243 folded on the Turn
Seat 2: c7735c19won ($13) with Pair of Tens
Seat 7: cd334fe(small blind) folded before Flop
Seat 1: 27e25776(big blind) folded on the River
Seat 4: c9a39f6d folded before Flop (didn't bet)
Seat 5: Hero folded before Flop (didn't bet)
Seat 3: 4eab7ee3 folded before Flop (didn't bet)



Poker Hand #ring_830456595: NLH No Limit ($1/$2) - 2025/04/18 23:17:36
Table 'MR NLH 1/2' 7-max Seat #5 is the button
Seat 6: bbaa243 ($232.21 in chips)
Seat 2: c7735c19 ($80.96 in chips)
Seat 7: cd334fe ($301.6 in chips)
Seat 1: 27e25776 ($375.61 in chips)
Seat 4: c9a39f6d ($337.33 in chips)
Seat 5: Hero ($198.55 in chips)
Seat 3: 4eab7ee3 ($563.03 in chips)
bbaa243: posts small blind $1
cd334fe: posts big blind $2
*** HOLE CARDS ***
Dealt to bbaa243 
Dealt to c7735c19 
Dealt to cd334fe 
Dealt to 27e25776 
Dealt to c9a39f6d 
Dealt to Hero [4s 3s]
Dealt to 4eab7ee3 
27e25776: folds
c7735c19: raises $3 to $5
4eab7ee3: folds
c9a39f6d: folds
Hero: calls $5
bbaa243: calls $4
cd334fe: calls $3
*** FLOP *** [Ad 8d 2c]
bbaa243: checks
cd334fe: checks
c7735c19: checks
Hero: checks
*** TURN *** [Ad 8d 2c] [As]
bbaa243: checks
cd334fe: checks
c7735c19: bets $7.4
Hero: calls $7.4
bbaa243: calls $7.4
cd334fe: folds
*** RIVER *** [Ad 8d 2c As] [Qd]
bbaa243: checks
c7735c19: checks
Hero: bets $21.1
bbaa243: raises $27.86 to $48.96
c7735c19: folds
Hero: folds
Uncalled bet ($27.86) returned to bbaa243
*** SHOWDOWN ***
bbaa243 collected $84.4 from pot
*** SUMMARY ***
Total pot $84.4
Board [Ad 8d 2c As Qd]
Seat 6: bbaa243(small blind)won ($84.4) with Ace High Flush
Seat 2: c7735c19 folded on the River
Seat 7: cd334fe(big blind) folded on the Turn
Seat 1: 27e25776 folded before Flop (didn't bet)
Seat 4: c9a39f6d folded before Flop (didn't bet)
Seat 5: Hero folded on the River
Seat 3: 4eab7ee3 folded before Flop (didn't bet)



Poker Hand #ring_830456030: NLH No Limit ($1/$2) - 2025/04/18 23:17:14
Table 'MR NLH 1/2' 7-max Seat #4 is the button
Seat 6: bbaa243 ($234.21 in chips)
Seat 2: c7735c19 ($80.96 in chips)
Seat 7: cd334fe ($298.6 in chips)
Seat 1: 27e25776 ($375.61 in chips)
Seat 4: c9a39f6d ($337.33 in chips)
Seat 5: Hero ($199.55 in chips)
Seat 3: 4eab7ee3 ($563.03 in chips)
Hero: posts small blind $1
bbaa243: posts big blind $2
*** HOLE CARDS ***
Dealt to bbaa243 
Dealt to c7735c19 
Dealt to cd334fe 
Dealt to 27e25776 
Dealt to c9a39f6d 
Dealt to Hero [Kh 3h]
Dealt to 4eab7ee3 
cd334fe: raises $4 to $6
27e25776: folds
c7735c19: folds
4eab7ee3: folds
c9a39f6d: folds
Hero: folds
bbaa243: folds
Uncalled bet ($4) returned to cd334fe
*** SHOWDOWN ***
cd334fe collected $5 from pot
*** SUMMARY ***
Total pot $5
Seat 6: bbaa243(big blind) folded before Flop
Seat 2: c7735c19 folded before Flop (didn't bet)
Seat 7: cd334fewon ($5)
Seat 1: 27e25776 folded before Flop (didn't bet)
Seat 4: c9a39f6d folded before Flop (didn't bet)
Seat 5: Hero(small blind) folded before Flop
Seat 3: 4eab7ee3 folded before Flop (didn't bet)



Poker Hand #ring_830453744: NLH No Limit ($1/$2) - 2025/04/18 23:15:45
Table 'MR NLH 1/2' 7-max Seat #3 is the button
Seat 6: bbaa243 ($234.21 in chips)
Seat 2: c7735c19 ($83.54 in chips)
Seat 7: cd334fe ($298.6 in chips)
Seat 1: 27e25776 ($375.61 in chips)
Seat 4: c9a39f6d ($338.33 in chips)
Seat 5: Hero ($201.55 in chips)
Seat 3: 4eab7ee3 ($565.6 in chips)
c9a39f6d: posts small blind $1
Hero: posts big blind $2
*** HOLE CARDS ***
Dealt to bbaa243 
Dealt to c7735c19 
Dealt to cd334fe 
Dealt to 27e25776 
Dealt to c9a39f6d 
Dealt to Hero [5s As]
Dealt to 4eab7ee3 
bbaa243: folds
cd334fe: folds
27e25776: folds
c7735c19: raises $3 to $5
4eab7ee3: raises $13 to $18
c9a39f6d: folds
Hero: folds
c7735c19: calls $13
*** FIRST FLOP *** [7d Ad Kd]
c7735c19: checks
4eab7ee3: bets $12.87
c7735c19: raises $17.13 to $30
4eab7ee3: raises $99 to $129
c7735c19: calls $35.54 and is all-in
Uncalled bet ($63.46) returned to 4eab7ee3
c7735c19: shows [2d Ah] (Pair of Aces)
4eab7ee3: shows [Ac Kh] (Pair of Aces and Pair of Kings)
*** FIRST TURN *** [7d Ad Kd] [4c]
*** SECOND TURN *** [7d Ad Kd] [6c]
*** FIRST RIVER *** [7d Ad Kd 4c] [9s]
*** SECOND RIVER *** [7d Ad Kd 6c] [4d]
*** FIRST SHOWDOWN ***
4eab7ee3 collected $85.3 from pot
*** SECOND SHOWDOWN ***
c7735c19 collected $84.78 from pot
*** SUMMARY ***
Total pot $170.08
Hand was run two timesFIRST Board [7d Ad Kd 4c 9s]
SECOND Board [6c 4d]
Seat 6: bbaa243 folded before Flop (didn't bet)
Seat 2: c7735c19 showed [2d Ah] and won ($84.78) with Pair of Aces / Ace High Flush
Seat 7: cd334fe folded before Flop (didn't bet)
Seat 1: 27e25776 folded before Flop (didn't bet)
Seat 4: c9a39f6d(small blind) folded before Flop
Seat 5: Hero(big blind) folded before Flop
Seat 3: 4eab7ee3 showed [Ac Kh] and won ($85.3) with Pair of Aces and Pair of Kings / Pair of Aces and Pair of Kings



