Poker Hand #ring_845306961: NLH No Limit ($1/$2) - 2025/04/27 14:01:36
Table 'MR NLH 1/2' 7-max Seat #5 is the button
Seat 5: 14a30721 ($697.95 in chips)
Seat 7: f1824cc4 ($398.41 in chips)
Seat 3: f19e7c8f ($259.13 in chips)
Seat 6: 9cc838aa ($489.76 in chips)
Seat 2: 72897c7c ($575.24 in chips)
Seat 1: Hero ($259.81 in chips)
Seat 4: d6edcd9f ($732.86 in chips)
9cc838aa: posts small blind $1
f1824cc4: posts big blind $2
*** HOLE CARDS ***
Dealt to 14a30721 
Dealt to f1824cc4 
Dealt to f19e7c8f 
Dealt to 9cc838aa 
Dealt to 72897c7c 
Dealt to Hero [Qs Th]
Dealt to d6edcd9f 
Hero: folds
72897c7c: folds
f19e7c8f: raises $4 to $6
d6edcd9f: folds
14a30721: folds
9cc838aa: folds
f1824cc4: calls $4
*** FLOP *** [5s 7h 8s]
f1824cc4: checks
f19e7c8f: checks
*** TURN *** [5s 7h 8s] [9c]
f1824cc4: bets $6.5
f19e7c8f: calls $6.5
*** RIVER *** [5s 7h 8s 9c] [2d]
f1824cc4: bets $19.5
f19e7c8f: calls $19.5
f19e7c8f: shows [As Qc]
f1824cc4: shows [6h Ah]
*** SHOWDOWN ***
f1824cc4 collected $65 from pot
*** SUMMARY ***
Total pot $65
Board [5s 7h 8s 9c 2d]
Seat 5: 14a30721 folded before Flop (didn't bet)
Seat 7: f1824cc4(big blind) showed [6h Ah] and won ($65) with Nines-High Straight
Seat 3: f19e7c8f showed [As Qc] and lost with Ace-High
Seat 6: 9cc838aa(small blind) folded before Flop
Seat 2: 72897c7c folded before Flop (didn't bet)
Seat 1: Hero folded before Flop (didn't bet)
Seat 4: d6edcd9f folded before Flop (didn't bet)



Poker Hand #ring_845306333: NLH No Limit ($1/$2) - 2025/04/27 14:00:51
Table 'MR NLH 1/2' 7-max Seat #4 is the button
Seat 5: 14a30721 ($698.95 in chips)
Seat 7: f1824cc4 ($398.41 in chips)
Seat 3: f19e7c8f ($259.13 in chips)
Seat 6: 9cc838aa ($486.76 in chips)
Seat 2: 72897c7c ($577.24 in chips)
Seat 1: Hero ($259.81 in chips)
Seat 4: d6edcd9f ($732.86 in chips)
14a30721: posts small blind $1
9cc838aa: posts big blind $2
*** HOLE CARDS ***
Dealt to 14a30721 
Dealt to f1824cc4 
Dealt to f19e7c8f 
Dealt to 9cc838aa 
Dealt to 72897c7c 
Dealt to Hero [5c Kh]
Dealt to d6edcd9f 
f1824cc4: folds
Hero: folds
72897c7c: calls $2
f19e7c8f: folds
d6edcd9f: folds
14a30721: folds
9cc838aa: raises $10 to $12
72897c7c: folds
Uncalled bet ($10) returned to 9cc838aa
*** SHOWDOWN ***
9cc838aa collected $5 from pot
*** SUMMARY ***
Total pot $5
Seat 5: 14a30721(small blind) folded before Flop
Seat 7: f1824cc4 folded before Flop (didn't bet)
Seat 3: f19e7c8f folded before Flop (didn't bet)
Seat 6: 9cc838aa(big blind)won ($5)
Seat 2: 72897c7c folded before Flop
Seat 1: Hero folded before Flop (didn't bet)
Seat 4: d6edcd9f folded before Flop (didn't bet)



Poker Hand #ring_845305304: NLH No Limit ($1/$2) - 2025/04/27 13:59:35
Table 'MR NLH 1/2' 7-max Seat #3 is the button
Seat 5: 14a30721 ($689.13 in chips)
Seat 7: f1824cc4 ($408.7 in chips)
Seat 3: f19e7c8f ($259.13 in chips)
Seat 6: 9cc838aa ($486.76 in chips)
Seat 2: 72897c7c ($577.24 in chips)
Seat 1: Hero ($259.81 in chips)
Seat 4: d6edcd9f ($733.86 in chips)
d6edcd9f: posts small blind $1
14a30721: posts big blind $2
*** HOLE CARDS ***
Dealt to 14a30721 
Dealt to f1824cc4 
Dealt to f19e7c8f 
Dealt to 9cc838aa 
Dealt to 72897c7c 
Dealt to Hero [8h Ac]
Dealt to d6edcd9f 
9cc838aa: folds
f1824cc4: raises $4 to $6
Hero: folds
72897c7c: folds
f19e7c8f: folds
d6edcd9f: folds
14a30721: calls $4
*** FLOP *** [Ah Js 5c]
14a30721: checks
f1824cc4: bets $4.29
14a30721: calls $4.29
*** TURN *** [Ah Js 5c] [Jh]
14a30721: checks
f1824cc4: checks
*** RIVER *** [Ah Js 5c Jh] [5s]
14a30721: bets $26
f1824cc4: folds
Uncalled bet ($26) returned to 14a30721
*** SHOWDOWN ***
14a30721 collected $21.58 from pot
*** SUMMARY ***
Total pot $21.58
Board [Ah Js 5c Jh 5s]
Seat 5: 14a30721(big blind)won ($21.58) with Jacks Full over Fives
Seat 7: f1824cc4 folded on the River
Seat 3: f19e7c8f folded before Flop (didn't bet)
Seat 6: 9cc838aa folded before Flop (didn't bet)
Seat 2: 72897c7c folded before Flop (didn't bet)
Seat 1: Hero folded before Flop (didn't bet)
Seat 4: d6edcd9f(small blind) folded before Flop



Poker Hand #ring_845304492: NLH No Limit ($1/$2) - 2025/04/27 13:58:36
Table 'MR NLH 1/2' 7-max Seat #2 is the button
Seat 5: 14a30721 ($689.13 in chips)
Seat 7: f1824cc4 ($408.7 in chips)
Seat 3: f19e7c8f ($260.13 in chips)
Seat 6: 9cc838aa ($486.76 in chips)
Seat 2: 72897c7c ($583.24 in chips)
Seat 1: Hero ($251.48 in chips)
Seat 4: d6edcd9f ($735.86 in chips)
f19e7c8f: posts small blind $1
d6edcd9f: posts big blind $2
*** HOLE CARDS ***
Dealt to 14a30721 
Dealt to f1824cc4 
Dealt to f19e7c8f 
Dealt to 9cc838aa 
Dealt to 72897c7c 
Dealt to Hero [6h 6d]
Dealt to d6edcd9f 
14a30721: folds
9cc838aa: folds
f1824cc4: folds
Hero: raises $4 to $6
72897c7c: calls $6
f19e7c8f: folds
d6edcd9f: folds
*** FLOP *** [6c As 4c]
Hero: checks
72897c7c: checks
*** TURN *** [6c As 4c] [Ad]
Hero: bets $4.5
72897c7c: folds
Uncalled bet ($4.5) returned to Hero
*** SHOWDOWN ***
Hero collected $15 from pot
*** SUMMARY ***
Total pot $15
Board [6c As 4c Ad]
Seat 5: 14a30721 folded before Flop (didn't bet)
Seat 7: f1824cc4 folded before Flop (didn't bet)
Seat 3: f19e7c8f(small blind) folded before Flop
Seat 6: 9cc838aa folded before Flop (didn't bet)
Seat 2: 72897c7c folded on the Turn
Seat 1: Herowon ($15) with Sixes Full over Aces
Seat 4: d6edcd9f(big blind) folded before Flop



Poker Hand #ring_845303700: NLH No Limit ($1/$2) - 2025/04/27 13:57:39
Table 'MR NLH 1/2' 7-max Seat #1 is the button
Seat 5: 14a30721 ($689.13 in chips)
Seat 7: f1824cc4 ($408.7 in chips)
Seat 3: f19e7c8f ($278.13 in chips)
Seat 6: 9cc838aa ($486.76 in chips)
Seat 2: 72897c7c ($567.36 in chips)
Seat 1: Hero ($251.48 in chips)
Seat 4: d6edcd9f ($735.86 in chips)
72897c7c: posts small blind $1
f19e7c8f: posts big blind $2
*** HOLE CARDS ***
Dealt to 14a30721 
Dealt to f1824cc4 
Dealt to f19e7c8f 
Dealt to 9cc838aa 
Dealt to 72897c7c 
Dealt to Hero [4d 9d]
Dealt to d6edcd9f 
d6edcd9f: folds
14a30721: folds
9cc838aa: folds
f1824cc4: folds
Hero: folds
72897c7c: calls $1
f19e7c8f: checks
*** FLOP *** [9h Jh Ac]
72897c7c: bets $4
f19e7c8f: calls $4
*** TURN *** [9h Jh Ac] [Tc]
72897c7c: bets $12
f19e7c8f: calls $12
*** RIVER *** [9h Jh Ac Tc] [6s]
72897c7c: checks
f19e7c8f: checks
72897c7c: shows [Jd Ks]
f19e7c8f: shows [9c 3c]
*** SHOWDOWN ***
72897c7c collected $36 from pot
*** SUMMARY ***
Total pot $36
Board [9h Jh Ac Tc 6s]
Seat 5: 14a30721 folded before Flop (didn't bet)
Seat 7: f1824cc4 folded before Flop (didn't bet)
Seat 3: f19e7c8f(big blind) showed [9c 3c] and lost with Pair of Nines
Seat 6: 9cc838aa folded before Flop (didn't bet)
Seat 2: 72897c7c(small blind) showed [Jd Ks] and won ($36) with Pair of Jacks
Seat 1: Hero folded before Flop (didn't bet)
Seat 4: d6edcd9f folded before Flop (didn't bet)



Poker Hand #ring_845302810: NLH No Limit ($1/$2) - 2025/04/27 13:56:33
Table 'MR NLH 1/2' 7-max Seat #7 is the button
Seat 5: 14a30721 ($689.13 in chips)
Seat 7: f1824cc4 ($414.7 in chips)
Seat 3: f19e7c8f ($278.13 in chips)
Seat 6: 9cc838aa ($478.43 in chips)
Seat 2: 72897c7c ($569.36 in chips)
Seat 1: Hero ($252.48 in chips)
Seat 4: d6edcd9f ($735.86 in chips)
Hero: posts small blind $1
72897c7c: posts big blind $2
*** HOLE CARDS ***
Dealt to 14a30721 
Dealt to f1824cc4 
Dealt to f19e7c8f 
Dealt to 9cc838aa 
Dealt to 72897c7c 
Dealt to Hero [Kd Tc]
Dealt to d6edcd9f 
f19e7c8f: folds
d6edcd9f: folds
14a30721: folds
9cc838aa: raises $4 to $6
f1824cc4: calls $6
Hero: folds
72897c7c: folds
*** FLOP *** [2c 4s 6s]
9cc838aa: checks
f1824cc4: checks
*** TURN *** [2c 4s 6s] [5d]
9cc838aa: checks
f1824cc4: checks
*** RIVER *** [2c 4s 6s 5d] [5h]
9cc838aa: checks
f1824cc4: checks
9cc838aa: shows [Jc Qc]
f1824cc4: shows [Qd Th]
*** SHOWDOWN ***
9cc838aa collected $15 from pot
*** SUMMARY ***
Total pot $15
Board [2c 4s 6s 5d 5h]
Seat 5: 14a30721 folded before Flop (didn't bet)
Seat 7: f1824cc4 showed [Qd Th] and lost with Pair of Fives
Seat 3: f19e7c8f folded before Flop (didn't bet)
Seat 6: 9cc838aa showed [Jc Qc] and won ($15) with Pair of Fives
Seat 2: 72897c7c(big blind) folded before Flop
Seat 1: Hero(small blind) folded before Flop
Seat 4: d6edcd9f folded before Flop (didn't bet)



Poker Hand #ring_845301779: NLH No Limit ($1/$2) - 2025/04/27 13:55:18
Table 'MR NLH 1/2' 7-max Seat #6 is the button
Seat 5: 14a30721 ($689.13 in chips)
Seat 7: f1824cc4 ($416.7 in chips)
Seat 3: f19e7c8f ($278.13 in chips)
Seat 6: 9cc838aa ($478.43 in chips)
Seat 2: 72897c7c ($574.36 in chips)
Seat 1: Hero ($246.02 in chips)
Seat 4: d6edcd9f ($735.86 in chips)
f1824cc4: posts small blind $1
Hero: posts big blind $2
*** HOLE CARDS ***
Dealt to 14a30721 
Dealt to f1824cc4 
Dealt to f19e7c8f 
Dealt to 9cc838aa 
Dealt to 72897c7c 
Dealt to Hero [9d Js]
Dealt to d6edcd9f 
72897c7c: calls $2
f19e7c8f: folds
d6edcd9f: folds
14a30721: folds
9cc838aa: folds
f1824cc4: calls $1
Hero: checks
*** FLOP *** [Jc 2d Qh]
f1824cc4: checks
Hero: checks
72897c7c: checks
*** TURN *** [Jc 2d Qh] [9h]
f1824cc4: checks
Hero: bets $3
72897c7c: calls $3
f1824cc4: folds
*** RIVER *** [Jc 2d Qh 9h] [5c]
Hero: checks
72897c7c: checks
Hero: shows [9d Js]
72897c7c: shows [6c Ts]
*** SHOWDOWN ***
Hero collected $12 from pot
*** SUMMARY ***
Total pot $12
Board [Jc 2d Qh 9h 5c]
Seat 5: 14a30721 folded before Flop (didn't bet)
Seat 7: f1824cc4(small blind) folded on the Turn
Seat 3: f19e7c8f folded before Flop (didn't bet)
Seat 6: 9cc838aa folded before Flop (didn't bet)
Seat 2: 72897c7c showed [6c Ts] and lost with Queen-High
Seat 1: Hero(big blind) showed [9d Js] and won ($12) with Pair of Jacks and Pair of Nines
Seat 4: d6edcd9f folded before Flop (didn't bet)



Poker Hand #ring_845301444: NLH No Limit ($1/$2) - 2025/04/27 13:54:54
Table 'MR NLH 1/2' 7-max Seat #5 is the button
Seat 5: 14a30721 ($689.13 in chips)
Seat 7: f1824cc4 ($415.7 in chips)
Seat 3: f19e7c8f ($278.13 in chips)
Seat 6: 9cc838aa ($479.43 in chips)
Seat 2: 72897c7c ($574.36 in chips)
Seat 1: Hero ($246.02 in chips)
Seat 4: d6edcd9f ($735.86 in chips)
9cc838aa: posts small blind $1
f1824cc4: posts big blind $2
*** HOLE CARDS ***
Dealt to 14a30721 
Dealt to f1824cc4 
Dealt to f19e7c8f 
Dealt to 9cc838aa 
Dealt to 72897c7c 
Dealt to Hero [Kh 3s]
Dealt to d6edcd9f 
Hero: folds
72897c7c: folds
f19e7c8f: folds
d6edcd9f: folds
14a30721: folds
9cc838aa: folds
*** SHOWDOWN ***
f1824cc4 collected $3 from pot
*** SUMMARY ***
Total pot $3
Seat 5: 14a30721 folded before Flop (didn't bet)
Seat 7: f1824cc4(big blind)won ($3)
Seat 3: f19e7c8f folded before Flop (didn't bet)
Seat 6: 9cc838aa(small blind) folded before Flop
Seat 2: 72897c7c folded before Flop (didn't bet)
Seat 1: Hero folded before Flop (didn't bet)
Seat 4: d6edcd9f folded before Flop (didn't bet)



Poker Hand #ring_845300390: NLH No Limit ($1/$2) - 2025/04/27 13:53:40
Table 'MR NLH 1/2' 7-max Seat #4 is the button
Seat 5: 14a30721 ($695.13 in chips)
Seat 7: f1824cc4 ($394 in chips)
Seat 3: f19e7c8f ($278.13 in chips)
Seat 6: 9cc838aa ($481.43 in chips)
Seat 2: 72897c7c ($590.36 in chips)
Seat 1: Hero ($246.02 in chips)
Seat 4: d6edcd9f ($735.86 in chips)
14a30721: posts small blind $1
9cc838aa: posts big blind $2
*** HOLE CARDS ***
Dealt to 14a30721 
Dealt to f1824cc4 
Dealt to f19e7c8f 
Dealt to 9cc838aa 
Dealt to 72897c7c 
Dealt to Hero [7s 8c]
Dealt to d6edcd9f 
f1824cc4: raises $4 to $6
Hero: folds
72897c7c: calls $6
f19e7c8f: folds
d6edcd9f: folds
14a30721: calls $5
9cc838aa: folds
*** FLOP *** [9d 7h 8s]
14a30721: checks
f1824cc4: bets $10
72897c7c: calls $10
14a30721: folds
*** TURN *** [9d 7h 8s] [Kc]
f1824cc4: bets $30
72897c7c: folds
Uncalled bet ($30) returned to f1824cc4
*** SHOWDOWN ***
f1824cc4 collected $40 from pot
*** SUMMARY ***
Total pot $40
Board [9d 7h 8s Kc]
Seat 5: 14a30721(small blind) folded on the Flop
Seat 7: f1824cc4won ($40) with Pair of Nines
Seat 3: f19e7c8f folded before Flop (didn't bet)
Seat 6: 9cc838aa(big blind) folded before Flop
Seat 2: 72897c7c folded on the Turn
Seat 1: Hero folded before Flop (didn't bet)
Seat 4: d6edcd9f folded before Flop (didn't bet)



Poker Hand #ring_845299557: NLH No Limit ($1/$2) - 2025/04/27 13:52:38
Table 'MR NLH 1/2' 7-max Seat #3 is the button
Seat 5: 14a30721 ($697.13 in chips)
Seat 7: f1824cc4 ($400 in chips)
Seat 3: f19e7c8f ($324.87 in chips)
Seat 6: 9cc838aa ($481.43 in chips)
Seat 2: 72897c7c ($539.73 in chips)
Seat 1: Hero ($246.02 in chips)
Seat 4: d6edcd9f ($736.86 in chips)
d6edcd9f: posts small blind $1
14a30721: posts big blind $2
*** HOLE CARDS ***
Dealt to 14a30721 
Dealt to f1824cc4 
Dealt to f19e7c8f 
Dealt to 9cc838aa 
Dealt to 72897c7c 
Dealt to Hero [Qh 7s]
Dealt to d6edcd9f 
9cc838aa: folds
f1824cc4: raises $4 to $6
Hero: folds
72897c7c: calls $6
f19e7c8f: raises $20 to $26
d6edcd9f: folds
14a30721: folds
f1824cc4: folds
72897c7c: calls $20
*** FLOP *** [7d 9d 8s]
72897c7c: checks
f19e7c8f: checks
*** TURN *** [7d 9d 8s] [8h]
72897c7c: checks
f19e7c8f: bets $20.74
72897c7c: calls $20.74
*** RIVER *** [7d 9d 8s 8h] [6d]
72897c7c: bets $51.24
f19e7c8f: folds
Uncalled bet ($51.24) returned to 72897c7c
72897c7c: shows [Jd]
*** SHOWDOWN ***
72897c7c collected $102.48 from pot
*** SUMMARY ***
Total pot $102.48
Board [7d 9d 8s 8h 6d]
Seat 5: 14a30721(big blind) folded before Flop
Seat 7: f1824cc4 folded before Flop
Seat 3: f19e7c8f folded on the River
Seat 6: 9cc838aa folded before Flop (didn't bet)
Seat 2: 72897c7c showed [Jd] and won ($102.48) with Pair of Eights
Seat 1: Hero folded before Flop (didn't bet)
Seat 4: d6edcd9f(small blind) folded before Flop



Poker Hand #ring_845298476: NLH No Limit ($1/$2) - 2025/04/27 13:51:17
Table 'MR NLH 1/2' 7-max Seat #2 is the button
Seat 5: 14a30721 ($697.13 in chips)
Seat 7: f1824cc4 ($400 in chips)
Seat 3: f19e7c8f ($266.98 in chips)
Seat 6: 9cc838aa ($481.43 in chips)
Seat 2: 72897c7c ($595.49 in chips)
Seat 1: Hero ($246.02 in chips)
Seat 4: d6edcd9f ($744.86 in chips)
f19e7c8f: posts small blind $1
d6edcd9f: posts big blind $2
*** HOLE CARDS ***
Dealt to 14a30721 
Dealt to f1824cc4 
Dealt to f19e7c8f 
Dealt to 9cc838aa 
Dealt to 72897c7c 
Dealt to Hero [2h 4d]
Dealt to d6edcd9f 
14a30721: folds
9cc838aa: folds
f1824cc4: folds
Hero: folds
72897c7c: calls $2
f19e7c8f: raises $6 to $8
d6edcd9f: calls $6
72897c7c: raises $24 to $32
f19e7c8f: calls $24
d6edcd9f: folds
*** FLOP *** [8c Qh 3c]
f19e7c8f: checks
72897c7c: bets $23.76
f19e7c8f: raises $40.64 to $64.4
72897c7c: folds
Uncalled bet ($40.64) returned to f19e7c8f
*** SHOWDOWN ***
f19e7c8f collected $119.52 from pot
*** SUMMARY ***
Total pot $119.52
Board [8c Qh 3c]
Seat 5: 14a30721 folded before Flop (didn't bet)
Seat 7: f1824cc4 folded before Flop (didn't bet)
Seat 3: f19e7c8f(small blind)won ($119.52) with Pair of Queens
Seat 6: 9cc838aa folded before Flop (didn't bet)
Seat 2: 72897c7c folded on the Flop
Seat 1: Hero folded before Flop (didn't bet)
Seat 4: d6edcd9f(big blind) folded before Flop



Poker Hand #ring_845297934: NLH No Limit ($1/$2) - 2025/04/27 13:50:36
Table 'MR NLH 1/2' 7-max Seat #1 is the button
Seat 5: 14a30721 ($697.13 in chips)
Seat 7: f1824cc4 ($300.63 in chips)
Seat 3: f19e7c8f ($259.98 in chips)
Seat 6: 9cc838aa ($481.43 in chips)
Seat 2: 72897c7c ($596.49 in chips)
Seat 1: Hero ($252.02 in chips)
Seat 4: d6edcd9f ($744.86 in chips)
72897c7c: posts small blind $1
f19e7c8f: posts big blind $2
*** HOLE CARDS ***
Dealt to 14a30721 
Dealt to f1824cc4 
Dealt to f19e7c8f 
Dealt to 9cc838aa 
Dealt to 72897c7c 
Dealt to Hero [9d 7d]
Dealt to d6edcd9f 
d6edcd9f: folds
14a30721: folds
9cc838aa: folds
f1824cc4: folds
Hero: raises $4 to $6
72897c7c: folds
f19e7c8f: raises $20 to $26
Hero: folds
Uncalled bet ($20) returned to f19e7c8f
*** SHOWDOWN ***
f19e7c8f collected $13 from pot
*** SUMMARY ***
Total pot $13
Seat 5: 14a30721 folded before Flop (didn't bet)
Seat 7: f1824cc4 folded before Flop (didn't bet)
Seat 3: f19e7c8f(big blind)won ($13)
Seat 6: 9cc838aa folded before Flop (didn't bet)
Seat 2: 72897c7c(small blind) folded before Flop
Seat 1: Hero folded before Flop
Seat 4: d6edcd9f folded before Flop (didn't bet)



Poker Hand #ring_845297038: NLH No Limit ($1/$2) - 2025/04/27 13:49:31
Table 'MR NLH 1/2' 7-max Seat #7 is the button
Seat 5: 14a30721 ($703.13 in chips)
Seat 7: f1824cc4 ($300.63 in chips)
Seat 3: f19e7c8f ($259.98 in chips)
Seat 6: 9cc838aa ($481.43 in chips)
Seat 2: 72897c7c ($602.49 in chips)
Seat 1: Hero ($240.83 in chips)
Seat 4: d6edcd9f ($744.86 in chips)
Hero: posts small blind $1
72897c7c: posts big blind $2
*** HOLE CARDS ***
Dealt to 14a30721 
Dealt to f1824cc4 
Dealt to f19e7c8f 
Dealt to 9cc838aa 
Dealt to 72897c7c 
Dealt to Hero [Jc Qd]
Dealt to d6edcd9f 
f19e7c8f: folds
d6edcd9f: folds
14a30721: raises $4 to $6
9cc838aa: folds
f1824cc4: folds
Hero: calls $5
72897c7c: calls $4
*** FLOP *** [5h As 8d]
Hero: checks
72897c7c: checks
14a30721: checks
*** TURN *** [5h As 8d] [3s]
Hero: checks
72897c7c: checks
14a30721: checks
*** RIVER *** [5h As 8d 3s] [Qh]
Hero: checks
72897c7c: checks
14a30721: checks
Hero: shows [Jc Qd]
72897c7c: shows [2d 6d]
14a30721: shows [9c Tc]
*** SHOWDOWN ***
Hero collected $18 from pot
*** SUMMARY ***
Total pot $18
Board [5h As 8d 3s Qh]
Seat 5: 14a30721 showed [9c Tc] and lost with Ace-High
Seat 7: f1824cc4 folded before Flop (didn't bet)
Seat 3: f19e7c8f folded before Flop (didn't bet)
Seat 6: 9cc838aa folded before Flop (didn't bet)
Seat 2: 72897c7c(big blind) showed [2d 6d] and lost with Ace-High
Seat 1: Hero(small blind) showed [Jc Qd] and won ($18) with Pair of Queens
Seat 4: d6edcd9f folded before Flop (didn't bet)



Poker Hand #ring_845296379: NLH No Limit ($1/$2) - 2025/04/27 13:48:44
Table 'MR NLH 1/2' 7-max Seat #6 is the button
Seat 5: 14a30721 ($703.13 in chips)
Seat 7: f1824cc4 ($301.63 in chips)
Seat 3: f19e7c8f ($253.56 in chips)
Seat 6: 9cc838aa ($481.43 in chips)
Seat 2: 72897c7c ($602.49 in chips)
Seat 1: Hero ($246.83 in chips)
Seat 4: d6edcd9f ($744.86 in chips)
f1824cc4: posts small blind $1
Hero: posts big blind $2
*** HOLE CARDS ***
Dealt to 14a30721 
Dealt to f1824cc4 
Dealt to f19e7c8f 
Dealt to 9cc838aa 
Dealt to 72897c7c 
Dealt to Hero [Ah 9c]
Dealt to d6edcd9f 
72897c7c: folds
f19e7c8f: raises $4 to $6
d6edcd9f: folds
14a30721: folds
9cc838aa: folds
f1824cc4: folds
Hero: calls $4
*** FLOP *** [5c Ks Qc]
Hero: checks
f19e7c8f: bets $7.02
Hero: folds
Uncalled bet ($7.02) returned to f19e7c8f
*** SHOWDOWN ***
f19e7c8f collected $13 from pot
*** SUMMARY ***
Total pot $13
Board [5c Ks Qc]
Seat 5: 14a30721 folded before Flop (didn't bet)
Seat 7: f1824cc4(small blind) folded before Flop
Seat 3: f19e7c8fwon ($13) with Pair of Queens
Seat 6: 9cc838aa folded before Flop (didn't bet)
Seat 2: 72897c7c folded before Flop (didn't bet)
Seat 1: Hero(big blind) folded on the Flop
Seat 4: d6edcd9f folded before Flop (didn't bet)



Poker Hand #ring_845294907: NLH No Limit ($1/$2) - 2025/04/27 13:46:54
Table 'MR NLH 1/2' 7-max Seat #5 is the button
Seat 5: 14a30721 ($703.13 in chips)
Seat 7: f1824cc4 ($346.63 in chips)
Seat 3: f19e7c8f ($253.56 in chips)
Seat 6: 9cc838aa ($398 in chips)
Seat 2: 72897c7c ($647.49 in chips)
Seat 1: Hero ($246.83 in chips)
Seat 4: d6edcd9f ($744.86 in chips)
9cc838aa: posts small blind $1
f1824cc4: posts big blind $2
*** HOLE CARDS ***
Dealt to 14a30721 
Dealt to f1824cc4 
Dealt to f19e7c8f 
Dealt to 9cc838aa 
Dealt to 72897c7c 
Dealt to Hero [Tc 5d]
Dealt to d6edcd9f 
Hero: folds
72897c7c: calls $2
f19e7c8f: folds
d6edcd9f: folds
14a30721: folds
9cc838aa: calls $1
f1824cc4: raises $6 to $8
72897c7c: calls $6
9cc838aa: calls $6
*** FLOP *** [6c 5c Ad]
9cc838aa: checks
f1824cc4: bets $10
72897c7c: calls $10
9cc838aa: calls $10
*** TURN *** [6c 5c Ad] [Kh]
9cc838aa: checks
f1824cc4: bets $27
72897c7c: calls $27
9cc838aa: calls $27
*** RIVER *** [6c 5c Ad Kh] [4s]
9cc838aa: checks
f1824cc4: checks
72897c7c: checks
72897c7c: shows [Ac 9c]
9cc838aa: shows [7d 8d]
f1824cc4: shows [Jd Ah]
*** SHOWDOWN ***
9cc838aa collected $135 from pot
*** SUMMARY ***
Total pot $135
Board [6c 5c Ad Kh 4s]
Seat 5: 14a30721 folded before Flop (didn't bet)
Seat 7: f1824cc4(big blind) showed [Jd Ah] and lost with Pair of Aces
Seat 3: f19e7c8f folded before Flop (didn't bet)
Seat 6: 9cc838aa(small blind) showed [7d 8d] and won ($135) with Eights-High Straight
Seat 2: 72897c7c showed [Ac 9c] and lost with Pair of Aces
Seat 1: Hero folded before Flop (didn't bet)
Seat 4: d6edcd9f folded before Flop (didn't bet)



Poker Hand #ring_845294039: NLH No Limit ($1/$2) - 2025/04/27 13:45:51
Table 'MR NLH 1/2' 7-max Seat #4 is the button
Seat 5: 14a30721 ($704.13 in chips)
Seat 7: f1824cc4 ($346.63 in chips)
Seat 3: f19e7c8f ($311.44 in chips)
Seat 6: 9cc838aa ($400 in chips)
Seat 2: 72897c7c ($592.45 in chips)
Seat 1: Hero ($246.83 in chips)
Seat 4: d6edcd9f ($744.86 in chips)
14a30721: posts small blind $1
9cc838aa: posts big blind $2
*** HOLE CARDS ***
Dealt to 14a30721 
Dealt to f1824cc4 
Dealt to f19e7c8f 
Dealt to 9cc838aa 
Dealt to 72897c7c 
Dealt to Hero [3s 8s]
Dealt to d6edcd9f 
f1824cc4: folds
Hero: folds
72897c7c: calls $2
f19e7c8f: raises $6 to $8
d6edcd9f: folds
14a30721: folds
9cc838aa: folds
72897c7c: calls $6
*** FLOP *** [8d 9s 6c]
72897c7c: checks
f19e7c8f: checks
*** TURN *** [8d 9s 6c] [Jh]
72897c7c: bets $14.25
f19e7c8f: calls $14.25
*** RIVER *** [8d 9s 6c Jh] [2d]
72897c7c: bets $35.63
f19e7c8f: calls $35.63
72897c7c: shows [Jc 2c]
f19e7c8f: shows [Qs Qc]
*** SHOWDOWN ***
72897c7c collected $118.76 from pot
*** SUMMARY ***
Total pot $118.76
Board [8d 9s 6c Jh 2d]
Seat 5: 14a30721(small blind) folded before Flop
Seat 7: f1824cc4 folded before Flop (didn't bet)
Seat 3: f19e7c8f showed [Qs Qc] and lost with Pair of Queens
Seat 6: 9cc838aa(big blind) folded before Flop
Seat 2: 72897c7c showed [Jc 2c] and won ($118.76) with Pair of Jacks and Pair of Twos
Seat 1: Hero folded before Flop (didn't bet)
Seat 4: d6edcd9f folded before Flop (didn't bet)



Poker Hand #ring_845293114: NLH No Limit ($1/$2) - 2025/04/27 13:44:42
Table 'MR NLH 1/2' 7-max Seat #3 is the button
Seat 5: 14a30721 ($706.13 in chips)
Seat 7: f1824cc4 ($400 in chips)
Seat 3: f19e7c8f ($317.44 in chips)
Seat 6: 9cc838aa ($343.07 in chips)
Seat 2: 72897c7c ($535.78 in chips)
Seat 1: Hero ($246.83 in chips)
Seat 4: d6edcd9f ($745.86 in chips)
d6edcd9f: posts small blind $1
14a30721: posts big blind $2
*** HOLE CARDS ***
Dealt to 14a30721 
Dealt to f1824cc4 
Dealt to f19e7c8f 
Dealt to 9cc838aa 
Dealt to 72897c7c 
Dealt to Hero [Js 7d]
Dealt to d6edcd9f 
9cc838aa: folds
f1824cc4: raises $4 to $6
Hero: folds
72897c7c: calls $6
f19e7c8f: calls $6
d6edcd9f: folds
14a30721: folds
*** FLOP *** [Qh 8c 2c]
f1824cc4: bets $6.93
72897c7c: raises $17.43 to $24.36
f19e7c8f: folds
f1824cc4: calls $17.43
*** TURN *** [Qh 8c 2c] [4h]
f1824cc4: checks
72897c7c: bets $23.01
f1824cc4: calls $23.01
*** RIVER *** [Qh 8c 2c 4h] [5h]
f1824cc4: checks
72897c7c: checks
72897c7c: shows [Ks Qc]
f1824cc4: shows [6c Ac]
*** SHOWDOWN ***
72897c7c collected $115.74 from pot
*** SUMMARY ***
Total pot $115.74
Board [Qh 8c 2c 4h 5h]
Seat 5: 14a30721(big blind) folded before Flop
Seat 7: f1824cc4 showed [6c Ac] and lost with Ace-High
Seat 3: f19e7c8f folded on the Flop
Seat 6: 9cc838aa folded before Flop (didn't bet)
Seat 2: 72897c7c showed [Ks Qc] and won ($115.74) with Pair of Queens
Seat 1: Hero folded before Flop (didn't bet)
Seat 4: d6edcd9f(small blind) folded before Flop



Poker Hand #ring_845292547: NLH No Limit ($1/$2) - 2025/04/27 13:44:02
Table 'MR NLH 1/2' 7-max Seat #2 is the button
Seat 5: 14a30721 ($706.13 in chips)
Seat 7: f1824cc4 ($400 in chips)
Seat 3: f19e7c8f ($304.84 in chips)
Seat 6: 9cc838aa ($343.07 in chips)
Seat 2: 72897c7c ($541.78 in chips)
Seat 1: Hero ($252.83 in chips)
Seat 4: d6edcd9f ($747.86 in chips)
f19e7c8f: posts small blind $1
d6edcd9f: posts big blind $2
*** HOLE CARDS ***
Dealt to 14a30721 
Dealt to f1824cc4 
Dealt to f19e7c8f 
Dealt to 9cc838aa 
Dealt to 72897c7c 
Dealt to Hero [Ad 9c]
Dealt to d6edcd9f 
14a30721: folds
9cc838aa: folds
f1824cc4: folds
Hero: raises $4 to $6
72897c7c: calls $6
f19e7c8f: calls $5
d6edcd9f: folds
*** FLOP *** [Qs 8s Jd]
f19e7c8f: checks
Hero: checks
72897c7c: checks
*** TURN *** [Qs 8s Jd] [9d]
f19e7c8f: bets $14.8
Hero: folds
72897c7c: folds
Uncalled bet ($14.8) returned to f19e7c8f
*** SHOWDOWN ***
f19e7c8f collected $20 from pot
*** SUMMARY ***
Total pot $20
Board [Qs 8s Jd 9d]
Seat 5: 14a30721 folded before Flop (didn't bet)
Seat 7: f1824cc4 folded before Flop (didn't bet)
Seat 3: f19e7c8f(small blind)won ($20) with Queens-High Straight
Seat 6: 9cc838aa folded before Flop (didn't bet)
Seat 2: 72897c7c folded on the Turn
Seat 1: Hero folded on the Turn
Seat 4: d6edcd9f(big blind) folded before Flop



Poker Hand #ring_845291572: NLH No Limit ($1/$2) - 2025/04/27 13:42:49
Table 'MR NLH 1/2' 7-max Seat #1 is the button
Seat 5: 14a30721 ($706.13 in chips)
Seat 7: f1824cc4 ($400 in chips)
Seat 3: f19e7c8f ($296.33 in chips)
Seat 6: 9cc838aa ($343.07 in chips)
Seat 2: 72897c7c ($542.78 in chips)
Seat 1: Hero ($261.13 in chips)
Seat 4: d6edcd9f ($747.86 in chips)
72897c7c: posts small blind $1
f19e7c8f: posts big blind $2
*** HOLE CARDS ***
Dealt to 14a30721 
Dealt to f1824cc4 
Dealt to f19e7c8f 
Dealt to 9cc838aa 
Dealt to 72897c7c 
Dealt to Hero [Tc 9s]
Dealt to d6edcd9f 
d6edcd9f: folds
14a30721: folds
9cc838aa: folds
f1824cc4: folds
Hero: raises $3 to $5
72897c7c: folds
f19e7c8f: calls $3
*** FLOP *** [Ac 5s 6s]
f19e7c8f: checks
Hero: bets $3.3
f19e7c8f: raises $13.03 to $16.33
Hero: folds
Uncalled bet ($13.03) returned to f19e7c8f
*** SHOWDOWN ***
f19e7c8f collected $17.6 from pot
*** SUMMARY ***
Total pot $17.6
Board [Ac 5s 6s]
Seat 5: 14a30721 folded before Flop (didn't bet)
Seat 7: f1824cc4 folded before Flop (didn't bet)
Seat 3: f19e7c8f(big blind)won ($17.6) with Pair of Sevens
Seat 6: 9cc838aa folded before Flop (didn't bet)
Seat 2: 72897c7c(small blind) folded before Flop
Seat 1: Hero folded on the Flop
Seat 4: d6edcd9f folded before Flop (didn't bet)



Poker Hand #ring_845290508: NLH No Limit ($1/$2) - 2025/04/27 13:41:34
Table 'MR NLH 1/2' 7-max Seat #7 is the button
Seat 5: 14a30721 ($706.13 in chips)
Seat 7: f1824cc4 ($373.74 in chips)
Seat 3: f19e7c8f ($240.15 in chips)
Seat 6: 9cc838aa ($398 in chips)
Seat 2: 72897c7c ($548.78 in chips)
Seat 1: Hero ($262.13 in chips)
Seat 4: d6edcd9f ($747.86 in chips)
Hero: posts small blind $1
72897c7c: posts big blind $2
*** HOLE CARDS ***
Dealt to 14a30721 
Dealt to f1824cc4 
Dealt to f19e7c8f 
Dealt to 9cc838aa 
Dealt to 72897c7c 
Dealt to Hero [Ts 2s]
Dealt to d6edcd9f 
f19e7c8f: raises $4 to $6
d6edcd9f: folds
14a30721: folds
9cc838aa: calls $6
f1824cc4: folds
Hero: folds
72897c7c: calls $4
*** FLOP *** [7h Js 4h]
72897c7c: checks
f19e7c8f: checks
9cc838aa: checks
*** TURN *** [7h Js 4h] [5s]
72897c7c: checks
f19e7c8f: bets $14.06
9cc838aa: calls $14.06
72897c7c: folds
*** RIVER *** [7h Js 4h 5s] [7d]
f19e7c8f: bets $34.87
9cc838aa: calls $34.87
f19e7c8f: shows [Jc Jh]
9cc838aa: shows [6d 6s]
*** SHOWDOWN ***
f19e7c8f collected $116.86 from pot
*** SUMMARY ***
Total pot $116.86
Board [7h Js 4h 5s 7d]
Seat 5: 14a30721 folded before Flop (didn't bet)
Seat 7: f1824cc4 folded before Flop (didn't bet)
Seat 3: f19e7c8f showed [Jc Jh] and won ($116.86) with Jacks Full over Sevens
Seat 6: 9cc838aa showed [6d 6s] and lost with Pair of Sevens and Pair of Sixes
Seat 2: 72897c7c(big blind) folded on the Turn
Seat 1: Hero(small blind) folded before Flop
Seat 4: d6edcd9f folded before Flop (didn't bet)



Poker Hand #ring_845289776: NLH No Limit ($1/$2) - 2025/04/27 13:40:41
Table 'MR NLH 1/2' 7-max Seat #6 is the button
Seat 5: 14a30721 ($706.13 in chips)
Seat 7: f1824cc4 ($374.74 in chips)
Seat 3: f19e7c8f ($240.15 in chips)
Seat 6: 9cc838aa ($398 in chips)
Seat 2: 72897c7c ($542.36 in chips)
Seat 1: Hero ($268.13 in chips)
Seat 4: d6edcd9f ($747.86 in chips)
f1824cc4: posts small blind $1
Hero: posts big blind $2
*** HOLE CARDS ***
Dealt to 14a30721 
Dealt to f1824cc4 
Dealt to f19e7c8f 
Dealt to 9cc838aa 
Dealt to 72897c7c 
Dealt to Hero [4s 4h]
Dealt to d6edcd9f 
72897c7c: raises $4 to $6
f19e7c8f: folds
d6edcd9f: folds
14a30721: folds
9cc838aa: folds
f1824cc4: folds
Hero: calls $4
*** FLOP *** [Ad 8c 9d]
Hero: checks
72897c7c: bets $9.75
Hero: folds
Uncalled bet ($9.75) returned to 72897c7c
*** SHOWDOWN ***
72897c7c collected $13 from pot
*** SUMMARY ***
Total pot $13
Board [Ad 8c 9d]
Seat 5: 14a30721 folded before Flop (didn't bet)
Seat 7: f1824cc4(small blind) folded before Flop
Seat 3: f19e7c8f folded before Flop (didn't bet)
Seat 6: 9cc838aa folded before Flop (didn't bet)
Seat 2: 72897c7cwon ($13) with Ace-High
Seat 1: Hero(big blind) folded on the Flop
Seat 4: d6edcd9f folded before Flop (didn't bet)



Poker Hand #ring_845289032: NLH No Limit ($1/$2) - 2025/04/27 13:39:46
Table 'MR NLH 1/2' 7-max Seat #5 is the button
Seat 5: 14a30721 ($706.13 in chips)
Seat 7: f1824cc4 ($376.74 in chips)
Seat 3: f19e7c8f ($240.15 in chips)
Seat 6: 9cc838aa ($400 in chips)
Seat 2: 72897c7c ($538.63 in chips)
Seat 1: Hero ($268.13 in chips)
Seat 4: d6edcd9f ($747.86 in chips)
9cc838aa: posts small blind $1
f1824cc4: posts big blind $2
*** HOLE CARDS ***
Dealt to 14a30721 
Dealt to f1824cc4 
Dealt to f19e7c8f 
Dealt to 9cc838aa 
Dealt to 72897c7c 
Dealt to Hero [Ks 3c]
Dealt to d6edcd9f 
Hero: folds
72897c7c: calls $2
f19e7c8f: folds
d6edcd9f: folds
14a30721: folds
9cc838aa: calls $1
f1824cc4: checks
*** FLOP *** [9s Js Ah]
9cc838aa: checks
f1824cc4: checks
72897c7c: checks
*** TURN *** [9s Js Ah] [9d]
9cc838aa: checks
f1824cc4: checks
72897c7c: checks
*** RIVER *** [9s Js Ah 9d] [9c]
9cc838aa: checks
f1824cc4: checks
72897c7c: checks
72897c7c: shows [Kc Qc]
9cc838aa: shows [4d 8d]
f1824cc4: shows [3h 2d]
*** SHOWDOWN ***
72897c7c collected $6 from pot
*** SUMMARY ***
Total pot $6
Board [9s Js Ah 9d 9c]
Seat 5: 14a30721 folded before Flop (didn't bet)
Seat 7: f1824cc4(big blind) showed [3h 2d] and lost with Three Nines
Seat 3: f19e7c8f folded before Flop (didn't bet)
Seat 6: 9cc838aa(small blind) showed [4d 8d] and lost with Three Nines
Seat 2: 72897c7c showed [Kc Qc] and won ($6) with Three Nines
Seat 1: Hero folded before Flop (didn't bet)
Seat 4: d6edcd9f folded before Flop (didn't bet)



Poker Hand #ring_845288240: NLH No Limit ($1/$2) - 2025/04/27 13:38:47
Table 'MR NLH 1/2' 7-max Seat #4 is the button
Seat 5: 14a30721 ($707.13 in chips)
Seat 7: f1824cc4 ($376.74 in chips)
Seat 3: f19e7c8f ($240.15 in chips)
Seat 6: 9cc838aa ($335.5 in chips)
Seat 2: 72897c7c ($538.63 in chips)
Seat 1: Hero ($268.13 in chips)
Seat 4: d6edcd9f ($739.05 in chips)
14a30721: posts small blind $1
9cc838aa: posts big blind $2
*** HOLE CARDS ***
Dealt to 14a30721 
Dealt to f1824cc4 
Dealt to f19e7c8f 
Dealt to 9cc838aa 
Dealt to 72897c7c 
Dealt to Hero [Kh Td]
Dealt to d6edcd9f 
f1824cc4: folds
Hero: folds
72897c7c: folds
f19e7c8f: folds
d6edcd9f: raises $3 to $5
14a30721: folds
9cc838aa: calls $3
*** FLOP *** [Jh 4c 3c]
9cc838aa: checks
d6edcd9f: bets $3.63
9cc838aa: calls $3.63
*** TURN *** [Jh 4c 3c] [Qh]
9cc838aa: checks
d6edcd9f: bets $13.7
9cc838aa: folds
Uncalled bet ($13.7) returned to d6edcd9f
*** SHOWDOWN ***
d6edcd9f collected $18.26 from pot
*** SUMMARY ***
Total pot $18.26
Board [Jh 4c 3c Qh]
Seat 5: 14a30721(small blind) folded before Flop
Seat 7: f1824cc4 folded before Flop (didn't bet)
Seat 3: f19e7c8f folded before Flop (didn't bet)
Seat 6: 9cc838aa(big blind) folded on the Turn
Seat 2: 72897c7c folded before Flop (didn't bet)
Seat 1: Hero folded before Flop (didn't bet)
Seat 4: d6edcd9fwon ($18.26) with Pair of Queens



Poker Hand #ring_845287304: NLH No Limit ($1/$2) - 2025/04/27 13:37:34
Table 'MR NLH 1/2' 7-max Seat #3 is the button
Seat 5: 14a30721 ($709.13 in chips)
Seat 7: f1824cc4 ($376.74 in chips)
Seat 3: f19e7c8f ($240.15 in chips)
Seat 6: 9cc838aa ($394 in chips)
Seat 2: 72897c7c ($483.03 in chips)
Seat 1: Hero ($268.13 in chips)
Seat 4: d6edcd9f ($740.05 in chips)
d6edcd9f: posts small blind $1
14a30721: posts big blind $2
*** HOLE CARDS ***
Dealt to 14a30721 
Dealt to f1824cc4 
Dealt to f19e7c8f 
Dealt to 9cc838aa 
Dealt to 72897c7c 
Dealt to Hero [9h 4c]
Dealt to d6edcd9f 
9cc838aa: raises $4 to $6
f1824cc4: folds
Hero: folds
72897c7c: calls $6
f19e7c8f: folds
d6edcd9f: folds
14a30721: folds
*** FLOP *** [3h 6h 9c]
9cc838aa: bets $7.5
72897c7c: raises $15 to $22.5
9cc838aa: calls $15
*** TURN *** [3h 6h 9c] [6c]
9cc838aa: checks
72897c7c: bets $30
9cc838aa: calls $30
*** RIVER *** [3h 6h 9c 6c] [8d]
9cc838aa: checks
72897c7c: checks
72897c7c: shows [9s 8c]
9cc838aa: shows [7s 7h]
*** SHOWDOWN ***
72897c7c collected $120 from pot
*** SUMMARY ***
Total pot $120
Board [3h 6h 9c 6c 8d]
Seat 5: 14a30721(big blind) folded before Flop
Seat 7: f1824cc4 folded before Flop (didn't bet)
Seat 3: f19e7c8f folded before Flop (didn't bet)
Seat 6: 9cc838aa showed [7s 7h] and lost with Pair of Sevens and Pair of Sixes
Seat 2: 72897c7c showed [9s 8c] and won ($120) with Pair of Nines and Pair of Eights
Seat 1: Hero folded before Flop (didn't bet)
Seat 4: d6edcd9f(small blind) folded before Flop



Poker Hand #ring_845286566: NLH No Limit ($1/$2) - 2025/04/27 13:36:36
Table 'MR NLH 1/2' 7-max Seat #2 is the button
Seat 5: 14a30721 ($700.8 in chips)
Seat 7: f1824cc4 ($376.74 in chips)
Seat 3: f19e7c8f ($241.15 in chips)
Seat 6: 9cc838aa ($394 in chips)
Seat 2: 72897c7c ($489.03 in chips)
Seat 1: Hero ($268.13 in chips)
Seat 4: d6edcd9f ($742.05 in chips)
f19e7c8f: posts small blind $1
d6edcd9f: posts big blind $2
*** HOLE CARDS ***
Dealt to 14a30721 
Dealt to f1824cc4 
Dealt to f19e7c8f 
Dealt to 9cc838aa 
Dealt to 72897c7c 
Dealt to Hero [8d Ts]
Dealt to d6edcd9f 
14a30721: raises $4 to $6
9cc838aa: folds
f1824cc4: folds
Hero: folds
72897c7c: calls $6
f19e7c8f: folds
d6edcd9f: folds
*** FLOP *** [7h Qd 9c]
14a30721: checks
72897c7c: checks
*** TURN *** [7h Qd 9c] [2c]
14a30721: bets $7.5
72897c7c: folds
Uncalled bet ($7.5) returned to 14a30721
*** SHOWDOWN ***
14a30721 collected $15 from pot
*** SUMMARY ***
Total pot $15
Board [7h Qd 9c 2c]
Seat 5: 14a30721won ($15) with Ace-High
Seat 7: f1824cc4 folded before Flop (didn't bet)
Seat 3: f19e7c8f(small blind) folded before Flop
Seat 6: 9cc838aa folded before Flop (didn't bet)
Seat 2: 72897c7c folded on the Turn
Seat 1: Hero folded before Flop (didn't bet)
Seat 4: d6edcd9f(big blind) folded before Flop



Poker Hand #ring_845286071: NLH No Limit ($1/$2) - 2025/04/27 13:35:56
Table 'MR NLH 1/2' 7-max Seat #1 is the button
Seat 5: 14a30721 ($700.8 in chips)
Seat 7: f1824cc4 ($376.74 in chips)
Seat 3: f19e7c8f ($249.15 in chips)
Seat 6: 9cc838aa ($394 in chips)
Seat 2: 72897c7c ($481.03 in chips)
Seat 1: Hero ($268.13 in chips)
Seat 4: d6edcd9f ($742.05 in chips)
72897c7c: posts small blind $1
f19e7c8f: posts big blind $2
*** HOLE CARDS ***
Dealt to 14a30721 
Dealt to f1824cc4 
Dealt to f19e7c8f 
Dealt to 9cc838aa 
Dealt to 72897c7c 
Dealt to Hero [3s Jh]
Dealt to d6edcd9f 
d6edcd9f: folds
14a30721: folds
9cc838aa: folds
f1824cc4: folds
Hero: folds
72897c7c: calls $1
f19e7c8f: raises $6 to $8
72897c7c: raises $16 to $24
f19e7c8f: folds
Uncalled bet ($16) returned to 72897c7c
*** SHOWDOWN ***
72897c7c collected $16 from pot
*** SUMMARY ***
Total pot $16
Seat 5: 14a30721 folded before Flop (didn't bet)
Seat 7: f1824cc4 folded before Flop (didn't bet)
Seat 3: f19e7c8f(big blind) folded before Flop
Seat 6: 9cc838aa folded before Flop (didn't bet)
Seat 2: 72897c7c(small blind)won ($16)
Seat 1: Hero folded before Flop (didn't bet)
Seat 4: d6edcd9f folded before Flop (didn't bet)



Poker Hand #ring_845285362: NLH No Limit ($1/$2) - 2025/04/27 13:34:58
Table 'MR NLH 1/2' 7-max Seat #7 is the button
Seat 5: 14a30721 ($700.8 in chips)
Seat 7: f1824cc4 ($376.74 in chips)
Seat 3: f19e7c8f ($249.15 in chips)
Seat 6: 9cc838aa ($394 in chips)
Seat 2: 72897c7c ($486.03 in chips)
Seat 1: Hero ($269.13 in chips)
Seat 4: d6edcd9f ($736.54 in chips)
Hero: posts small blind $1
72897c7c: posts big blind $2
*** HOLE CARDS ***
Dealt to 14a30721 
Dealt to f1824cc4 
Dealt to f19e7c8f 
Dealt to 9cc838aa 
Dealt to 72897c7c 
Dealt to Hero [2d Ks]
Dealt to d6edcd9f 
f19e7c8f: folds
d6edcd9f: raises $3 to $5
14a30721: folds
9cc838aa: folds
f1824cc4: folds
Hero: folds
72897c7c: calls $3
*** FLOP *** [4h 7d Qc]
72897c7c: checks
d6edcd9f: bets $3.63
72897c7c: folds
Uncalled bet ($3.63) returned to d6edcd9f
*** SHOWDOWN ***
d6edcd9f collected $11 from pot
*** SUMMARY ***
Total pot $11
Board [4h 7d Qc]
Seat 5: 14a30721 folded before Flop (didn't bet)
Seat 7: f1824cc4 folded before Flop (didn't bet)
Seat 3: f19e7c8f folded before Flop (didn't bet)
Seat 6: 9cc838aa folded before Flop (didn't bet)
Seat 2: 72897c7c(big blind) folded on the Flop
Seat 1: Hero(small blind) folded before Flop
Seat 4: d6edcd9fwon ($11) with Ace-High



Poker Hand #ring_845284816: NLH No Limit ($1/$2) - 2025/04/27 13:34:15
Table 'MR NLH 1/2' 7-max Seat #6 is the button
Seat 5: 14a30721 ($700.8 in chips)
Seat 7: f1824cc4 ($382.74 in chips)
Seat 3: f19e7c8f ($249.15 in chips)
Seat 6: 9cc838aa ($394 in chips)
Seat 2: 72897c7c ($486.03 in chips)
Seat 1: Hero ($263.67 in chips)
Seat 4: d6edcd9f ($736.54 in chips)
f1824cc4: posts small blind $1
Hero: posts big blind $2
*** HOLE CARDS ***
Dealt to 14a30721 
Dealt to f1824cc4 
Dealt to f19e7c8f 
Dealt to 9cc838aa 
Dealt to 72897c7c 
Dealt to Hero [Kh 5h]
Dealt to d6edcd9f 
72897c7c: folds
f19e7c8f: folds
d6edcd9f: folds
14a30721: folds
9cc838aa: folds
f1824cc4: raises $4 to $6
Hero: calls $4
*** FLOP *** [Tc Td Qc]
f1824cc4: checks
Hero: checks
*** TURN *** [Tc Td Qc] [3h]
f1824cc4: checks
Hero: checks
*** RIVER *** [Tc Td Qc 3h] [Ks]
f1824cc4: checks
Hero: bets $6
f1824cc4: folds
Uncalled bet ($6) returned to Hero
*** SHOWDOWN ***
Hero collected $12 from pot
*** SUMMARY ***
Total pot $12
Board [Tc Td Qc 3h Ks]
Seat 5: 14a30721 folded before Flop (didn't bet)
Seat 7: f1824cc4(small blind) folded on the River
Seat 3: f19e7c8f folded before Flop (didn't bet)
Seat 6: 9cc838aa folded before Flop (didn't bet)
Seat 2: 72897c7c folded before Flop (didn't bet)
Seat 1: Hero(big blind)won ($12) with Pair of Kings and Pair of Tens
Seat 4: d6edcd9f folded before Flop (didn't bet)



Poker Hand #ring_845284137: NLH No Limit ($1/$2) - 2025/04/27 13:33:22
Table 'MR NLH 1/2' 7-max Seat #5 is the button
Seat 5: 14a30721 ($700.8 in chips)
Seat 7: f1824cc4 ($400 in chips)
Seat 3: f19e7c8f ($249.15 in chips)
Seat 6: 9cc838aa ($396 in chips)
Seat 2: 72897c7c ($468.91 in chips)
Seat 1: Hero ($263.67 in chips)
Seat 4: d6edcd9f ($736.54 in chips)
9cc838aa: posts small blind $1
f1824cc4: posts big blind $2
*** HOLE CARDS ***
Dealt to 14a30721 
Dealt to f1824cc4 
Dealt to f19e7c8f 
Dealt to 9cc838aa 
Dealt to 72897c7c 
Dealt to Hero [Qs 4d]
Dealt to d6edcd9f 
Hero: folds
72897c7c: calls $2
f19e7c8f: folds
d6edcd9f: folds
14a30721: folds
9cc838aa: calls $1
f1824cc4: raises $8 to $10
72897c7c: calls $8
9cc838aa: folds
*** FLOP *** [2h 8s Ac]
f1824cc4: bets $7.26
72897c7c: calls $7.26
*** TURN *** [2h 8s Ac] [8d]
f1824cc4: checks
72897c7c: bets $18.26
f1824cc4: folds
Uncalled bet ($18.26) returned to 72897c7c
*** SHOWDOWN ***
72897c7c collected $36.52 from pot
*** SUMMARY ***
Total pot $36.52
Board [2h 8s Ac 8d]
Seat 5: 14a30721 folded before Flop (didn't bet)
Seat 7: f1824cc4(big blind) folded on the Turn
Seat 3: f19e7c8f folded before Flop (didn't bet)
Seat 6: 9cc838aa(small blind) folded before Flop
Seat 2: 72897c7cwon ($36.52) with Three Eights
Seat 1: Hero folded before Flop (didn't bet)
Seat 4: d6edcd9f folded before Flop (didn't bet)



Poker Hand #ring_845283586: NLH No Limit ($1/$2) - 2025/04/27 13:32:37
Table 'MR NLH 1/2' 7-max Seat #4 is the button
Seat 5: 14a30721 ($705.8 in chips)
Seat 3: f19e7c8f ($249.15 in chips)
Seat 6: 9cc838aa ($391 in chips)
Seat 2: 72897c7c ($468.91 in chips)
Seat 1: Hero ($263.67 in chips)
Seat 4: d6edcd9f ($736.54 in chips)
14a30721: posts small blind $1
9cc838aa: posts big blind $2
*** HOLE CARDS ***
Dealt to 14a30721 
Dealt to f19e7c8f 
Dealt to 9cc838aa 
Dealt to 72897c7c 
Dealt to Hero [3c 7c]
Dealt to d6edcd9f 
Hero: folds
72897c7c: folds
f19e7c8f: folds
d6edcd9f: folds
14a30721: raises $3 to $5
9cc838aa: raises $15 to $20
14a30721: folds
Uncalled bet ($15) returned to 9cc838aa
*** SHOWDOWN ***
9cc838aa collected $10 from pot
*** SUMMARY ***
Total pot $10
Seat 5: 14a30721(small blind) folded before Flop
Seat 3: f19e7c8f folded before Flop (didn't bet)
Seat 6: 9cc838aa(big blind)won ($10)
Seat 2: 72897c7c folded before Flop (didn't bet)
Seat 1: Hero folded before Flop (didn't bet)
Seat 4: d6edcd9f folded before Flop (didn't bet)



Poker Hand #ring_845283135: NLH No Limit ($1/$2) - 2025/04/27 13:32:02
Table 'MR NLH 1/2' 7-max Seat #3 is the button
Seat 5: 14a30721 ($707.8 in chips)
Seat 3: f19e7c8f ($239 in chips)
Seat 6: 9cc838aa ($391 in chips)
Seat 2: 72897c7c ($476.91 in chips)
Seat 1: Hero ($263.67 in chips)
Seat 4: d6edcd9f ($737.54 in chips)
d6edcd9f: posts small blind $1
14a30721: posts big blind $2
*** HOLE CARDS ***
Dealt to 14a30721 
Dealt to f19e7c8f 
Dealt to 9cc838aa 
Dealt to 72897c7c 
Dealt to Hero [8c 7d]
Dealt to d6edcd9f 
9cc838aa: folds
Hero: folds
72897c7c: calls $2
f19e7c8f: raises $6 to $8
d6edcd9f: folds
14a30721: folds
72897c7c: calls $6
*** FLOP *** [Ks 8d Jc]
72897c7c: checks
f19e7c8f: bets $10.26
72897c7c: folds
Uncalled bet ($10.26) returned to f19e7c8f
*** SHOWDOWN ***
f19e7c8f collected $19 from pot
*** SUMMARY ***
Total pot $19
Board [Ks 8d Jc]
Seat 5: 14a30721(big blind) folded before Flop
Seat 3: f19e7c8fwon ($19) with Pair of Jacks
Seat 6: 9cc838aa folded before Flop (didn't bet)
Seat 2: 72897c7c folded on the Flop
Seat 1: Hero folded before Flop (didn't bet)
Seat 4: d6edcd9f(small blind) folded before Flop



Poker Hand #ring_845281865: NLH No Limit ($1/$2) - 2025/04/27 13:30:26
Table 'MR NLH 1/2' 7-max Seat #2 is the button
Seat 5: 14a30721 ($707.8 in chips)
Seat 3: f19e7c8f ($240 in chips)
Seat 6: 9cc838aa ($391 in chips)
Seat 2: 72897c7c ($482.91 in chips)
Seat 1: Hero ($279.17 in chips)
Seat 4: d6edcd9f ($717.25 in chips)
f19e7c8f: posts small blind $1
d6edcd9f: posts big blind $2
*** HOLE CARDS ***
Dealt to 14a30721 
Dealt to f19e7c8f 
Dealt to 9cc838aa 
Dealt to 72897c7c 
Dealt to Hero [6d 5d]
Dealt to d6edcd9f 
14a30721: folds
9cc838aa: folds
Hero: raises $4 to $6
72897c7c: calls $6
f19e7c8f: folds
d6edcd9f: calls $4
*** FLOP *** [9h 4h 4d]
d6edcd9f: checks
Hero: bets $9.5
72897c7c: folds
d6edcd9f: calls $9.5
*** TURN *** [9h 4h 4d] [4c]
d6edcd9f: checks
Hero: checks
*** RIVER *** [9h 4h 4d 4c] [8d]
d6edcd9f: bets $28.5
Hero: folds
Uncalled bet ($28.5) returned to d6edcd9f
*** SHOWDOWN ***
d6edcd9f collected $38 from pot
*** SUMMARY ***
Total pot $38
Board [9h 4h 4d 4c 8d]
Seat 5: 14a30721 folded before Flop (didn't bet)
Seat 3: f19e7c8f(small blind) folded before Flop
Seat 6: 9cc838aa folded before Flop (didn't bet)
Seat 2: 72897c7c folded on the Flop
Seat 1: Hero folded on the River
Seat 4: d6edcd9f(big blind)won ($38) with Fours Full over Nines



Poker Hand #ring_845280921: NLH No Limit ($1/$2) - 2025/04/27 13:29:14
Table 'MR NLH 1/2' 7-max Seat #1 is the button
Seat 5: 14a30721 ($707.8 in chips)
Seat 3: f19e7c8f ($242 in chips)
Seat 6: 9cc838aa ($397 in chips)
Seat 2: 72897c7c ($475.54 in chips)
Seat 7: fc53bd1c ($240.72 in chips)
Seat 1: Hero ($279.17 in chips)
Seat 4: d6edcd9f ($717.25 in chips)
72897c7c: posts small blind $1
f19e7c8f: posts big blind $2
*** HOLE CARDS ***
Dealt to 14a30721 
Dealt to f19e7c8f 
Dealt to 9cc838aa 
Dealt to 72897c7c 
Dealt to fc53bd1c 
Dealt to Hero [2h 6d]
Dealt to d6edcd9f 
d6edcd9f: folds
14a30721: folds
9cc838aa: raises $4 to $6
fc53bd1c: folds
Hero: folds
72897c7c: calls $5
f19e7c8f: folds
*** FLOP *** [Ts Js 8d]
72897c7c: checks
9cc838aa: checks
*** TURN *** [Ts Js 8d] [7d]
72897c7c: checks
9cc838aa: checks
*** RIVER *** [Ts Js 8d 7d] [4h]
72897c7c: checks
9cc838aa: checks
72897c7c: shows [4s Kc]
9cc838aa: shows [Kh Ac]
*** SHOWDOWN ***
72897c7c collected $14 from pot
*** SUMMARY ***
Total pot $14
Board [Ts Js 8d 7d 4h]
Seat 5: 14a30721 folded before Flop (didn't bet)
Seat 3: f19e7c8f(big blind) folded before Flop
Seat 6: 9cc838aa showed [Kh Ac] and lost with Ace-High
Seat 2: 72897c7c(small blind) showed [4s Kc] and won ($14) with Pair of Fours
Seat 7: fc53bd1c folded before Flop (didn't bet)
Seat 1: Hero folded before Flop (didn't bet)
Seat 4: d6edcd9f folded before Flop (didn't bet)



Poker Hand #ring_845280212: NLH No Limit ($1/$2) - 2025/04/27 13:28:20
Table 'MR NLH 1/2' 7-max Seat #7 is the button
Seat 5: 14a30721 ($707.8 in chips)
Seat 3: f19e7c8f ($235.58 in chips)
Seat 6: 9cc838aa ($397 in chips)
Seat 2: 72897c7c ($481.54 in chips)
Seat 7: fc53bd1c ($240.72 in chips)
Seat 1: Hero ($280.17 in chips)
Seat 4: d6edcd9f ($717.25 in chips)
Hero: posts small blind $1
72897c7c: posts big blind $2
*** HOLE CARDS ***
Dealt to 14a30721 
Dealt to f19e7c8f 
Dealt to 9cc838aa 
Dealt to 72897c7c 
Dealt to fc53bd1c 
Dealt to Hero [Kc 7c]
Dealt to d6edcd9f 
f19e7c8f: raises $4 to $6
d6edcd9f: folds
14a30721: folds
9cc838aa: folds
fc53bd1c: folds
Hero: folds
72897c7c: calls $4
*** FLOP *** [Qs 7s 9s]
72897c7c: checks
f19e7c8f: bets $4.42
72897c7c: folds
Uncalled bet ($4.42) returned to f19e7c8f
*** SHOWDOWN ***
f19e7c8f collected $13 from pot
*** SUMMARY ***
Total pot $13
Board [Qs 7s 9s]
Seat 5: 14a30721 folded before Flop (didn't bet)
Seat 3: f19e7c8fwon ($13) with King-High
Seat 6: 9cc838aa folded before Flop (didn't bet)
Seat 2: 72897c7c(big blind) folded on the Flop
Seat 7: fc53bd1c folded before Flop (didn't bet)
Seat 1: Hero(small blind) folded before Flop
Seat 4: d6edcd9f folded before Flop (didn't bet)



Poker Hand #ring_845279374: NLH No Limit ($1/$2) - 2025/04/27 13:27:20
Table 'MR NLH 1/2' 7-max Seat #6 is the button
Seat 5: 14a30721 ($707.8 in chips)
Seat 3: f19e7c8f ($235.58 in chips)
Seat 6: 9cc838aa ($397 in chips)
Seat 2: 72897c7c ($476.94 in chips)
Seat 7: fc53bd1c ($241.72 in chips)
Seat 1: Hero ($284.17 in chips)
Seat 4: d6edcd9f ($717.25 in chips)
fc53bd1c: posts small blind $1
Hero: posts big blind $2
*** HOLE CARDS ***
Dealt to 14a30721 
Dealt to f19e7c8f 
Dealt to 9cc838aa 
Dealt to 72897c7c 
Dealt to fc53bd1c 
Dealt to Hero [2h Jc]
Dealt to d6edcd9f 
72897c7c: calls $2
f19e7c8f: folds
d6edcd9f: folds
14a30721: folds
9cc838aa: folds
fc53bd1c: folds
Hero: checks
*** FLOP *** [Qh 6h 4s]
Hero: checks
72897c7c: checks
*** TURN *** [Qh 6h 4s] [8s]
Hero: bets $2
72897c7c: calls $2
*** RIVER *** [Qh 6h 4s 8s] [Qs]
Hero: checks
72897c7c: bets $9
Hero: folds
Uncalled bet ($9) returned to 72897c7c
*** SHOWDOWN ***
72897c7c collected $9 from pot
*** SUMMARY ***
Total pot $9
Board [Qh 6h 4s 8s Qs]
Seat 5: 14a30721 folded before Flop (didn't bet)
Seat 3: f19e7c8f folded before Flop (didn't bet)
Seat 6: 9cc838aa folded before Flop (didn't bet)
Seat 2: 72897c7cwon ($9) with Pair of Queens and Pair of Eights
Seat 7: fc53bd1c(small blind) folded before Flop
Seat 1: Hero(big blind) folded on the River
Seat 4: d6edcd9f folded before Flop (didn't bet)



Poker Hand #ring_845278551: NLH No Limit ($1/$2) - 2025/04/27 13:26:19
Table 'MR NLH 1/2' 7-max Seat #5 is the button
Seat 5: 14a30721 ($707.8 in chips)
Seat 3: f19e7c8f ($182 in chips)
Seat 6: 9cc838aa ($398 in chips)
Seat 2: 72897c7c ($514.32 in chips)
Seat 7: fc53bd1c ($243.72 in chips)
Seat 1: Hero ($302.17 in chips)
Seat 4: d6edcd9f ($717.25 in chips)
9cc838aa: posts small blind $1
fc53bd1c: posts big blind $2
*** HOLE CARDS ***
Dealt to 14a30721 
Dealt to f19e7c8f 
Dealt to 9cc838aa 
Dealt to 72897c7c 
Dealt to fc53bd1c 
Dealt to Hero [Qd Td]
Dealt to d6edcd9f 
Hero: raises $4 to $6
72897c7c: calls $6
f19e7c8f: raises $12 to $18
d6edcd9f: folds
14a30721: folds
9cc838aa: folds
fc53bd1c: folds
Hero: calls $12
72897c7c: calls $12
*** FLOP *** [Ah 6c 9s]
Hero: checks
72897c7c: checks
f19e7c8f: bets $19.38
Hero: folds
72897c7c: calls $19.38
*** TURN *** [Ah 6c 9s] [Js]
72897c7c: checks
f19e7c8f: checks
*** RIVER *** [Ah 6c 9s Js] [2h]
72897c7c: checks
f19e7c8f: checks
72897c7c: shows [6h 4h]
f19e7c8f: shows [Jc 8c]
*** SHOWDOWN ***
f19e7c8f collected $95.76 from pot
*** SUMMARY ***
Total pot $95.76
Board [Ah 6c 9s Js 2h]
Seat 5: 14a30721 folded before Flop (didn't bet)
Seat 3: f19e7c8f showed [Jc 8c] and won ($95.76) with Pair of Jacks
Seat 6: 9cc838aa(small blind) folded before Flop
Seat 2: 72897c7c showed [6h 4h] and lost with Pair of Sixes
Seat 7: fc53bd1c(big blind) folded before Flop
Seat 1: Hero folded on the Flop
Seat 4: d6edcd9f folded before Flop (didn't bet)



Poker Hand #ring_845277690: NLH No Limit ($1/$2) - 2025/04/27 13:25:12
Table 'MR NLH 1/2' 7-max Seat #4 is the button
Seat 5: 14a30721 ($708.8 in chips)
Seat 3: f19e7c8f ($182 in chips)
Seat 6: 9cc838aa ($400 in chips)
Seat 2: 72897c7c ($547.68 in chips)
Seat 7: fc53bd1c ($243.72 in chips)
Seat 1: Hero ($302.17 in chips)
Seat 4: d6edcd9f ($684.52 in chips)
14a30721: posts small blind $1
9cc838aa: posts big blind $2
*** HOLE CARDS ***
Dealt to 14a30721 
Dealt to f19e7c8f 
Dealt to 9cc838aa 
Dealt to 72897c7c 
Dealt to fc53bd1c 
Dealt to Hero [7h Jd]
Dealt to d6edcd9f 
fc53bd1c: folds
Hero: folds
72897c7c: calls $2
f19e7c8f: folds
d6edcd9f: raises $7 to $9
14a30721: folds
9cc838aa: folds
72897c7c: calls $7
*** FLOP *** [4h 9h Jh]
72897c7c: checks
d6edcd9f: bets $6.93
72897c7c: calls $6.93
*** TURN *** [4h 9h Jh] [Qc]
72897c7c: checks
d6edcd9f: bets $17.43
72897c7c: calls $17.43
*** RIVER *** [4h 9h Jh Qc] [2c]
72897c7c: checks
d6edcd9f: checks
72897c7c: shows [Kh Qs]
d6edcd9f: shows [Ks Kc]
*** SHOWDOWN ***
d6edcd9f collected $69.72 from pot
*** SUMMARY ***
Total pot $69.72
Board [4h 9h Jh Qc 2c]
Seat 5: 14a30721(small blind) folded before Flop
Seat 3: f19e7c8f folded before Flop (didn't bet)
Seat 6: 9cc838aa(big blind) folded before Flop
Seat 2: 72897c7c showed [Kh Qs] and lost with Pair of Queens
Seat 7: fc53bd1c folded before Flop (didn't bet)
Seat 1: Hero folded before Flop (didn't bet)
Seat 4: d6edcd9f showed [Ks Kc] and won ($69.72) with Pair of Kings



Poker Hand #ring_845277373: NLH No Limit ($1/$2) - 2025/04/27 13:24:46
Table 'MR NLH 1/2' 7-max Seat #3 is the button
Seat 5: 14a30721 ($710.8 in chips)
Seat 3: f19e7c8f ($182 in chips)
Seat 6: 9cc838aa ($400 in chips)
Seat 2: 72897c7c ($544.68 in chips)
Seat 7: fc53bd1c ($243.72 in chips)
Seat 1: Hero ($302.17 in chips)
Seat 4: d6edcd9f ($685.52 in chips)
d6edcd9f: posts small blind $1
14a30721: posts big blind $2
*** HOLE CARDS ***
Dealt to 14a30721 
Dealt to f19e7c8f 
Dealt to 9cc838aa 
Dealt to 72897c7c 
Dealt to fc53bd1c 
Dealt to Hero [Qs 8h]
Dealt to d6edcd9f 
9cc838aa: folds
fc53bd1c: folds
Hero: folds
72897c7c: raises $5 to $7
f19e7c8f: folds
d6edcd9f: folds
14a30721: folds
Uncalled bet ($5) returned to 72897c7c
*** SHOWDOWN ***
72897c7c collected $5 from pot
*** SUMMARY ***
Total pot $5
Seat 5: 14a30721(big blind) folded before Flop
Seat 3: f19e7c8f folded before Flop (didn't bet)
Seat 6: 9cc838aa folded before Flop (didn't bet)
Seat 2: 72897c7cwon ($5)
Seat 7: fc53bd1c folded before Flop (didn't bet)
Seat 1: Hero folded before Flop (didn't bet)
Seat 4: d6edcd9f(small blind) folded before Flop



Poker Hand #ring_845276670: NLH No Limit ($1/$2) - 2025/04/27 13:23:56
Table 'MR NLH 1/2' 7-max Seat #2 is the button
Seat 5: 14a30721 ($698.2 in chips)
Seat 3: f19e7c8f ($188 in chips)
Seat 6: 9cc838aa ($292.58 in chips)
Seat 2: 72897c7c ($550.68 in chips)
Seat 7: fc53bd1c ($243.72 in chips)
Seat 1: Hero ($302.17 in chips)
Seat 4: d6edcd9f ($687.52 in chips)
f19e7c8f: posts small blind $1
d6edcd9f: posts big blind $2
*** HOLE CARDS ***
Dealt to 14a30721 
Dealt to f19e7c8f 
Dealt to 9cc838aa 
Dealt to 72897c7c 
Dealt to fc53bd1c 
Dealt to Hero [6c 7h]
Dealt to d6edcd9f 
14a30721: raises $4 to $6
9cc838aa: folds
fc53bd1c: folds
Hero: folds
72897c7c: calls $6
f19e7c8f: calls $5
d6edcd9f: folds
*** FLOP *** [Ks Qs 2d]
f19e7c8f: checks
14a30721: bets $6.6
72897c7c: folds
f19e7c8f: folds
Uncalled bet ($6.6) returned to 14a30721
*** SHOWDOWN ***
14a30721 collected $20 from pot
*** SUMMARY ***
Total pot $20
Board [Ks Qs 2d]
Seat 5: 14a30721won ($20) with Pair of Queens
Seat 3: f19e7c8f(small blind) folded on the Flop
Seat 6: 9cc838aa folded before Flop (didn't bet)
Seat 2: 72897c7c folded on the Flop
Seat 7: fc53bd1c folded before Flop (didn't bet)
Seat 1: Hero folded before Flop (didn't bet)
Seat 4: d6edcd9f(big blind) folded before Flop



Poker Hand #ring_845275453: NLH No Limit ($1/$2) - 2025/04/27 13:22:26
Table 'MR NLH 1/2' 7-max Seat #1 is the button
Seat 5: 14a30721 ($698.2 in chips)
Seat 3: f19e7c8f ($206 in chips)
Seat 6: 9cc838aa ($526.58 in chips)
Seat 2: 72897c7c ($321.05 in chips)
Seat 7: fc53bd1c ($243.72 in chips)
Seat 1: Hero ($302.17 in chips)
Seat 4: d6edcd9f ($687.52 in chips)
72897c7c: posts small blind $1
f19e7c8f: posts big blind $2
*** HOLE CARDS ***
Dealt to 14a30721 
Dealt to f19e7c8f 
Dealt to 9cc838aa 
Dealt to 72897c7c 
Dealt to fc53bd1c 
Dealt to Hero [As 3h]
Dealt to d6edcd9f 
d6edcd9f: folds
14a30721: folds
9cc838aa: raises $4 to $6
fc53bd1c: folds
Hero: folds
72897c7c: calls $5
f19e7c8f: calls $4
*** FLOP *** [4s 8s Jc]
72897c7c: checks
f19e7c8f: checks
9cc838aa: bets $12
72897c7c: calls $12
f19e7c8f: calls $12
*** TURN *** [4s 8s Jc] [5c]
72897c7c: bets $54
f19e7c8f: folds
9cc838aa: calls $54
*** RIVER *** [4s 8s Jc 5c] [5h]
72897c7c: bets $162
9cc838aa: calls $162
72897c7c: shows [7c 6d]
9cc838aa: shows [Tc Jh]
*** SHOWDOWN ***
72897c7c collected $486 from pot
*** SUMMARY ***
Total pot $486
Board [4s 8s Jc 5c 5h]
Seat 5: 14a30721 folded before Flop (didn't bet)
Seat 3: f19e7c8f(big blind) folded on the Turn
Seat 6: 9cc838aa showed [Tc Jh] and lost with Pair of Jacks and Pair of Fives
Seat 2: 72897c7c(small blind) showed [7c 6d] and won ($486) with Eights-High Straight
Seat 7: fc53bd1c folded before Flop (didn't bet)
Seat 1: Hero folded before Flop (didn't bet)
Seat 4: d6edcd9f folded before Flop (didn't bet)



Poker Hand #ring_845274242: NLH No Limit ($1/$2) - 2025/04/27 13:20:55
Table 'MR NLH 1/2' 7-max Seat #7 is the button
Seat 5: 14a30721 ($698.2 in chips)
Seat 6: 9cc838aa ($545.58 in chips)
Seat 2: 72897c7c ($303.3 in chips)
Seat 7: fc53bd1c ($243.72 in chips)
Seat 1: Hero ($303.17 in chips)
Seat 4: d6edcd9f ($687.52 in chips)
Hero: posts small blind $1
72897c7c: posts big blind $2
*** HOLE CARDS ***
Dealt to 14a30721 
Dealt to 9cc838aa 
Dealt to 72897c7c 
Dealt to fc53bd1c 
Dealt to Hero [3s Jh]
Dealt to d6edcd9f 
d6edcd9f: folds
14a30721: folds
9cc838aa: raises $4 to $6
fc53bd1c: folds
Hero: folds
72897c7c: calls $4
*** FLOP *** [Qh 5d 7d]
72897c7c: checks
9cc838aa: checks
*** TURN *** [Qh 5d 7d] [Kh]
72897c7c: bets $13
9cc838aa: calls $13
*** RIVER *** [Qh 5d 7d Kh] [4h]
72897c7c: bets $19.5
9cc838aa: folds
Uncalled bet ($19.5) returned to 72897c7c
72897c7c: shows [Ks]
*** SHOWDOWN ***
72897c7c collected $39 from pot
*** SUMMARY ***
Total pot $39
Board [Qh 5d 7d Kh 4h]
Seat 5: 14a30721 folded before Flop (didn't bet)
Seat 6: 9cc838aa folded on the River
Seat 2: 72897c7c(big blind) showed [Ks] and won ($39) with Pair of Kings
Seat 7: fc53bd1c folded before Flop (didn't bet)
Seat 1: Hero(small blind) folded before Flop
Seat 4: d6edcd9f folded before Flop (didn't bet)



Poker Hand #ring_845273000: NLH No Limit ($1/$2) - 2025/04/27 13:19:24
Table 'MR NLH 1/2' 7-max Seat #6 is the button
Seat 3: e88296c7 ($204.86 in chips)
Seat 5: 14a30721 ($698.2 in chips)
Seat 6: 9cc838aa ($559.83 in chips)
Seat 2: 72897c7c ($343.71 in chips)
Seat 7: fc53bd1c ($244.72 in chips)
Seat 1: Hero ($246.6 in chips)
Seat 4: d6edcd9f ($687.52 in chips)
fc53bd1c: posts small blind $1
Hero: posts big blind $2
*** HOLE CARDS ***
Dealt to e88296c7 
Dealt to 14a30721 
Dealt to 9cc838aa 
Dealt to 72897c7c 
Dealt to fc53bd1c 
Dealt to Hero [6c 5c]
Dealt to d6edcd9f 
72897c7c: calls $2
e88296c7: raises $4 to $6
d6edcd9f: folds
14a30721: folds
9cc838aa: calls $6
fc53bd1c: folds
Hero: calls $4
72897c7c: calls $4
*** FLOP *** [Tc 5s 3h]
Hero: checks
72897c7c: bets $8.25
e88296c7: folds
9cc838aa: calls $8.25
Hero: raises $26.16 to $34.41
72897c7c: calls $26.16
9cc838aa: folds
*** TURN *** [Tc 5s 3h] [Kh]
Hero: checks
72897c7c: checks
*** RIVER *** [Tc 5s 3h Kh] [Ac]
Hero: bets $59.15
72897c7c: folds
Uncalled bet ($59.15) returned to Hero
*** SHOWDOWN ***
Hero collected $102.07 from pot
*** SUMMARY ***
Total pot $102.07
Board [Tc 5s 3h Kh Ac]
Seat 3: e88296c7 folded on the Flop
Seat 5: 14a30721 folded before Flop (didn't bet)
Seat 6: 9cc838aa folded on the Flop
Seat 2: 72897c7c folded on the River
Seat 7: fc53bd1c(small blind) folded before Flop
Seat 1: Hero(big blind)won ($102.07) with Pair of Fives
Seat 4: d6edcd9f folded before Flop (didn't bet)



Poker Hand #ring_845272395: NLH No Limit ($1/$2) - 2025/04/27 13:18:39
Table 'MR NLH 1/2' 7-max Seat #5 is the button
Seat 3: e88296c7 ($224.86 in chips)
Seat 5: 14a30721 ($675.72 in chips)
Seat 6: 9cc838aa ($560.83 in chips)
Seat 2: 72897c7c ($345.71 in chips)
Seat 7: fc53bd1c ($246.72 in chips)
Seat 1: Hero ($246.6 in chips)
Seat 4: d6edcd9f ($687.52 in chips)
9cc838aa: posts small blind $1
fc53bd1c: posts big blind $2
*** HOLE CARDS ***
Dealt to e88296c7 
Dealt to 14a30721 
Dealt to 9cc838aa 
Dealt to 72897c7c 
Dealt to fc53bd1c 
Dealt to Hero [9h 6c]
Dealt to d6edcd9f 
Hero: folds
72897c7c: calls $2
e88296c7: raises $4 to $6
d6edcd9f: folds
14a30721: raises $14 to $20
9cc838aa: folds
fc53bd1c: folds
72897c7c: folds
e88296c7: calls $14
*** FLOP *** [Tc 7s 5s]
e88296c7: checks
14a30721: bets $29.7
e88296c7: folds
Uncalled bet ($29.7) returned to 14a30721
*** SHOWDOWN ***
14a30721 collected $45 from pot
*** SUMMARY ***
Total pot $45
Board [Tc 7s 5s]
Seat 3: e88296c7 folded on the Flop
Seat 5: 14a30721won ($45) with Pair of Kings
Seat 6: 9cc838aa(small blind) folded before Flop
Seat 2: 72897c7c folded before Flop
Seat 7: fc53bd1c(big blind) folded before Flop
Seat 1: Hero folded before Flop (didn't bet)
Seat 4: d6edcd9f folded before Flop (didn't bet)



Poker Hand #ring_845271484: NLH No Limit ($1/$2) - 2025/04/27 13:17:33
Table 'MR NLH 1/2' 7-max Seat #4 is the button
Seat 3: e88296c7 ($224.86 in chips)
Seat 5: 14a30721 ($676.72 in chips)
Seat 6: 9cc838aa ($535.14 in chips)
Seat 2: 72897c7c ($373.43 in chips)
Seat 7: fc53bd1c ($246.72 in chips)
Seat 1: Hero ($246.6 in chips)
Seat 4: d6edcd9f ($687.52 in chips)
14a30721: posts small blind $1
9cc838aa: posts big blind $2
*** HOLE CARDS ***
Dealt to e88296c7 
Dealt to 14a30721 
Dealt to 9cc838aa 
Dealt to 72897c7c 
Dealt to fc53bd1c 
Dealt to Hero [Kc Td]
Dealt to d6edcd9f 
fc53bd1c: folds
Hero: folds
72897c7c: raises $6 to $8
e88296c7: folds
d6edcd9f: folds
14a30721: folds
9cc838aa: calls $6
*** FLOP *** [9s 6c Ac]
9cc838aa: checks
72897c7c: bets $8.5
9cc838aa: calls $8.5
*** TURN *** [9s 6c Ac] [2c]
9cc838aa: checks
72897c7c: bets $11.22
9cc838aa: calls $11.22
*** RIVER *** [9s 6c Ac 2c] [Ah]
9cc838aa: checks
72897c7c: checks
72897c7c: shows [7s 7c]
9cc838aa: shows [As Th]
*** SHOWDOWN ***
9cc838aa collected $56.44 from pot
*** SUMMARY ***
Total pot $56.44
Board [9s 6c Ac 2c Ah]
Seat 3: e88296c7 folded before Flop (didn't bet)
Seat 5: 14a30721(small blind) folded before Flop
Seat 6: 9cc838aa(big blind) showed [As Th] and won ($56.44) with Three Aces
Seat 2: 72897c7c showed [7s 7c] and lost with Pair of Aces and Pair of Sevens
Seat 7: fc53bd1c folded before Flop (didn't bet)
Seat 1: Hero folded before Flop (didn't bet)
Seat 4: d6edcd9f folded before Flop (didn't bet)



Poker Hand #ring_845270967: NLH No Limit ($1/$2) - 2025/04/27 13:16:55
Table 'MR NLH 1/2' 7-max Seat #3 is the button
Seat 3: e88296c7 ($224.86 in chips)
Seat 5: 14a30721 ($673.94 in chips)
Seat 6: 9cc838aa ($535.14 in chips)
Seat 2: 72897c7c ($375.43 in chips)
Seat 7: fc53bd1c ($246.72 in chips)
Seat 1: Hero ($246.6 in chips)
Seat 4: d6edcd9f ($688.52 in chips)
d6edcd9f: posts small blind $1
14a30721: posts big blind $2
*** HOLE CARDS ***
Dealt to e88296c7 
Dealt to 14a30721 
Dealt to 9cc838aa 
Dealt to 72897c7c 
Dealt to fc53bd1c 
Dealt to Hero [Kh 5s]
Dealt to d6edcd9f 
9cc838aa: folds
fc53bd1c: folds
Hero: folds
72897c7c: calls $2
e88296c7: folds
d6edcd9f: folds
14a30721: checks
*** FLOP *** [2h Ac 6c]
14a30721: checks
72897c7c: checks
*** TURN *** [2h Ac 6c] [3d]
14a30721: bets $2
72897c7c: folds
Uncalled bet ($2) returned to 14a30721
*** SHOWDOWN ***
14a30721 collected $5 from pot
*** SUMMARY ***
Total pot $5
Board [2h Ac 6c 3d]
Seat 3: e88296c7 folded before Flop (didn't bet)
Seat 5: 14a30721(big blind)won ($5) with Ace-High
Seat 6: 9cc838aa folded before Flop (didn't bet)
Seat 2: 72897c7c folded on the Turn
Seat 7: fc53bd1c folded before Flop (didn't bet)
Seat 1: Hero folded before Flop (didn't bet)
Seat 4: d6edcd9f(small blind) folded before Flop



Poker Hand #ring_845270455: NLH No Limit ($1/$2) - 2025/04/27 13:16:17
Table 'MR NLH 1/2' 7-max Seat #2 is the button
Seat 3: e88296c7 ($225.86 in chips)
Seat 5: 14a30721 ($673.94 in chips)
Seat 6: 9cc838aa ($535.14 in chips)
Seat 2: 72897c7c ($372.43 in chips)
Seat 7: fc53bd1c ($246.72 in chips)
Seat 1: Hero ($246.6 in chips)
Seat 4: d6edcd9f ($690.52 in chips)
e88296c7: posts small blind $1
d6edcd9f: posts big blind $2
*** HOLE CARDS ***
Dealt to e88296c7 
Dealt to 14a30721 
Dealt to 9cc838aa 
Dealt to 72897c7c 
Dealt to fc53bd1c 
Dealt to Hero [Kc 8s]
Dealt to d6edcd9f 
14a30721: folds
9cc838aa: folds
fc53bd1c: folds
Hero: folds
72897c7c: raises $6 to $8
e88296c7: folds
d6edcd9f: folds
Uncalled bet ($6) returned to 72897c7c
*** SHOWDOWN ***
72897c7c collected $5 from pot
*** SUMMARY ***
Total pot $5
Seat 3: e88296c7(small blind) folded before Flop
Seat 5: 14a30721 folded before Flop (didn't bet)
Seat 6: 9cc838aa folded before Flop (didn't bet)
Seat 2: 72897c7cwon ($5)
Seat 7: fc53bd1c folded before Flop (didn't bet)
Seat 1: Hero folded before Flop (didn't bet)
Seat 4: d6edcd9f(big blind) folded before Flop



Poker Hand #ring_845269174: NLH No Limit ($1/$2) - 2025/04/27 13:14:43
Table 'MR NLH 1/2' 7-max Seat #1 is the button
Seat 3: e88296c7 ($366.86 in chips)
Seat 5: 14a30721 ($673.94 in chips)
Seat 6: 9cc838aa ($393 in chips)
Seat 2: 72897c7c ($387.43 in chips)
Seat 7: fc53bd1c ($246.72 in chips)
Seat 1: Hero ($246.6 in chips)
Seat 4: d6edcd9f ($690.52 in chips)
72897c7c: posts small blind $1
e88296c7: posts big blind $2
*** HOLE CARDS ***
Dealt to e88296c7 
Dealt to 14a30721 
Dealt to 9cc838aa 
Dealt to 72897c7c 
Dealt to fc53bd1c 
Dealt to Hero [5s 6c]
Dealt to d6edcd9f 
d6edcd9f: folds
14a30721: folds
9cc838aa: raises $4 to $6
fc53bd1c: folds
Hero: folds
72897c7c: calls $5
e88296c7: calls $4
*** FLOP *** [9h 7d 8c]
72897c7c: bets $9
e88296c7: calls $9
9cc838aa: raises $40 to $49
72897c7c: folds
e88296c7: calls $40
*** TURN *** [9h 7d 8c] [2d]
e88296c7: checks
9cc838aa: bets $86
e88296c7: calls $86
*** RIVER *** [9h 7d 8c 2d] [Qc]
e88296c7: checks
9cc838aa: bets $252 and is all-in
e88296c7: folds
Uncalled bet ($252) returned to 9cc838aa
*** SHOWDOWN ***
9cc838aa collected $297 from pot
*** SUMMARY ***
Total pot $297
Board [9h 7d 8c 2d Qc]
Seat 3: e88296c7(big blind) folded on the River
Seat 5: 14a30721 folded before Flop (didn't bet)
Seat 6: 9cc838aawon ($297) with Ace-High
Seat 2: 72897c7c(small blind) folded on the Flop
Seat 7: fc53bd1c folded before Flop (didn't bet)
Seat 1: Hero folded before Flop (didn't bet)
Seat 4: d6edcd9f folded before Flop (didn't bet)



Poker Hand #ring_845268172: NLH No Limit ($1/$2) - 2025/04/27 13:13:30
Table 'MR NLH 1/2' 7-max Seat #7 is the button
Seat 3: e88296c7 ($366.86 in chips)
Seat 5: 14a30721 ($673.94 in chips)
Seat 6: 9cc838aa ($393 in chips)
Seat 2: 72897c7c ($393.43 in chips)
Seat 7: fc53bd1c ($235.53 in chips)
Seat 1: Hero ($252.6 in chips)
Seat 4: d6edcd9f ($690.52 in chips)
Hero: posts small blind $1
72897c7c: posts big blind $2
*** HOLE CARDS ***
Dealt to e88296c7 
Dealt to 14a30721 
Dealt to 9cc838aa 
Dealt to 72897c7c 
Dealt to fc53bd1c 
Dealt to Hero [3h 3s]
Dealt to d6edcd9f 
e88296c7: folds
d6edcd9f: folds
14a30721: folds
9cc838aa: folds
fc53bd1c: raises $4 to $6
Hero: calls $5
72897c7c: calls $4
*** FLOP *** [Ts 7s Ks]
Hero: checks
72897c7c: checks
fc53bd1c: checks
*** TURN *** [Ts 7s Ks] [Kc]
Hero: checks
72897c7c: checks
fc53bd1c: bets $13.5
Hero: folds
72897c7c: folds
Uncalled bet ($13.5) returned to fc53bd1c
*** SHOWDOWN ***
fc53bd1c collected $18 from pot
*** SUMMARY ***
Total pot $18
Board [Ts 7s Ks Kc]
Seat 3: e88296c7 folded before Flop (didn't bet)
Seat 5: 14a30721 folded before Flop (didn't bet)
Seat 6: 9cc838aa folded before Flop (didn't bet)
Seat 2: 72897c7c(big blind) folded on the Turn
Seat 7: fc53bd1cwon ($18) with Three Kings
Seat 1: Hero(small blind) folded on the Turn
Seat 4: d6edcd9f folded before Flop (didn't bet)



Poker Hand #ring_845267368: NLH No Limit ($1/$2) - 2025/04/27 13:12:32
Table 'MR NLH 1/2' 7-max Seat #6 is the button
Seat 3: e88296c7 ($366.86 in chips)
Seat 5: 14a30721 ($663.79 in chips)
Seat 6: 9cc838aa ($393 in chips)
Seat 2: 72897c7c ($401.43 in chips)
Seat 7: fc53bd1c ($236.53 in chips)
Seat 1: Hero ($254.6 in chips)
Seat 4: d6edcd9f ($690.52 in chips)
fc53bd1c: posts small blind $1
Hero: posts big blind $2
*** HOLE CARDS ***
Dealt to e88296c7 
Dealt to 14a30721 
Dealt to 9cc838aa 
Dealt to 72897c7c 
Dealt to fc53bd1c 
Dealt to Hero [3h 4d]
Dealt to d6edcd9f 
72897c7c: calls $2
e88296c7: folds
d6edcd9f: folds
14a30721: raises $6 to $8
9cc838aa: folds
fc53bd1c: folds
Hero: folds
72897c7c: calls $6
*** FLOP *** [8d 3c 4c]
72897c7c: checks
14a30721: bets $6.27
72897c7c: folds
Uncalled bet ($6.27) returned to 14a30721
*** SHOWDOWN ***
14a30721 collected $19 from pot
*** SUMMARY ***
Total pot $19
Board [8d 3c 4c]
Seat 3: e88296c7 folded before Flop (didn't bet)
Seat 5: 14a30721won ($19) with Jack-High
Seat 6: 9cc838aa folded before Flop (didn't bet)
Seat 2: 72897c7c folded on the Flop
Seat 7: fc53bd1c(small blind) folded before Flop
Seat 1: Hero(big blind) folded before Flop
Seat 4: d6edcd9f folded before Flop (didn't bet)



Poker Hand #ring_845266325: NLH No Limit ($1/$2) - 2025/04/27 13:11:18
Table 'MR NLH 1/2' 7-max Seat #5 is the button
Seat 3: e88296c7 ($378.16 in chips)
Seat 5: 14a30721 ($663.79 in chips)
Seat 6: 9cc838aa ($394 in chips)
Seat 2: 72897c7c ($412.73 in chips)
Seat 7: fc53bd1c ($204.2 in chips)
Seat 1: Hero ($265.9 in chips)
Seat 4: d6edcd9f ($690.52 in chips)
9cc838aa: posts small blind $1
fc53bd1c: posts big blind $2
*** HOLE CARDS ***
Dealt to e88296c7 
Dealt to 14a30721 
Dealt to 9cc838aa 
Dealt to 72897c7c 
Dealt to fc53bd1c 
Dealt to Hero [6d 8d]
Dealt to d6edcd9f 
Hero: raises $3 to $5
72897c7c: calls $5
e88296c7: calls $5
d6edcd9f: folds
14a30721: folds
9cc838aa: folds
fc53bd1c: calls $3
*** FLOP *** [9s 6s Qh]
fc53bd1c: checks
Hero: bets $6.3
72897c7c: calls $6.3
e88296c7: calls $6.3
fc53bd1c: calls $6.3
*** TURN *** [9s 6s Qh] [Ks]
fc53bd1c: checks
Hero: checks
72897c7c: checks
e88296c7: checks
*** RIVER *** [9s 6s Qh Ks] [Ah]
fc53bd1c: checks
Hero: checks
72897c7c: checks
e88296c7: checks
Hero: shows [6d 8d]
72897c7c: shows [Jh 9c]
e88296c7: shows [Th 7h]
fc53bd1c: shows [Kd Qc]
*** SHOWDOWN ***
fc53bd1c collected $46.2 from pot
*** SUMMARY ***
Total pot $46.2
Board [9s 6s Qh Ks Ah]
Seat 3: e88296c7 showed [Th 7h] and lost with Ace-High
Seat 5: 14a30721 folded before Flop (didn't bet)
Seat 6: 9cc838aa(small blind) folded before Flop
Seat 2: 72897c7c showed [Jh 9c] and lost with Pair of Nines
Seat 7: fc53bd1c(big blind) showed [Kd Qc] and won ($46.2) with Pair of Kings and Pair of Queens
Seat 1: Hero showed [6d 8d] and lost with Pair of Sixes
Seat 4: d6edcd9f folded before Flop (didn't bet)



Poker Hand #ring_845265767: NLH No Limit ($1/$2) - 2025/04/27 13:10:39
Table 'MR NLH 1/2' 7-max Seat #4 is the button
Seat 3: e88296c7 ($378.16 in chips)
Seat 5: 14a30721 ($664.79 in chips)
Seat 6: 9cc838aa ($400 in chips)
Seat 2: 72897c7c ($412.73 in chips)
Seat 7: fc53bd1c ($197.78 in chips)
Seat 1: Hero ($265.9 in chips)
Seat 4: d6edcd9f ($690.52 in chips)
14a30721: posts small blind $1
9cc838aa: posts big blind $2
*** HOLE CARDS ***
Dealt to e88296c7 
Dealt to 14a30721 
Dealt to 9cc838aa 
Dealt to 72897c7c 
Dealt to fc53bd1c 
Dealt to Hero [Tc 6h]
Dealt to d6edcd9f 
fc53bd1c: raises $4 to $6
Hero: folds
72897c7c: folds
e88296c7: folds
d6edcd9f: folds
14a30721: folds
9cc838aa: calls $4
*** FLOP *** [9s Jc Kh]
9cc838aa: checks
fc53bd1c: bets $4.29
9cc838aa: folds
Uncalled bet ($4.29) returned to fc53bd1c
*** SHOWDOWN ***
fc53bd1c collected $13 from pot
*** SUMMARY ***
Total pot $13
Board [9s Jc Kh]
Seat 3: e88296c7 folded before Flop (didn't bet)
Seat 5: 14a30721(small blind) folded before Flop
Seat 6: 9cc838aa(big blind) folded on the Flop
Seat 2: 72897c7c folded before Flop (didn't bet)
Seat 7: fc53bd1cwon ($13) with Pair of Queens
Seat 1: Hero folded before Flop (didn't bet)
Seat 4: d6edcd9f folded before Flop (didn't bet)



Poker Hand #ring_845264733: NLH No Limit ($1/$2) - 2025/04/27 13:09:24
Table 'MR NLH 1/2' 7-max Seat #3 is the button
Seat 3: e88296c7 ($378.16 in chips)
Seat 5: 14a30721 ($553.77 in chips)
Seat 6: 9cc838aa ($400 in chips)
Seat 2: 72897c7c ($534.23 in chips)
Seat 7: fc53bd1c ($197.78 in chips)
Seat 1: Hero ($265.9 in chips)
Seat 4: d6edcd9f ($691.52 in chips)
d6edcd9f: posts small blind $1
14a30721: posts big blind $2
*** HOLE CARDS ***
Dealt to e88296c7 
Dealt to 14a30721 
Dealt to 9cc838aa 
Dealt to 72897c7c 
Dealt to fc53bd1c 
Dealt to Hero [6s Td]
Dealt to d6edcd9f 
9cc838aa: folds
fc53bd1c: folds
Hero: folds
72897c7c: calls $2
e88296c7: folds
d6edcd9f: folds
14a30721: checks
*** FLOP *** [Jc 5s 2s]
14a30721: checks
72897c7c: bets $5
14a30721: raises $23 to $28
72897c7c: calls $23
*** TURN *** [Jc 5s 2s] [Qh]
14a30721: bets $30.5
72897c7c: calls $30.5
*** RIVER *** [Jc 5s 2s Qh] [Ah]
14a30721: bets $61
72897c7c: calls $61
72897c7c: shows [Qs 9s]
14a30721: shows [5c Jd]
*** SHOWDOWN ***
14a30721 collected $244 from pot
*** SUMMARY ***
Total pot $244
Board [Jc 5s 2s Qh Ah]
Seat 3: e88296c7 folded before Flop (didn't bet)
Seat 5: 14a30721(big blind) showed [5c Jd] and won ($244) with Pair of Jacks and Pair of Fives
Seat 6: 9cc838aa folded before Flop (didn't bet)
Seat 2: 72897c7c showed [Qs 9s] and lost with Pair of Queens
Seat 7: fc53bd1c folded before Flop (didn't bet)
Seat 1: Hero folded before Flop (didn't bet)
Seat 4: d6edcd9f(small blind) folded before Flop



Poker Hand #ring_845264099: NLH No Limit ($1/$2) - 2025/04/27 13:08:38
Table 'MR NLH 1/2' 7-max Seat #2 is the button
Seat 3: e88296c7 ($379.16 in chips)
Seat 5: 14a30721 ($553.77 in chips)
Seat 6: 9cc838aa ($400 in chips)
Seat 2: 72897c7c ($526.9 in chips)
Seat 7: fc53bd1c ($197.78 in chips)
Seat 1: Hero ($265.9 in chips)
Seat 4: d6edcd9f ($698.52 in chips)
e88296c7: posts small blind $1
d6edcd9f: posts big blind $2
*** HOLE CARDS ***
Dealt to e88296c7 
Dealt to 14a30721 
Dealt to 9cc838aa 
Dealt to 72897c7c 
Dealt to fc53bd1c 
Dealt to Hero [Ks 6h]
Dealt to d6edcd9f 
14a30721: folds
9cc838aa: folds
fc53bd1c: folds
Hero: folds
72897c7c: calls $2
e88296c7: folds
d6edcd9f: checks
*** FLOP *** [7s 3s Jd]
d6edcd9f: checks
72897c7c: checks
*** TURN *** [7s 3s Jd] [Ad]
d6edcd9f: checks
72897c7c: checks
*** RIVER *** [7s 3s Jd Ad] [Jh]
d6edcd9f: checks
72897c7c: bets $5
d6edcd9f: calls $5
72897c7c: shows [7h 4d]
d6edcd9f: shows [2c 3h]
*** SHOWDOWN ***
72897c7c collected $15 from pot
*** SUMMARY ***
Total pot $15
Board [7s 3s Jd Ad Jh]
Seat 3: e88296c7(small blind) folded before Flop
Seat 5: 14a30721 folded before Flop (didn't bet)
Seat 6: 9cc838aa folded before Flop (didn't bet)
Seat 2: 72897c7c showed [7h 4d] and won ($15) with Pair of Jacks and Pair of Sevens
Seat 7: fc53bd1c folded before Flop (didn't bet)
Seat 1: Hero folded before Flop (didn't bet)
Seat 4: d6edcd9f(big blind) showed [2c 3h] and lost with Pair of Jacks and Pair of Treys



Poker Hand #ring_845263368: NLH No Limit ($1/$2) - 2025/04/27 13:07:47
Table 'MR NLH 1/2' 7-max Seat #1 is the button
Seat 3: e88296c7 ($377.34 in chips)
Seat 5: 14a30721 ($553.77 in chips)
Seat 6: 9cc838aa ($286 in chips)
Seat 2: 72897c7c ($528.9 in chips)
Seat 7: fc53bd1c ($197.78 in chips)
Seat 1: Hero ($265.9 in chips)
Seat 4: d6edcd9f ($698.52 in chips)
72897c7c: posts small blind $1
e88296c7: posts big blind $2
*** HOLE CARDS ***
Dealt to e88296c7 
Dealt to 14a30721 
Dealt to 9cc838aa 
Dealt to 72897c7c 
Dealt to fc53bd1c 
Dealt to Hero [6d Th]
Dealt to d6edcd9f 
d6edcd9f: folds
14a30721: folds
9cc838aa: folds
fc53bd1c: folds
Hero: folds
72897c7c: calls $1
e88296c7: checks
*** FLOP *** [Qc 7s Ah]
72897c7c: checks
e88296c7: checks
*** TURN *** [Qc 7s Ah] [8c]
72897c7c: checks
e88296c7: bets $3
72897c7c: folds
Uncalled bet ($3) returned to e88296c7
*** SHOWDOWN ***
e88296c7 collected $4 from pot
*** SUMMARY ***
Total pot $4
Board [Qc 7s Ah 8c]
Seat 3: e88296c7(big blind)won ($4) with Ace-High
Seat 5: 14a30721 folded before Flop (didn't bet)
Seat 6: 9cc838aa folded before Flop (didn't bet)
Seat 2: 72897c7c(small blind) folded on the Turn
Seat 7: fc53bd1c folded before Flop (didn't bet)
Seat 1: Hero folded before Flop (didn't bet)
Seat 4: d6edcd9f folded before Flop (didn't bet)



Poker Hand #ring_845262357: NLH No Limit ($1/$2) - 2025/04/27 13:06:32
Table 'MR NLH 1/2' 7-max Seat #7 is the button
Seat 3: e88296c7 ($262.64 in chips)
Seat 5: 14a30721 ($553.77 in chips)
Seat 6: 9cc838aa ($400 in chips)
Seat 2: 72897c7c ($534.9 in chips)
Seat 7: fc53bd1c ($197.78 in chips)
Seat 1: Hero ($271.9 in chips)
Seat 4: d6edcd9f ($698.52 in chips)
Hero: posts small blind $1
72897c7c: posts big blind $2
9cc838aa: posts big blind $2
*** HOLE CARDS ***
Dealt to e88296c7 
Dealt to 14a30721 
Dealt to 9cc838aa 
Dealt to 72897c7c 
Dealt to fc53bd1c 
Dealt to Hero [8s 7s]
Dealt to d6edcd9f 
e88296c7: raises $4 to $6
d6edcd9f: folds
14a30721: folds
9cc838aa: calls $4
fc53bd1c: folds
Hero: calls $5
72897c7c: calls $4
*** FLOP *** [Tc Td Th]
Hero: checks
72897c7c: checks
e88296c7: bets $12
9cc838aa: calls $12
Hero: folds
72897c7c: folds
*** TURN *** [Tc Td Th] [Ah]
e88296c7: checks
9cc838aa: bets $36
e88296c7: calls $36
*** RIVER *** [Tc Td Th Ah] [2c]
e88296c7: checks
9cc838aa: bets $60
e88296c7: calls $60
e88296c7: shows [Qh Ac]
9cc838aa: shows [Ks Qd]
*** SHOWDOWN ***
e88296c7 collected $240 from pot
*** SUMMARY ***
Total pot $240
Board [Tc Td Th Ah 2c]
Seat 3: e88296c7 showed [Qh Ac] and won ($240) with Tens Full over Aces
Seat 5: 14a30721 folded before Flop (didn't bet)
Seat 6: 9cc838aa showed [Ks Qd] and lost with Three Tens
Seat 2: 72897c7c(big blind) folded on the Flop
Seat 7: fc53bd1c folded before Flop (didn't bet)
Seat 1: Hero(small blind) folded on the Flop
Seat 4: d6edcd9f folded before Flop (didn't bet)



Poker Hand #ring_845261359: NLH No Limit ($1/$2) - 2025/04/27 13:05:20
Table 'MR NLH 1/2' 7-max Seat #5 is the button
Seat 3: e88296c7 ($262.64 in chips)
Seat 5: 14a30721 ($553.77 in chips)
Seat 2: 72897c7c ($536.9 in chips)
Seat 7: fc53bd1c ($198.78 in chips)
Seat 1: Hero ($246.42 in chips)
Seat 4: d6edcd9f ($723.92 in chips)
fc53bd1c: posts small blind $1
Hero: posts big blind $2
*** HOLE CARDS ***
Dealt to e88296c7 
Dealt to 14a30721 
Dealt to 72897c7c 
Dealt to fc53bd1c 
Dealt to Hero [Kd Kc]
Dealt to d6edcd9f 
72897c7c: calls $2
e88296c7: folds
d6edcd9f: raises $6 to $8
14a30721: folds
fc53bd1c: folds
Hero: raises $17.4 to $25.4
72897c7c: folds
d6edcd9f: calls $17.4
*** FLOP *** [Ad 3c Ac]
Hero: checks
d6edcd9f: checks
*** TURN *** [Ad 3c Ac] [6h]
Hero: checks
d6edcd9f: checks
*** RIVER *** [Ad 3c Ac 6h] [5h]
Hero: bets $16.14
d6edcd9f: folds
Uncalled bet ($16.14) returned to Hero
*** SHOWDOWN ***
Hero collected $53.8 from pot
*** SUMMARY ***
Total pot $53.8
Board [Ad 3c Ac 6h 5h]
Seat 3: e88296c7 folded before Flop (didn't bet)
Seat 5: 14a30721 folded before Flop (didn't bet)
Seat 2: 72897c7c folded before Flop
Seat 7: fc53bd1c(small blind) folded before Flop
Seat 1: Hero(big blind)won ($53.8) with Pair of Aces and Pair of Kings
Seat 4: d6edcd9f folded on the River



Poker Hand #ring_845260604: NLH No Limit ($1/$2) - 2025/04/27 13:04:27
Table 'MR NLH 1/2' 7-max Seat #4 is the button
Seat 3: e88296c7 ($262.64 in chips)
Seat 5: 14a30721 ($554.77 in chips)
Seat 2: 72897c7c ($521.54 in chips)
Seat 7: fc53bd1c ($200.78 in chips)
Seat 1: Hero ($246.42 in chips)
Seat 4: d6edcd9f ($738.19 in chips)
14a30721: posts small blind $1
fc53bd1c: posts big blind $2
*** HOLE CARDS ***
Dealt to e88296c7 
Dealt to 14a30721 
Dealt to 72897c7c 
Dealt to fc53bd1c 
Dealt to Hero [4s 9c]
Dealt to d6edcd9f 
Hero: folds
72897c7c: calls $2
e88296c7: folds
d6edcd9f: raises $6 to $8
14a30721: folds
fc53bd1c: folds
72897c7c: calls $6
*** FLOP *** [3d Ks 2h]
72897c7c: checks
d6edcd9f: bets $6.27
72897c7c: calls $6.27
*** TURN *** [3d Ks 2h] [Kh]
72897c7c: checks
d6edcd9f: checks
*** RIVER *** [3d Ks 2h Kh] [Ts]
72897c7c: bets $15.77
d6edcd9f: folds
Uncalled bet ($15.77) returned to 72897c7c
72897c7c: shows [Qh]
*** SHOWDOWN ***
72897c7c collected $31.54 from pot
*** SUMMARY ***
Total pot $31.54
Board [3d Ks 2h Kh Ts]
Seat 3: e88296c7 folded before Flop (didn't bet)
Seat 5: 14a30721(small blind) folded before Flop
Seat 2: 72897c7c showed [Qh] and won ($31.54) with Pair of Kings and Pair of Tens
Seat 7: fc53bd1c(big blind) folded before Flop
Seat 1: Hero folded before Flop (didn't bet)
Seat 4: d6edcd9f folded on the River



Poker Hand #ring_845259841: NLH No Limit ($1/$2) - 2025/04/27 13:03:31
Table 'MR NLH 1/2' 7-max Seat #3 is the button
Seat 3: e88296c7 ($262.64 in chips)
Seat 5: 14a30721 ($551.04 in chips)
Seat 2: 72897c7c ($523.54 in chips)
Seat 7: fc53bd1c ($200.78 in chips)
Seat 1: Hero ($246.42 in chips)
Seat 4: d6edcd9f ($740.19 in chips)
d6edcd9f: posts small blind $1
14a30721: posts big blind $2
*** HOLE CARDS ***
Dealt to e88296c7 
Dealt to 14a30721 
Dealt to 72897c7c 
Dealt to fc53bd1c 
Dealt to Hero [2s 4d]
Dealt to d6edcd9f 
fc53bd1c: folds
Hero: folds
72897c7c: calls $2
e88296c7: folds
d6edcd9f: calls $1
14a30721: checks
*** FLOP *** [2d Kd 2h]
d6edcd9f: checks
14a30721: checks
72897c7c: checks
*** TURN *** [2d Kd 2h] [4c]
d6edcd9f: checks
14a30721: bets $4.8
72897c7c: folds
d6edcd9f: folds
Uncalled bet ($4.8) returned to 14a30721
*** SHOWDOWN ***
14a30721 collected $6 from pot
*** SUMMARY ***
Total pot $6
Board [2d Kd 2h 4c]
Seat 3: e88296c7 folded before Flop (didn't bet)
Seat 5: 14a30721(big blind)won ($6) with Pair of Kings and Pair of Fours
Seat 2: 72897c7c folded on the Turn
Seat 7: fc53bd1c folded before Flop (didn't bet)
Seat 1: Hero folded before Flop (didn't bet)
Seat 4: d6edcd9f(small blind) folded on the Turn



Poker Hand #ring_845259559: NLH No Limit ($1/$2) - 2025/04/27 13:03:11
Table 'MR NLH 1/2' 7-max Seat #2 is the button
Seat 3: e88296c7 ($263.64 in chips)
Seat 5: 14a30721 ($551.04 in chips)
Seat 2: 72897c7c ($520.54 in chips)
Seat 7: fc53bd1c ($200.78 in chips)
Seat 1: Hero ($246.42 in chips)
Seat 4: d6edcd9f ($742.19 in chips)
e88296c7: posts small blind $1
d6edcd9f: posts big blind $2
*** HOLE CARDS ***
Dealt to e88296c7 
Dealt to 14a30721 
Dealt to 72897c7c 
Dealt to fc53bd1c 
Dealt to Hero [2h Ks]
Dealt to d6edcd9f 
14a30721: folds
fc53bd1c: folds
Hero: folds
72897c7c: raises $5 to $7
e88296c7: folds
d6edcd9f: folds
Uncalled bet ($5) returned to 72897c7c
*** SHOWDOWN ***
72897c7c collected $5 from pot
*** SUMMARY ***
Total pot $5
Seat 3: e88296c7(small blind) folded before Flop
Seat 5: 14a30721 folded before Flop (didn't bet)
Seat 2: 72897c7cwon ($5)
Seat 7: fc53bd1c folded before Flop (didn't bet)
Seat 1: Hero folded before Flop (didn't bet)
Seat 4: d6edcd9f(big blind) folded before Flop



Poker Hand #ring_845258739: NLH No Limit ($1/$2) - 2025/04/27 13:02:14
Table 'MR NLH 1/2' 7-max Seat #1 is the button
Seat 3: e88296c7 ($265.64 in chips)
Seat 5: 14a30721 ($551.04 in chips)
Seat 2: 72897c7c ($506.39 in chips)
Seat 7: fc53bd1c ($200.78 in chips)
Seat 1: Hero ($260.42 in chips)
Seat 4: d6edcd9f ($742.19 in chips)
72897c7c: posts small blind $1
e88296c7: posts big blind $2
*** HOLE CARDS ***
Dealt to e88296c7 
Dealt to 14a30721 
Dealt to 72897c7c 
Dealt to fc53bd1c 
Dealt to Hero [9c Qs]
Dealt to d6edcd9f 
d6edcd9f: folds
14a30721: folds
fc53bd1c: folds
Hero: raises $3 to $5
72897c7c: calls $4
e88296c7: folds
*** FLOP *** [6s 9d 3s]
72897c7c: bets $9
Hero: calls $9
*** TURN *** [6s 9d 3s] [2c]
72897c7c: bets $30
Hero: folds
Uncalled bet ($30) returned to 72897c7c
*** SHOWDOWN ***
72897c7c collected $30 from pot
*** SUMMARY ***
Total pot $30
Board [6s 9d 3s 2c]
Seat 3: e88296c7(big blind) folded before Flop
Seat 5: 14a30721 folded before Flop (didn't bet)
Seat 2: 72897c7c(small blind)won ($30) with Ace-High
Seat 7: fc53bd1c folded before Flop (didn't bet)
Seat 1: Hero folded on the Turn
Seat 4: d6edcd9f folded before Flop (didn't bet)



Poker Hand #ring_845257564: NLH No Limit ($1/$2) - 2025/04/27 13:00:54
Table 'MR NLH 1/2' 7-max Seat #7 is the button
Seat 3: e88296c7 ($265.64 in chips)
Seat 5: 14a30721 ($408.23 in chips)
Seat 6: 6263e607 ($154.33 in chips)
Seat 2: 72897c7c ($508.39 in chips)
Seat 7: fc53bd1c ($200.78 in chips)
Seat 1: Hero ($261.42 in chips)
Seat 4: d6edcd9f ($742.19 in chips)
Hero: posts small blind $1
72897c7c: posts big blind $2
*** HOLE CARDS ***
Dealt to e88296c7 
Dealt to 14a30721 
Dealt to 6263e607 
Dealt to 72897c7c 
Dealt to fc53bd1c 
Dealt to Hero [3h 4s]
Dealt to d6edcd9f 
e88296c7: folds
d6edcd9f: folds
14a30721: raises $4 to $6
6263e607: raises $15 to $21
fc53bd1c: folds
Hero: folds
72897c7c: folds
14a30721: raises $22.5 to $43.5
6263e607: calls $22.5
*** FLOP *** [Ac Ad As]
14a30721: checks
6263e607: bets $110.83 and is all-in
14a30721: calls $110.83
14a30721: shows [Qd Qs] (Aces Full over Queens)
6263e607: shows [Kh Jh] (Three Aces)
*** TURN *** [Ac Ad As] [9d]
*** RIVER *** [Ac Ad As 9d] [6d]
*** SHOWDOWN ***
14a30721 collected $311.66 from pot
*** SUMMARY ***
Total pot $311.66
Board [Ac Ad As 9d 6d]
Seat 3: e88296c7 folded before Flop (didn't bet)
Seat 5: 14a30721 showed [Qd Qs] and won ($311.66) with Aces Full over Queens
Seat 6: 6263e607 showed [Kh Jh] and lost with Three Aces
Seat 2: 72897c7c(big blind) folded before Flop
Seat 7: fc53bd1c folded before Flop (didn't bet)
Seat 1: Hero(small blind) folded before Flop
Seat 4: d6edcd9f folded before Flop (didn't bet)



Poker Hand #ring_845256879: NLH No Limit ($1/$2) - 2025/04/27 13:00:08
Table 'MR NLH 1/2' 7-max Seat #6 is the button
Seat 3: e88296c7 ($269.64 in chips)
Seat 5: 14a30721 ($408.23 in chips)
Seat 6: 6263e607 ($154.33 in chips)
Seat 2: 72897c7c ($512.39 in chips)
Seat 7: fc53bd1c ($201.78 in chips)
Seat 1: Hero ($253 in chips)
Seat 4: d6edcd9f ($742.19 in chips)
fc53bd1c: posts small blind $1
Hero: posts big blind $2
*** HOLE CARDS ***
Dealt to e88296c7 
Dealt to 14a30721 
Dealt to 6263e607 
Dealt to 72897c7c 
Dealt to fc53bd1c 
Dealt to Hero [3h 3s]
Dealt to d6edcd9f 
72897c7c: raises $2 to $4
e88296c7: calls $4
d6edcd9f: folds
14a30721: folds
6263e607: folds
fc53bd1c: folds
Hero: calls $2
*** FLOP *** [Ad 5h 8s]
Hero: checks
72897c7c: checks
e88296c7: checks
*** TURN *** [Ad 5h 8s] [4h]
Hero: checks
72897c7c: checks
e88296c7: checks
*** RIVER *** [Ad 5h 8s 4h] [6d]
Hero: checks
72897c7c: checks
e88296c7: checks
Hero: shows [3h 3s]
72897c7c: shows [Js Kc]
e88296c7: shows [Td Kd]
*** SHOWDOWN ***
Hero collected $13 from pot
*** SUMMARY ***
Total pot $13
Board [Ad 5h 8s 4h 6d]
Seat 3: e88296c7 showed [Td Kd] and lost with Ace-High
Seat 5: 14a30721 folded before Flop (didn't bet)
Seat 6: 6263e607 folded before Flop (didn't bet)
Seat 2: 72897c7c showed [Js Kc] and lost with Ace-High
Seat 7: fc53bd1c(small blind) folded before Flop
Seat 1: Hero(big blind) showed [3h 3s] and won ($13) with Pair of Treys
Seat 4: d6edcd9f folded before Flop (didn't bet)



Poker Hand #ring_845256012: NLH No Limit ($1/$2) - 2025/04/27 12:59:09
Table 'MR NLH 1/2' 7-max Seat #5 is the button
Seat 3: e88296c7 ($187.64 in chips)
Seat 5: 14a30721 ($408.23 in chips)
Seat 6: 6263e607 ($110.97 in chips)
Seat 2: 72897c7c ($514.39 in chips)
Seat 7: fc53bd1c ($203.78 in chips)
Seat 1: Hero ($253 in chips)
Seat 4: d6edcd9f ($742.19 in chips)
6263e607: posts small blind $1
fc53bd1c: posts big blind $2
*** HOLE CARDS ***
Dealt to e88296c7 
Dealt to 14a30721 
Dealt to 6263e607 
Dealt to 72897c7c 
Dealt to fc53bd1c 
Dealt to Hero [5s 8s]
Dealt to d6edcd9f 
Hero: folds
72897c7c: calls $2
e88296c7: raises $4 to $6
d6edcd9f: folds
14a30721: folds
6263e607: raises $16 to $22
fc53bd1c: folds
72897c7c: folds
e88296c7: calls $16
*** FLOP *** [As Qc 8d]
6263e607: bets $22
e88296c7: calls $22
*** TURN *** [As Qc 8d] [Qh]
6263e607: bets $66.97 and is all-in
e88296c7: folds
Uncalled bet ($66.97) returned to 6263e607
*** SHOWDOWN ***
6263e607 collected $92 from pot
*** SUMMARY ***
Total pot $92
Board [As Qc 8d Qh]
Seat 3: e88296c7 folded on the Turn
Seat 5: 14a30721 folded before Flop (didn't bet)
Seat 6: 6263e607(small blind)won ($92) with Pair of Aces and Pair of Queens
Seat 2: 72897c7c folded before Flop
Seat 7: fc53bd1c(big blind) folded before Flop
Seat 1: Hero folded before Flop (didn't bet)
Seat 4: d6edcd9f folded before Flop (didn't bet)



Poker Hand #ring_845255339: NLH No Limit ($1/$2) - 2025/04/27 12:58:25
Table 'MR NLH 1/2' 7-max Seat #4 is the button
Seat 3: e88296c7 ($217.64 in chips)
Seat 5: 14a30721 ($409.23 in chips)
Seat 6: 6263e607 ($112.97 in chips)
Seat 2: 72897c7c ($484.72 in chips)
Seat 7: fc53bd1c ($203.78 in chips)
Seat 1: Hero ($253 in chips)
Seat 4: d6edcd9f ($742.19 in chips)
14a30721: posts small blind $1
6263e607: posts big blind $2
*** HOLE CARDS ***
Dealt to e88296c7 
Dealt to 14a30721 
Dealt to 6263e607 
Dealt to 72897c7c 
Dealt to fc53bd1c 
Dealt to Hero [3s 9h]
Dealt to d6edcd9f 
fc53bd1c: folds
Hero: folds
72897c7c: calls $2
e88296c7: raises $7 to $9
d6edcd9f: folds
14a30721: folds
6263e607: folds
72897c7c: calls $7
*** FLOP *** [8h 4c Js]
72897c7c: checks
e88296c7: bets $21
72897c7c: calls $21
*** TURN *** [8h 4c Js] [Qh]
72897c7c: checks
e88296c7: checks
*** RIVER *** [8h 4c Js Qh] [Ac]
72897c7c: bets $31.5
e88296c7: folds
Uncalled bet ($31.5) returned to 72897c7c
72897c7c: shows [4d]
*** SHOWDOWN ***
72897c7c collected $63 from pot
*** SUMMARY ***
Total pot $63
Board [8h 4c Js Qh Ac]
Seat 3: e88296c7 folded on the River
Seat 5: 14a30721(small blind) folded before Flop
Seat 6: 6263e607(big blind) folded before Flop
Seat 2: 72897c7c showed [4d] and won ($63) with Pair of Fours
Seat 7: fc53bd1c folded before Flop (didn't bet)
Seat 1: Hero folded before Flop (didn't bet)
Seat 4: d6edcd9f folded before Flop (didn't bet)



Poker Hand #ring_845254819: NLH No Limit ($1/$2) - 2025/04/27 12:57:48
Table 'MR NLH 1/2' 7-max Seat #3 is the button
Seat 3: e88296c7 ($209.31 in chips)
Seat 5: 14a30721 ($411.23 in chips)
Seat 6: 6263e607 ($112.97 in chips)
Seat 2: 72897c7c ($490.72 in chips)
Seat 7: fc53bd1c ($203.78 in chips)
Seat 1: Hero ($253 in chips)
Seat 4: d6edcd9f ($743.19 in chips)
d6edcd9f: posts small blind $1
14a30721: posts big blind $2
*** HOLE CARDS ***
Dealt to e88296c7 
Dealt to 14a30721 
Dealt to 6263e607 
Dealt to 72897c7c 
Dealt to fc53bd1c 
Dealt to Hero [3d 8c]
Dealt to d6edcd9f 
6263e607: folds
fc53bd1c: folds
Hero: folds
72897c7c: calls $2
e88296c7: raises $4 to $6
d6edcd9f: folds
14a30721: folds
72897c7c: calls $4
*** FLOP *** [9s 2c 6c]
72897c7c: checks
e88296c7: bets $15
72897c7c: folds
Uncalled bet ($15) returned to e88296c7
*** SHOWDOWN ***
e88296c7 collected $15 from pot
*** SUMMARY ***
Total pot $15
Board [9s 2c 6c]
Seat 3: e88296c7won ($15) with Pair of Tens
Seat 5: 14a30721(big blind) folded before Flop
Seat 6: 6263e607 folded before Flop (didn't bet)
Seat 2: 72897c7c folded on the Flop
Seat 7: fc53bd1c folded before Flop (didn't bet)
Seat 1: Hero folded before Flop (didn't bet)
Seat 4: d6edcd9f(small blind) folded before Flop



Poker Hand #ring_845253661: NLH No Limit ($1/$2) - 2025/04/27 12:56:28
Table 'MR NLH 1/2' 7-max Seat #2 is the button
Seat 3: e88296c7 ($210.31 in chips)
Seat 5: 14a30721 ($411.23 in chips)
Seat 6: 6263e607 ($112.97 in chips)
Seat 2: 72897c7c ($465.03 in chips)
Seat 7: fc53bd1c ($203.78 in chips)
Seat 1: Hero ($253 in chips)
Seat 4: d6edcd9f ($770.91 in chips)
e88296c7: posts small blind $1
d6edcd9f: posts big blind $2
*** HOLE CARDS ***
Dealt to e88296c7 
Dealt to 14a30721 
Dealt to 6263e607 
Dealt to 72897c7c 
Dealt to fc53bd1c 
Dealt to Hero [3d 4c]
Dealt to d6edcd9f 
14a30721: folds
6263e607: folds
fc53bd1c: folds
Hero: folds
72897c7c: calls $2
e88296c7: folds
d6edcd9f: raises $6 to $8
72897c7c: calls $6
*** FLOP *** [Qs 2d 4d]
d6edcd9f: bets $5.61
72897c7c: calls $5.61
*** TURN *** [Qs 2d 4d] [Jd]
d6edcd9f: bets $14.11
72897c7c: calls $14.11
*** RIVER *** [Qs 2d 4d Jd] [7c]
d6edcd9f: checks
72897c7c: checks
72897c7c: shows [6d 4h]
d6edcd9f: shows [9s Ks]
*** SHOWDOWN ***
72897c7c collected $56.44 from pot
*** SUMMARY ***
Total pot $56.44
Board [Qs 2d 4d Jd 7c]
Seat 3: e88296c7(small blind) folded before Flop
Seat 5: 14a30721 folded before Flop (didn't bet)
Seat 6: 6263e607 folded before Flop (didn't bet)
Seat 2: 72897c7c showed [6d 4h] and won ($56.44) with Pair of Fours
Seat 7: fc53bd1c folded before Flop (didn't bet)
Seat 1: Hero folded before Flop (didn't bet)
Seat 4: d6edcd9f(big blind) showed [9s Ks] and lost with King-High



Poker Hand #ring_845253357: NLH No Limit ($1/$2) - 2025/04/27 12:56:07
Table 'MR NLH 1/2' 7-max Seat #1 is the button
Seat 3: e88296c7 ($212.31 in chips)
Seat 5: 14a30721 ($411.23 in chips)
Seat 6: 6263e607 ($112.97 in chips)
Seat 2: 72897c7c ($466.03 in chips)
Seat 7: fc53bd1c ($200.78 in chips)
Seat 1: Hero ($253 in chips)
Seat 4: d6edcd9f ($770.91 in chips)
72897c7c: posts small blind $1
e88296c7: posts big blind $2
*** HOLE CARDS ***
Dealt to e88296c7 
Dealt to 14a30721 
Dealt to 6263e607 
Dealt to 72897c7c 
Dealt to fc53bd1c 
Dealt to Hero [2d 9h]
Dealt to d6edcd9f 
d6edcd9f: folds
14a30721: folds
6263e607: folds
fc53bd1c: raises $4 to $6
Hero: folds
72897c7c: folds
e88296c7: folds
Uncalled bet ($4) returned to fc53bd1c
*** SHOWDOWN ***
fc53bd1c collected $5 from pot
*** SUMMARY ***
Total pot $5
Seat 3: e88296c7(big blind) folded before Flop
Seat 5: 14a30721 folded before Flop (didn't bet)
Seat 6: 6263e607 folded before Flop (didn't bet)
Seat 2: 72897c7c(small blind) folded before Flop
Seat 7: fc53bd1cwon ($5)
Seat 1: Hero folded before Flop (didn't bet)
Seat 4: d6edcd9f folded before Flop (didn't bet)



Poker Hand #ring_845252729: NLH No Limit ($1/$2) - 2025/04/27 12:55:25
Table 'MR NLH 1/2' 7-max Seat #7 is the button
Seat 3: e88296c7 ($212.31 in chips)
Seat 5: 14a30721 ($417.23 in chips)
Seat 6: 6263e607 ($103.97 in chips)
Seat 2: 72897c7c ($468.03 in chips)
Seat 7: fc53bd1c ($200.78 in chips)
Seat 1: Hero ($254 in chips)
Seat 4: d6edcd9f ($770.91 in chips)
Hero: posts small blind $1
72897c7c: posts big blind $2
*** HOLE CARDS ***
Dealt to e88296c7 
Dealt to 14a30721 
Dealt to 6263e607 
Dealt to 72897c7c 
Dealt to fc53bd1c 
Dealt to Hero [Qc 2s]
Dealt to d6edcd9f 
e88296c7: folds
d6edcd9f: folds
14a30721: raises $4 to $6
6263e607: raises $15 to $21
fc53bd1c: folds
Hero: folds
72897c7c: folds
14a30721: folds
Uncalled bet ($15) returned to 6263e607
*** SHOWDOWN ***
6263e607 collected $15 from pot
*** SUMMARY ***
Total pot $15
Seat 3: e88296c7 folded before Flop (didn't bet)
Seat 5: 14a30721 folded before Flop
Seat 6: 6263e607won ($15)
Seat 2: 72897c7c(big blind) folded before Flop
Seat 7: fc53bd1c folded before Flop (didn't bet)
Seat 1: Hero(small blind) folded before Flop
Seat 4: d6edcd9f folded before Flop (didn't bet)



Poker Hand #ring_845251697: NLH No Limit ($1/$2) - 2025/04/27 12:54:15
Table 'MR NLH 1/2' 7-max Seat #6 is the button
Seat 3: e88296c7 ($212.31 in chips)
Seat 5: 14a30721 ($417.23 in chips)
Seat 6: 6263e607 ($105.97 in chips)
Seat 2: 72897c7c ($462.39 in chips)
Seat 7: fc53bd1c ($202.78 in chips)
Seat 1: Hero ($256 in chips)
Seat 4: d6edcd9f ($770.91 in chips)
fc53bd1c: posts small blind $1
Hero: posts big blind $2
*** HOLE CARDS ***
Dealt to e88296c7 
Dealt to 14a30721 
Dealt to 6263e607 
Dealt to 72897c7c 
Dealt to fc53bd1c 
Dealt to Hero [Jh 7h]
Dealt to d6edcd9f 
72897c7c: calls $2
e88296c7: folds
d6edcd9f: folds
14a30721: folds
6263e607: calls $2
fc53bd1c: calls $1
Hero: checks
*** FLOP *** [3c 9d 5d]
fc53bd1c: checks
Hero: checks
72897c7c: checks
6263e607: checks
*** TURN *** [3c 9d 5d] [6s]
fc53bd1c: checks
Hero: checks
72897c7c: bets $8
6263e607: folds
fc53bd1c: folds
Hero: folds
Uncalled bet ($8) returned to 72897c7c
*** SHOWDOWN ***
72897c7c collected $8 from pot
*** SUMMARY ***
Total pot $8
Board [3c 9d 5d 6s]
Seat 3: e88296c7 folded before Flop (didn't bet)
Seat 5: 14a30721 folded before Flop (didn't bet)
Seat 6: 6263e607 folded on the Turn
Seat 2: 72897c7cwon ($8) with Pair of Sixes and Pair of Fives
Seat 7: fc53bd1c(small blind) folded on the Turn
Seat 1: Hero(big blind) folded on the Turn
Seat 4: d6edcd9f folded before Flop (didn't bet)



