Poker Hand #ring_836454731: NLH No Limit ($1/$2) - 2025/04/22 13:54:13
Table 'MR NLH 1/2' 7-max Seat #6 is the button
Seat 3: 8df824d ($508.66 in chips)
Seat 5: Hero ($805.27 in chips)
Seat 1: 4948e5d4 ($432.14 in chips)
Seat 6: d86bfeaf ($617.25 in chips)
4948e5d4: posts small blind $1
8df824d: posts big blind $2
*** HOLE CARDS ***
Dealt to 8df824d 
Dealt to Hero [Ac 4d]
Dealt to 4948e5d4 
Dealt to d86bfeaf 
Hero: folds
d86bfeaf: raises $4 to $6
4948e5d4: folds
8df824d: folds
Uncalled bet ($4) returned to d86bfeaf
*** SHOWDOWN ***
d86bfeaf collected $5 from pot
*** SUMMARY ***
Total pot $5
Seat 3: 8df824d(big blind) folded before Flop
Seat 5: Hero folded before Flop (didn't bet)
Seat 1: 4948e5d4(small blind) folded before Flop
Seat 6: d86bfeafwon ($5)



Poker Hand #ring_836454487: NLH No Limit ($1/$2) - 2025/04/22 13:53:57
Table 'MR NLH 1/2' 7-max Seat #5 is the button
Seat 3: 8df824d ($508.66 in chips)
Seat 5: Hero ($805.27 in chips)
Seat 1: 4948e5d4 ($431.14 in chips)
Seat 6: d86bfeaf ($618.25 in chips)
d86bfeaf: posts small blind $1
4948e5d4: posts big blind $2
*** HOLE CARDS ***
Dealt to 8df824d 
Dealt to Hero [3d 8d]
Dealt to 4948e5d4 
Dealt to d86bfeaf 
8df824d: folds
Hero: folds
d86bfeaf: folds
*** SHOWDOWN ***
4948e5d4 collected $3 from pot
*** SUMMARY ***
Total pot $3
Seat 3: 8df824d folded before Flop (didn't bet)
Seat 5: Hero folded before Flop (didn't bet)
Seat 1: 4948e5d4(big blind)won ($3)
Seat 6: d86bfeaf(small blind) folded before Flop



Poker Hand #ring_836453690: NLH No Limit ($1/$2) - 2025/04/22 13:53:06
Table 'MR NLH 1/2' 7-max Seat #4 is the button
Seat 2: 4dc59966 ($32.51 in chips)
Seat 3: 8df824d ($508.66 in chips)
Seat 4: 46c1765d ($300.29 in chips)
Seat 5: Hero ($806.27 in chips)
Seat 1: 4948e5d4 ($399.19 in chips)
Seat 6: d86bfeaf ($620.25 in chips)
Hero: posts small blind $1
d86bfeaf: posts big blind $2
*** HOLE CARDS ***
Dealt to 4dc59966 
Dealt to 8df824d 
Dealt to 46c1765d 
Dealt to Hero [5d 3d]
Dealt to 4948e5d4 
Dealt to d86bfeaf 
4948e5d4: raises $4 to $6
4dc59966: raises $26.51 to $32.51 and is all-in
8df824d: folds
46c1765d: folds
Hero: folds
d86bfeaf: folds
4948e5d4: calls $26.51
4948e5d4: shows [Jc Jh]
4dc59966: shows [Tc Ac]
*** FLOP *** [3h 6c Td]
*** TURN *** [3h 6c Td] [7s]
*** RIVER *** [3h 6c Td 7s] [4s]
8df824d: shows [Ts Ah]
*** SHOWDOWN ***
4948e5d4 collected $68.02 from pot
*** SUMMARY ***
Total pot $68.02
Board [3h 6c Td 7s 4s]
Seat 2: 4dc59966 showed [Tc Ac] and lost with Pair of Tens
Seat 3: 8df824d folded before Flop (didn't bet)
Seat 4: 46c1765d folded before Flop (didn't bet)
Seat 5: Hero(small blind) folded before Flop
Seat 1: 4948e5d4 showed [Jc Jh] and won ($68.02) with Pair of Jacks
Seat 6: d86bfeaf(big blind) folded before Flop



Poker Hand #ring_836452876: NLH No Limit ($1/$2) - 2025/04/22 13:52:14
Table 'MR NLH 1/2' 7-max Seat #3 is the button
Seat 2: 4dc59966 ($127.81 in chips)
Seat 3: 8df824d ($508.66 in chips)
Seat 4: 46c1765d ($301.29 in chips)
Seat 5: Hero ($713.36 in chips)
Seat 1: 4948e5d4 ($399.19 in chips)
Seat 6: d86bfeaf ($626.25 in chips)
46c1765d: posts small blind $1
Hero: posts big blind $2
*** HOLE CARDS ***
Dealt to 4dc59966 
Dealt to 8df824d 
Dealt to 46c1765d 
Dealt to Hero [Tc Qd]
Dealt to 4948e5d4 
Dealt to d86bfeaf 
d86bfeaf: raises $4 to $6
4948e5d4: folds
4dc59966: calls $6
8df824d: folds
46c1765d: folds
Hero: calls $4
*** FLOP *** [Jc Td 6c]
Hero: checks
d86bfeaf: checks
4dc59966: bets $9.5
Hero: calls $9.5
d86bfeaf: folds
*** TURN *** [Jc Td 6c] [Ts]
Hero: checks
4dc59966: checks
*** RIVER *** [Jc Td 6c Ts] [3d]
Hero: checks
4dc59966: bets $19
Hero: raises $60.8 to $79.8
4dc59966: calls $60.8
4dc59966: shows [Jd 4d]
Hero: shows [Tc Qd]
*** SHOWDOWN ***
Hero collected $197.6 from pot
*** SUMMARY ***
Total pot $197.6
Board [Jc Td 6c Ts 3d]
Seat 2: 4dc59966 showed [Jd 4d] and lost with Pair of Jacks and Pair of Tens
Seat 3: 8df824d folded before Flop (didn't bet)
Seat 4: 46c1765d(small blind) folded before Flop
Seat 5: Hero(big blind) showed [Tc Qd] and won ($197.6) with Three Tens
Seat 1: 4948e5d4 folded before Flop (didn't bet)
Seat 6: d86bfeaf folded on the Flop



Poker Hand #ring_836452627: NLH No Limit ($1/$2) - 2025/04/22 13:51:57
Table 'MR NLH 1/2' 7-max Seat #2 is the button
Seat 2: 4dc59966 ($127.81 in chips)
Seat 3: 8df824d ($509.66 in chips)
Seat 4: 46c1765d ($300.29 in chips)
Seat 5: Hero ($713.36 in chips)
Seat 1: 4948e5d4 ($399.19 in chips)
Seat 6: d86bfeaf ($626.25 in chips)
8df824d: posts small blind $1
46c1765d: posts big blind $2
*** HOLE CARDS ***
Dealt to 4dc59966 
Dealt to 8df824d 
Dealt to 46c1765d 
Dealt to Hero [3c 9s]
Dealt to 4948e5d4 
Dealt to d86bfeaf 
Hero: folds
d86bfeaf: folds
4948e5d4: folds
4dc59966: folds
8df824d: folds
*** SHOWDOWN ***
46c1765d collected $3 from pot
*** SUMMARY ***
Total pot $3
Seat 2: 4dc59966 folded before Flop (didn't bet)
Seat 3: 8df824d(small blind) folded before Flop
Seat 4: 46c1765d(big blind)won ($3)
Seat 5: Hero folded before Flop (didn't bet)
Seat 1: 4948e5d4 folded before Flop (didn't bet)
Seat 6: d86bfeaf folded before Flop (didn't bet)



Poker Hand #ring_836451298: NLH No Limit ($1/$2) - 2025/04/22 13:50:35
Table 'MR NLH 1/2' 7-max Seat #1 is the button
Seat 2: 4dc59966 ($116.62 in chips)
Seat 3: 8df824d ($515.66 in chips)
Seat 4: 46c1765d ($306.29 in chips)
Seat 5: Hero ($713.36 in chips)
Seat 1: 4948e5d4 ($399.19 in chips)
Seat 6: d86bfeaf ($626.25 in chips)
4dc59966: posts small blind $1
8df824d: posts big blind $2
*** HOLE CARDS ***
Dealt to 4dc59966 
Dealt to 8df824d 
Dealt to 46c1765d 
Dealt to Hero [5s Ad]
Dealt to 4948e5d4 
Dealt to d86bfeaf 
46c1765d: calls $2
Hero: folds
d86bfeaf: folds
4948e5d4: folds
4dc59966: calls $1
8df824d: raises $4 to $6
46c1765d: calls $4
4dc59966: calls $4
*** FLOP *** [3s 9s Js]
4dc59966: checks
8df824d: checks
46c1765d: checks
*** TURN *** [3s 9s Js] [7c]
4dc59966: bets $9
8df824d: folds
46c1765d: folds
Uncalled bet ($9) returned to 4dc59966
*** SHOWDOWN ***
4dc59966 collected $18 from pot
*** SUMMARY ***
Total pot $18
Board [3s 9s Js 7c]
Seat 2: 4dc59966(small blind)won ($18) with Ace-High
Seat 3: 8df824d(big blind) folded on the Turn
Seat 4: 46c1765d folded on the Turn
Seat 5: Hero folded before Flop (didn't bet)
Seat 1: 4948e5d4 folded before Flop (didn't bet)
Seat 6: d86bfeaf folded before Flop (didn't bet)



Poker Hand #ring_836450026: NLH No Limit ($1/$2) - 2025/04/22 13:49:15
Table 'MR NLH 1/2' 7-max Seat #0 is the button
Seat 2: 4dc59966 ($118.62 in chips)
Seat 3: 8df824d ($515.66 in chips)
Seat 4: 46c1765d ($314.29 in chips)
Seat 5: Hero ($713.36 in chips)
Seat 1: 4948e5d4 ($390 in chips)
Seat 6: d86bfeaf ($626.25 in chips)
4948e5d4: posts small blind $1
4dc59966: posts big blind $2
*** HOLE CARDS ***
Dealt to 4dc59966 
Dealt to 8df824d 
Dealt to 46c1765d 
Dealt to Hero [8h 5s]
Dealt to 4948e5d4 
Dealt to d86bfeaf 
8df824d: folds
46c1765d: calls $2
Hero: folds
d86bfeaf: folds
4948e5d4: calls $1
4dc59966: checks
*** FLOP *** [As 2h Kc]
4948e5d4: checks
4dc59966: checks
46c1765d: checks
*** TURN *** [As 2h Kc] [8c]
4948e5d4: bets $6
4dc59966: folds
46c1765d: calls $6
*** RIVER *** [As 2h Kc 8c] [5d]
4948e5d4: bets $67.06
46c1765d: folds
Uncalled bet ($67.06) returned to 4948e5d4
*** SHOWDOWN ***
4948e5d4 collected $18 from pot
*** SUMMARY ***
Total pot $18
Board [As 2h Kc 8c 5d]
Seat 2: 4dc59966(big blind) folded on the Turn
Seat 3: 8df824d folded before Flop (didn't bet)
Seat 4: 46c1765d folded on the River
Seat 5: Hero folded before Flop (didn't bet)
Seat 1: 4948e5d4(small blind)won ($18) with Pair of Aces and Pair of Eights
Seat 6: d86bfeaf folded before Flop (didn't bet)



Poker Hand #ring_836449268: NLH No Limit ($1/$2) - 2025/04/22 13:48:29
Table 'MR NLH 1/2' 7-max Seat #6 is the button
Seat 2: 4dc59966 ($94.62 in chips)
Seat 7: 22459e5b ($244.25 in chips)
Seat 3: 8df824d ($521.66 in chips)
Seat 4: 46c1765d ($314.29 in chips)
Seat 5: Hero ($713.36 in chips)
Seat 1: 4948e5d4 ($392 in chips)
Seat 6: d86bfeaf ($641.25 in chips)
22459e5b: posts small blind $1
4948e5d4: posts big blind $2
*** HOLE CARDS ***
Dealt to 4dc59966 
Dealt to 22459e5b 
Dealt to 8df824d 
Dealt to 46c1765d 
Dealt to Hero [8c 3s]
Dealt to 4948e5d4 
Dealt to d86bfeaf 
4dc59966: calls $2
8df824d: raises $4 to $6
46c1765d: folds
Hero: folds
d86bfeaf: raises $9 to $15
22459e5b: folds
4948e5d4: folds
4dc59966: raises $29.25 to $44.25
8df824d: folds
d86bfeaf: folds
Uncalled bet ($29.25) returned to 4dc59966
*** SHOWDOWN ***
4dc59966 collected $39 from pot
*** SUMMARY ***
Total pot $39
Seat 2: 4dc59966won ($39)
Seat 7: 22459e5b(small blind) folded before Flop
Seat 3: 8df824d folded before Flop
Seat 4: 46c1765d folded before Flop (didn't bet)
Seat 5: Hero folded before Flop (didn't bet)
Seat 1: 4948e5d4(big blind) folded before Flop
Seat 6: d86bfeaf folded before Flop



Poker Hand #ring_836448616: NLH No Limit ($1/$2) - 2025/04/22 13:47:46
Table 'MR NLH 1/2' 7-max Seat #5 is the button
Seat 2: 4dc59966 ($96.62 in chips)
Seat 7: 22459e5b ($246.25 in chips)
Seat 3: 8df824d ($521.66 in chips)
Seat 4: 46c1765d ($314.29 in chips)
Seat 5: Hero ($715.36 in chips)
Seat 1: 4948e5d4 ($392 in chips)
Seat 6: d86bfeaf ($635.25 in chips)
d86bfeaf: posts small blind $1
22459e5b: posts big blind $2
*** HOLE CARDS ***
Dealt to 4dc59966 
Dealt to 22459e5b 
Dealt to 8df824d 
Dealt to 46c1765d 
Dealt to Hero [Jc 9d]
Dealt to 4948e5d4 
Dealt to d86bfeaf 
4948e5d4: folds
4dc59966: calls $2
8df824d: folds
46c1765d: folds
Hero: calls $2
d86bfeaf: raises $10 to $12
22459e5b: folds
4dc59966: folds
Hero: folds
Uncalled bet ($10) returned to d86bfeaf
*** SHOWDOWN ***
d86bfeaf collected $8 from pot
*** SUMMARY ***
Total pot $8
Seat 2: 4dc59966 folded before Flop
Seat 7: 22459e5b(big blind) folded before Flop
Seat 3: 8df824d folded before Flop (didn't bet)
Seat 4: 46c1765d folded before Flop (didn't bet)
Seat 5: Hero folded before Flop
Seat 1: 4948e5d4 folded before Flop (didn't bet)
Seat 6: d86bfeaf(small blind)won ($8)



Poker Hand #ring_836447693: NLH No Limit ($1/$2) - 2025/04/22 13:46:48
Table 'MR NLH 1/2' 7-max Seat #4 is the button
Seat 2: 4dc59966 ($137.62 in chips)
Seat 7: 22459e5b ($246.25 in chips)
Seat 3: 8df824d ($521.66 in chips)
Seat 4: 46c1765d ($267.93 in chips)
Seat 5: Hero ($717.36 in chips)
Seat 1: 4948e5d4 ($392 in chips)
Seat 6: d86bfeaf ($643.25 in chips)
Hero: posts small blind $1
d86bfeaf: posts big blind $2
*** HOLE CARDS ***
Dealt to 4dc59966 
Dealt to 22459e5b 
Dealt to 8df824d 
Dealt to 46c1765d 
Dealt to Hero [5h 6s]
Dealt to 4948e5d4 
Dealt to d86bfeaf 
22459e5b: folds
4948e5d4: folds
4dc59966: calls $2
8df824d: folds
46c1765d: calls $2
Hero: calls $1
d86bfeaf: checks
*** FLOP *** [Qd 9h 3h]
Hero: checks
d86bfeaf: checks
4dc59966: checks
46c1765d: checks
*** TURN *** [Qd 9h 3h] [2s]
Hero: checks
d86bfeaf: bets $6
4dc59966: raises $10 to $16
46c1765d: calls $16
Hero: folds
d86bfeaf: folds
*** RIVER *** [Qd 9h 3h 2s] [7d]
4dc59966: bets $23
46c1765d: calls $23
4dc59966: shows [Qh 8c]
46c1765d: shows [Qs Th]
*** SHOWDOWN ***
46c1765d collected $92 from pot
*** SUMMARY ***
Total pot $92
Board [Qd 9h 3h 2s 7d]
Seat 2: 4dc59966 showed [Qh 8c] and lost with Pair of Queens
Seat 7: 22459e5b folded before Flop (didn't bet)
Seat 3: 8df824d folded before Flop (didn't bet)
Seat 4: 46c1765d showed [Qs Th] and won ($92) with Pair of Queens
Seat 5: Hero(small blind) folded on the Turn
Seat 1: 4948e5d4 folded before Flop (didn't bet)
Seat 6: d86bfeaf(big blind) folded on the Turn



Poker Hand #ring_836446279: NLH No Limit ($1/$2) - 2025/04/22 13:45:21
Table 'MR NLH 1/2' 7-max Seat #3 is the button
Seat 2: 4dc59966 ($97 in chips)
Seat 7: 22459e5b ($252.25 in chips)
Seat 3: 8df824d ($537.56 in chips)
Seat 4: 46c1765d ($273.93 in chips)
Seat 5: Hero ($733.26 in chips)
Seat 1: 4948e5d4 ($392 in chips)
Seat 6: d86bfeaf ($643.25 in chips)
46c1765d: posts small blind $1
Hero: posts big blind $2
*** HOLE CARDS ***
Dealt to 4dc59966 
Dealt to 22459e5b 
Dealt to 8df824d 
Dealt to 46c1765d 
Dealt to Hero [5s 5c]
Dealt to 4948e5d4 
Dealt to d86bfeaf 
d86bfeaf: folds
22459e5b: raises $4 to $6
4948e5d4: folds
4dc59966: calls $6
8df824d: calls $6
46c1765d: calls $5
Hero: calls $4
*** FLOP *** [Qc 3c 7h]
46c1765d: checks
Hero: checks
22459e5b: checks
4dc59966: bets $9.9
8df824d: calls $9.9
46c1765d: folds
Hero: calls $9.9
22459e5b: folds
*** TURN *** [Qc 3c 7h] [Th]
Hero: checks
4dc59966: checks
8df824d: checks
*** RIVER *** [Qc 3c 7h Th] [9d]
Hero: checks
4dc59966: bets $44.77
8df824d: folds
Hero: folds
Uncalled bet ($44.77) returned to 4dc59966
*** SHOWDOWN ***
4dc59966 collected $59.7 from pot
*** SUMMARY ***
Total pot $59.7
Board [Qc 3c 7h Th 9d]
Seat 2: 4dc59966won ($59.7) with Pair of Nines
Seat 7: 22459e5b folded on the Flop
Seat 3: 8df824d folded on the River
Seat 4: 46c1765d(small blind) folded on the Flop
Seat 5: Hero(big blind) folded on the River
Seat 1: 4948e5d4 folded before Flop (didn't bet)
Seat 6: d86bfeaf folded before Flop (didn't bet)



Poker Hand #ring_836444819: NLH No Limit ($1/$2) - 2025/04/22 13:43:49
Table 'MR NLH 1/2' 7-max Seat #2 is the button
Seat 2: 4dc59966 ($97 in chips)
Seat 7: 22459e5b ($302 in chips)
Seat 3: 8df824d ($538.56 in chips)
Seat 4: 46c1765d ($479.93 in chips)
Seat 5: Hero ($492.1 in chips)
Seat 1: 4948e5d4 ($398 in chips)
Seat 6: d86bfeaf ($643.25 in chips)
8df824d: posts small blind $1
46c1765d: posts big blind $2
22459e5b: posts big blind $2
*** HOLE CARDS ***
Dealt to 4dc59966 
Dealt to 22459e5b 
Dealt to 8df824d 
Dealt to 46c1765d 
Dealt to Hero [4c 7c]
Dealt to 4948e5d4 
Dealt to d86bfeaf 
Hero: calls $2
d86bfeaf: folds
22459e5b: raises $4 to $6
4948e5d4: calls $6
4dc59966: folds
8df824d: folds
46c1765d: calls $4
Hero: calls $4
*** FLOP *** [2c 7d 9c]
46c1765d: checks
Hero: bets $12.5
22459e5b: calls $12.5
4948e5d4: folds
46c1765d: calls $12.5
*** TURN *** [2c 7d 9c] [5c]
46c1765d: checks
Hero: checks
22459e5b: bets $31.25
46c1765d: calls $31.25
Hero: calls $31.25
*** RIVER *** [2c 7d 9c 5c] [Th]
46c1765d: bets $156.25
Hero: calls $156.25
22459e5b: folds
46c1765d: shows [5d 5s]
Hero: shows [4c 7c]
*** SHOWDOWN ***
Hero collected $468.75 from pot
*** SUMMARY ***
Total pot $468.75
Board [2c 7d 9c 5c Th]
Seat 2: 4dc59966 folded before Flop (didn't bet)
Seat 7: 22459e5b folded on the River
Seat 3: 8df824d(small blind) folded before Flop
Seat 4: 46c1765d(big blind) showed [5d 5s] and lost with Three Fives
Seat 5: Hero showed [4c 7c] and won ($468.75) with Nine High Flush
Seat 1: 4948e5d4 folded on the Flop
Seat 6: d86bfeaf folded before Flop (didn't bet)



Poker Hand #ring_836443842: NLH No Limit ($1/$2) - 2025/04/22 13:42:49
Table 'MR NLH 1/2' 7-max Seat #1 is the button
Seat 2: 4dc59966 ($98 in chips)
Seat 3: 8df824d ($540.56 in chips)
Seat 4: 46c1765d ($519.43 in chips)
Seat 5: Hero ($492.1 in chips)
Seat 1: 4948e5d4 ($400 in chips)
Seat 6: d86bfeaf ($603.03 in chips)
4dc59966: posts small blind $1
8df824d: posts big blind $2
4948e5d4: posts big blind $2
*** HOLE CARDS ***
Dealt to 4dc59966 
Dealt to 8df824d 
Dealt to 46c1765d 
Dealt to Hero [8h Td]
Dealt to 4948e5d4 
Dealt to d86bfeaf 
46c1765d: calls $2
Hero: folds
d86bfeaf: raises $6 to $8
4948e5d4: folds
4dc59966: folds
8df824d: folds
46c1765d: calls $6
*** FLOP *** [3h Tc 9s]
46c1765d: checks
d86bfeaf: bets $10.5
46c1765d: calls $10.5
*** TURN *** [3h Tc 9s] [As]
46c1765d: checks
d86bfeaf: bets $21
46c1765d: calls $21
*** RIVER *** [3h Tc 9s As] [3d]
46c1765d: checks
d86bfeaf: checks
46c1765d: shows [Kh Qs]
d86bfeaf: shows [Jc 9c]
*** SHOWDOWN ***
d86bfeaf collected $84 from pot
*** SUMMARY ***
Total pot $84
Board [3h Tc 9s As 3d]
Seat 2: 4dc59966(small blind) folded before Flop
Seat 3: 8df824d(big blind) folded before Flop
Seat 4: 46c1765d showed [Kh Qs] and lost with Pair of Treys
Seat 5: Hero folded before Flop (didn't bet)
Seat 1: 4948e5d4 folded before Flop
Seat 6: d86bfeaf showed [Jc 9c] and won ($84) with Pair of Nines and Pair of Treys



Poker Hand #ring_836442718: NLH No Limit ($1/$2) - 2025/04/22 13:41:37
Table 'MR NLH 1/2' 7-max Seat #7 is the button
Seat 2: 4dc59966 ($100 in chips)
Seat 7: 22459e5b ($231 in chips)
Seat 3: 8df824d ($546.56 in chips)
Seat 4: 46c1765d ($296.35 in chips)
Seat 5: Hero ($492.1 in chips)
Seat 6: d86bfeaf ($609.03 in chips)
4dc59966: posts big blind $2
*** HOLE CARDS ***
Dealt to 4dc59966 
Dealt to 22459e5b 
Dealt to 8df824d 
Dealt to 46c1765d 
Dealt to Hero [5d 9h]
Dealt to d86bfeaf 
8df824d: raises $4 to $6
46c1765d: calls $6
Hero: folds
d86bfeaf: calls $6
22459e5b: raises $26 to $32
4dc59966: folds
8df824d: folds
46c1765d: calls $26
d86bfeaf: folds
*** FLOP *** [9c 2h 2s]
46c1765d: checks
22459e5b: bets $25.74
46c1765d: calls $25.74
*** TURN *** [9c 2h 2s] [4c]
46c1765d: checks
22459e5b: bets $64.74
46c1765d: raises $173.87 to $238.61 and is all-in
22459e5b: calls $108.52 and is all-in
Uncalled bet ($65.35) returned to 46c1765d
46c1765d: shows [2c Kc]
22459e5b: shows [Qc Qs]
*** RIVER *** [9c 2h 2s 4c] [Ks]
4dc59966: shows [2d]
*** SHOWDOWN ***
46c1765d collected $476 from pot
*** SUMMARY ***
Total pot $476
Board [9c 2h 2s 4c Ks]
Seat 2: 4dc59966(big blind) folded before Flop
Seat 7: 22459e5b showed [Qc Qs] and lost with Pair of Queens and Pair of Twos
Seat 3: 8df824d folded before Flop
Seat 4: 46c1765d showed [2c Kc] and won ($476) with Twos Full over Kings
Seat 5: Hero folded before Flop (didn't bet)
Seat 6: d86bfeaf folded before Flop



Poker Hand #ring_836441368: NLH No Limit ($1/$2) - 2025/04/22 13:40:12
Table 'MR NLH 1/2' 7-max Seat #6 is the button
Seat 7: 22459e5b ($232 in chips)
Seat 1: d025d8ab ($109 in chips)
Seat 3: 8df824d ($594.73 in chips)
Seat 4: 46c1765d ($296.35 in chips)
Seat 5: Hero ($492.1 in chips)
Seat 6: d86bfeaf ($463.38 in chips)
22459e5b: posts small blind $1
d025d8ab: posts big blind $2
*** HOLE CARDS ***
Dealt to 22459e5b 
Dealt to d025d8ab 
Dealt to 8df824d 
Dealt to 46c1765d 
Dealt to Hero [Qc 2s]
Dealt to d86bfeaf 
8df824d: raises $4 to $6
46c1765d: folds
Hero: folds
d86bfeaf: calls $6
22459e5b: folds
d025d8ab: raises $22 to $28
8df824d: calls $22
d86bfeaf: calls $22
*** FLOP *** [As 5s Qh]
d025d8ab: bets $20.17
8df824d: calls $20.17
d86bfeaf: raises $72.75 to $92.92
d025d8ab: calls $60.83 and is all-in
8df824d: folds
Uncalled bet ($11.92) returned to d86bfeaf
d025d8ab: shows [Ac Kd] (Pair of Aces)
d86bfeaf: shows [Js Qs] (Pair of Queens)
*** TURN *** [As 5s Qh] [Ks]
*** RIVER *** [As 5s Qh Ks] [6c]
*** SHOWDOWN ***
d86bfeaf collected $267.17 from pot
*** SUMMARY ***
Total pot $267.17
Board [As 5s Qh Ks 6c]
Seat 7: 22459e5b(small blind) folded before Flop
Seat 1: d025d8ab(big blind) showed [Ac Kd] and lost with Pair of Aces and Pair of Kings
Seat 3: 8df824d folded on the Flop
Seat 4: 46c1765d folded before Flop (didn't bet)
Seat 5: Hero folded before Flop (didn't bet)
Seat 6: d86bfeaf showed [Js Qs] and won ($267.17) with Ace High Flush



Poker Hand #ring_836440915: NLH No Limit ($1/$2) - 2025/04/22 13:39:44
Table 'MR NLH 1/2' 7-max Seat #5 is the button
Seat 7: 22459e5b ($234 in chips)
Seat 1: d025d8ab ($109 in chips)
Seat 3: 8df824d ($594.73 in chips)
Seat 4: 46c1765d ($296.35 in chips)
Seat 5: Hero ($492.1 in chips)
Seat 6: d86bfeaf ($461.38 in chips)
d86bfeaf: posts small blind $1
22459e5b: posts big blind $2
*** HOLE CARDS ***
Dealt to 22459e5b 
Dealt to d025d8ab 
Dealt to 8df824d 
Dealt to 46c1765d 
Dealt to Hero [9h 6s]
Dealt to d86bfeaf 
d025d8ab: folds
8df824d: folds
46c1765d: folds
Hero: folds
d86bfeaf: raises $4 to $6
22459e5b: folds
Uncalled bet ($4) returned to d86bfeaf
*** SHOWDOWN ***
d86bfeaf collected $4 from pot
*** SUMMARY ***
Total pot $4
Seat 7: 22459e5b(big blind) folded before Flop
Seat 1: d025d8ab folded before Flop (didn't bet)
Seat 3: 8df824d folded before Flop (didn't bet)
Seat 4: 46c1765d folded before Flop (didn't bet)
Seat 5: Hero folded before Flop (didn't bet)
Seat 6: d86bfeaf(small blind)won ($4)



Poker Hand #ring_836440560: NLH No Limit ($1/$2) - 2025/04/22 13:39:22
Table 'MR NLH 1/2' 7-max Seat #4 is the button
Seat 7: 22459e5b ($240 in chips)
Seat 1: d025d8ab ($100 in chips)
Seat 3: 8df824d ($594.73 in chips)
Seat 4: 46c1765d ($296.35 in chips)
Seat 5: Hero ($493.1 in chips)
Seat 6: d86bfeaf ($463.38 in chips)
Hero: posts small blind $1
d86bfeaf: posts big blind $2
d025d8ab: posts big blind $2
*** HOLE CARDS ***
Dealt to 22459e5b 
Dealt to d025d8ab 
Dealt to 8df824d 
Dealt to 46c1765d 
Dealt to Hero [5h 8h]
Dealt to d86bfeaf 
22459e5b: raises $4 to $6
d025d8ab: raises $10 to $16
8df824d: folds
46c1765d: folds
Hero: folds
d86bfeaf: folds
22459e5b: folds
Uncalled bet ($10) returned to d025d8ab
*** SHOWDOWN ***
d025d8ab collected $15 from pot
*** SUMMARY ***
Total pot $15
Seat 7: 22459e5b folded before Flop
Seat 1: d025d8abwon ($15)
Seat 3: 8df824d folded before Flop (didn't bet)
Seat 4: 46c1765d folded before Flop (didn't bet)
Seat 5: Hero(small blind) folded before Flop
Seat 6: d86bfeaf(big blind) folded before Flop



Poker Hand #ring_836439768: NLH No Limit ($1/$2) - 2025/04/22 13:38:33
Table 'MR NLH 1/2' 7-max Seat #3 is the button
Seat 7: 22459e5b ($240 in chips)
Seat 3: 8df824d ($600.73 in chips)
Seat 4: 46c1765d ($302.35 in chips)
Seat 5: Hero ($499.1 in chips)
Seat 6: d86bfeaf ($446.96 in chips)
46c1765d: posts small blind $1
Hero: posts big blind $2
*** HOLE CARDS ***
Dealt to 22459e5b 
Dealt to 8df824d 
Dealt to 46c1765d 
Dealt to Hero [Ad 3h]
Dealt to d86bfeaf 
d86bfeaf: raises $4 to $6
22459e5b: folds
8df824d: calls $6
46c1765d: calls $5
Hero: calls $4
*** FLOP *** [9c 2d Kh]
46c1765d: checks
Hero: checks
d86bfeaf: checks
8df824d: checks
*** TURN *** [9c 2d Kh] [Jh]
46c1765d: checks
Hero: checks
d86bfeaf: bets $12
8df824d: folds
46c1765d: folds
Hero: folds
Uncalled bet ($12) returned to d86bfeaf
*** SHOWDOWN ***
d86bfeaf collected $24 from pot
*** SUMMARY ***
Total pot $24
Board [9c 2d Kh Jh]
Seat 7: 22459e5b folded before Flop (didn't bet)
Seat 3: 8df824d folded on the Turn
Seat 4: 46c1765d(small blind) folded on the Turn
Seat 5: Hero(big blind) folded on the Turn
Seat 6: d86bfeafwon ($24) with Pair of Jacks



Poker Hand #ring_836438639: NLH No Limit ($1/$2) - 2025/04/22 13:37:23
Table 'MR NLH 1/2' 7-max Seat #7 is the button
Seat 7: 22459e5b ($245 in chips)
Seat 3: 8df824d ($601.73 in chips)
Seat 4: 46c1765d ($280.92 in chips)
Seat 5: Hero ($516.9 in chips)
Seat 6: d86bfeaf ($446.96 in chips)
8df824d: posts small blind $1
46c1765d: posts big blind $2
*** HOLE CARDS ***
Dealt to 22459e5b 
Dealt to 8df824d 
Dealt to 46c1765d 
Dealt to Hero [2c 2h]
Dealt to d86bfeaf 
Hero: raises $3 to $5
d86bfeaf: folds
22459e5b: calls $5
8df824d: folds
46c1765d: calls $3
*** FLOP *** [Qh Kh 6h]
46c1765d: checks
Hero: checks
22459e5b: checks
*** TURN *** [Qh Kh 6h] [7s]
46c1765d: checks
Hero: checks
22459e5b: checks
*** RIVER *** [Qh Kh 6h 7s] [Ad]
46c1765d: checks
Hero: bets $12.8
22459e5b: folds
46c1765d: calls $12.8
46c1765d: shows [Tc Ac]
Hero: shows [2c 2h]
*** SHOWDOWN ***
46c1765d collected $41.6 from pot
*** SUMMARY ***
Total pot $41.6
Board [Qh Kh 6h 7s Ad]
Seat 7: 22459e5b folded on the River
Seat 3: 8df824d(small blind) folded before Flop
Seat 4: 46c1765d(big blind) showed [Tc Ac] and won ($41.6) with Pair of Aces
Seat 5: Hero showed [2c 2h] and lost with Pair of Twos
Seat 6: d86bfeaf folded before Flop (didn't bet)



Poker Hand #ring_836438076: NLH No Limit ($1/$2) - 2025/04/22 13:36:50
Table 'MR NLH 1/2' 7-max Seat #6 is the button
Seat 7: 22459e5b ($246 in chips)
Seat 3: 8df824d ($591.73 in chips)
Seat 4: 46c1765d ($282.92 in chips)
Seat 5: Hero ($523.9 in chips)
Seat 6: d86bfeaf ($446.96 in chips)
22459e5b: posts small blind $1
8df824d: posts big blind $2
*** HOLE CARDS ***
Dealt to 22459e5b 
Dealt to 8df824d 
Dealt to 46c1765d 
Dealt to Hero [Ah Jc]
Dealt to d86bfeaf 
46c1765d: calls $2
Hero: raises $5 to $7
d86bfeaf: folds
22459e5b: folds
8df824d: raises $23 to $30
46c1765d: folds
Hero: folds
Uncalled bet ($23) returned to 8df824d
*** SHOWDOWN ***
8df824d collected $17 from pot
*** SUMMARY ***
Total pot $17
Seat 7: 22459e5b(small blind) folded before Flop
Seat 3: 8df824d(big blind)won ($17)
Seat 4: 46c1765d folded before Flop
Seat 5: Hero folded before Flop
Seat 6: d86bfeaf folded before Flop (didn't bet)



Poker Hand #ring_836437427: NLH No Limit ($1/$2) - 2025/04/22 13:36:10
Table 'MR NLH 1/2' 7-max Seat #5 is the button
Seat 7: 22459e5b ($248 in chips)
Seat 3: 8df824d ($591.73 in chips)
Seat 4: 46c1765d ($280.14 in chips)
Seat 5: Hero ($523.9 in chips)
Seat 6: d86bfeaf ($447.96 in chips)
d86bfeaf: posts small blind $1
22459e5b: posts big blind $2
*** HOLE CARDS ***
Dealt to 22459e5b 
Dealt to 8df824d 
Dealt to 46c1765d 
Dealt to Hero [4s 9c]
Dealt to d86bfeaf 
8df824d: folds
46c1765d: calls $2
Hero: folds
d86bfeaf: folds
22459e5b: checks
*** FLOP *** [Js 9d 7c]
22459e5b: checks
46c1765d: checks
*** TURN *** [Js 9d 7c] [Ac]
22459e5b: checks
46c1765d: bets $5
22459e5b: folds
Uncalled bet ($5) returned to 46c1765d
*** SHOWDOWN ***
46c1765d collected $5 from pot
*** SUMMARY ***
Total pot $5
Board [Js 9d 7c Ac]
Seat 7: 22459e5b(big blind) folded on the Turn
Seat 3: 8df824d folded before Flop (didn't bet)
Seat 4: 46c1765dwon ($5) with Pair of Aces
Seat 5: Hero folded before Flop (didn't bet)
Seat 6: d86bfeaf(small blind) folded before Flop



Poker Hand #ring_836436373: NLH No Limit ($1/$2) - 2025/04/22 13:35:04
Table 'MR NLH 1/2' 7-max Seat #4 is the button
Seat 7: 22459e5b ($254 in chips)
Seat 3: 8df824d ($597.73 in chips)
Seat 4: 46c1765d ($286.14 in chips)
Seat 5: Hero ($529.9 in chips)
Seat 6: d86bfeaf ($423.96 in chips)
Hero: posts small blind $1
d86bfeaf: posts big blind $2
*** HOLE CARDS ***
Dealt to 22459e5b 
Dealt to 8df824d 
Dealt to 46c1765d 
Dealt to Hero [4d Ad]
Dealt to d86bfeaf 
22459e5b: raises $4 to $6
8df824d: calls $6
46c1765d: calls $6
Hero: calls $5
d86bfeaf: raises $40 to $46
22459e5b: folds
8df824d: folds
46c1765d: folds
Hero: folds
Uncalled bet ($40) returned to d86bfeaf
*** SHOWDOWN ***
d86bfeaf collected $30 from pot
*** SUMMARY ***
Total pot $30
Seat 7: 22459e5b folded before Flop
Seat 3: 8df824d folded before Flop
Seat 4: 46c1765d folded before Flop
Seat 5: Hero(small blind) folded before Flop
Seat 6: d86bfeaf(big blind)won ($30)



Poker Hand #ring_836435933: NLH No Limit ($1/$2) - 2025/04/22 13:34:36
Table 'MR NLH 1/2' 7-max Seat #3 is the button
Seat 7: 22459e5b ($260 in chips)
Seat 3: 8df824d ($585.58 in chips)
Seat 4: 46c1765d ($287.14 in chips)
Seat 5: Hero ($535.9 in chips)
46c1765d: posts small blind $1
Hero: posts big blind $2
*** HOLE CARDS ***
Dealt to 22459e5b 
Dealt to 8df824d 
Dealt to 46c1765d 
Dealt to Hero [6h As]
22459e5b: raises $4 to $6
8df824d: calls $6
46c1765d: folds
Hero: calls $4
*** FLOP *** [4s 8c Jh]
Hero: checks
22459e5b: checks
8df824d: bets $9.5
Hero: folds
22459e5b: folds
Uncalled bet ($9.5) returned to 8df824d
*** SHOWDOWN ***
8df824d collected $19 from pot
*** SUMMARY ***
Total pot $19
Board [4s 8c Jh]
Seat 7: 22459e5b folded on the Flop
Seat 3: 8df824dwon ($19) with Pair of Jacks
Seat 4: 46c1765d(small blind) folded before Flop
Seat 5: Hero(big blind) folded on the Flop



Poker Hand #ring_836435074: NLH No Limit ($1/$2) - 2025/04/22 13:33:41
Table 'MR NLH 1/2' 7-max Seat #7 is the button
Seat 7: 22459e5b ($260 in chips)
Seat 3: 8df824d ($626.58 in chips)
Seat 4: 46c1765d ($289.14 in chips)
Seat 5: Hero ($497.18 in chips)
8df824d: posts small blind $1
46c1765d: posts big blind $2
*** HOLE CARDS ***
Dealt to 22459e5b 
Dealt to 8df824d 
Dealt to 46c1765d 
Dealt to Hero [Jd Qd]
Hero: raises $4 to $6
22459e5b: folds
8df824d: calls $5
46c1765d: folds
*** FLOP *** [9d Ks 5d]
8df824d: checks
Hero: bets $7
8df824d: calls $7
*** TURN *** [9d Ks 5d] [6d]
8df824d: bets $28
Hero: calls $28
*** RIVER *** [9d Ks 5d 6d] [8h]
8df824d: checks
Hero: bets $42
8df824d: folds
Uncalled bet ($42) returned to Hero
*** SHOWDOWN ***
Hero collected $84 from pot
*** SUMMARY ***
Total pot $84
Board [9d Ks 5d 6d 8h]
Seat 7: 22459e5b folded before Flop (didn't bet)
Seat 3: 8df824d(small blind) folded on the River
Seat 4: 46c1765d(big blind) folded before Flop
Seat 5: Herowon ($84) with Queen High Flush



Poker Hand #ring_836434840: NLH No Limit ($1/$2) - 2025/04/22 13:33:27
Table 'MR NLH 1/2' 7-max Seat #0 is the button
Seat 7: 22459e5b ($261 in chips)
Seat 3: 8df824d ($625.58 in chips)
Seat 4: 46c1765d ($289.14 in chips)
Seat 5: Hero ($497.18 in chips)
22459e5b: posts small blind $1
8df824d: posts big blind $2
*** HOLE CARDS ***
Dealt to 22459e5b 
Dealt to 8df824d 
Dealt to 46c1765d 
Dealt to Hero [6c 2s]
46c1765d: folds
Hero: folds
22459e5b: folds
*** SHOWDOWN ***
8df824d collected $3 from pot
*** SUMMARY ***
Total pot $3
Seat 7: 22459e5b(small blind) folded before Flop
Seat 3: 8df824d(big blind)won ($3)
Seat 4: 46c1765d folded before Flop (didn't bet)
Seat 5: Hero folded before Flop (didn't bet)



Poker Hand #ring_836434272: NLH No Limit ($1/$2) - 2025/04/22 13:32:54
Table 'MR NLH 1/2' 7-max Seat #5 is the button
Seat 7: 22459e5b ($260 in chips)
Seat 3: 8df824d ($625.58 in chips)
Seat 4: 46c1765d ($289.14 in chips)
Seat 1: bafc1d49 ($406.3 in chips)
Seat 5: Hero ($497.18 in chips)
Seat 6: db47b716 ($379.83 in chips)
db47b716: posts small blind $1
22459e5b: posts big blind $2
*** HOLE CARDS ***
Dealt to 22459e5b 
Dealt to 8df824d 
Dealt to 46c1765d 
Dealt to bafc1d49 
Dealt to Hero [9d 4h]
Dealt to db47b716 
bafc1d49: folds
8df824d: folds
46c1765d: folds
Hero: folds
db47b716: folds
*** SHOWDOWN ***
22459e5b collected $3 from pot
*** SUMMARY ***
Total pot $3
Seat 7: 22459e5b(big blind)won ($3)
Seat 3: 8df824d folded before Flop (didn't bet)
Seat 4: 46c1765d folded before Flop (didn't bet)
Seat 1: bafc1d49 folded before Flop (didn't bet)
Seat 5: Hero folded before Flop (didn't bet)
Seat 6: db47b716(small blind) folded before Flop



Poker Hand #ring_836433768: NLH No Limit ($1/$2) - 2025/04/22 13:32:24
Table 'MR NLH 1/2' 7-max Seat #4 is the button
Seat 7: 22459e5b ($260 in chips)
Seat 3: 8df824d ($625.58 in chips)
Seat 4: 46c1765d ($291.14 in chips)
Seat 1: bafc1d49 ($406.3 in chips)
Seat 5: Hero ($498.18 in chips)
Seat 6: db47b716 ($377.05 in chips)
Hero: posts small blind $1
db47b716: posts big blind $2
*** HOLE CARDS ***
Dealt to 22459e5b 
Dealt to 8df824d 
Dealt to 46c1765d 
Dealt to bafc1d49 
Dealt to Hero [8h 4s]
Dealt to db47b716 
22459e5b: folds
bafc1d49: folds
8df824d: folds
46c1765d: calls $2
Hero: folds
db47b716: checks
*** FLOP *** [Js Qs Ks]
db47b716: checks
46c1765d: checks
*** TURN *** [Js Qs Ks] [Th]
db47b716: checks
46c1765d: checks
*** RIVER *** [Js Qs Ks Th] [5d]
db47b716: bets $2.5
46c1765d: folds
Uncalled bet ($2.5) returned to db47b716
*** SHOWDOWN ***
db47b716 collected $5 from pot
*** SUMMARY ***
Total pot $5
Board [Js Qs Ks Th 5d]
Seat 7: 22459e5b folded before Flop (didn't bet)
Seat 3: 8df824d folded before Flop (didn't bet)
Seat 4: 46c1765d folded on the River
Seat 1: bafc1d49 folded before Flop (didn't bet)
Seat 5: Hero(small blind) folded before Flop
Seat 6: db47b716(big blind)won ($5) with Pair of Queens and Pair of Tens



Poker Hand #ring_836433244: NLH No Limit ($1/$2) - 2025/04/22 13:31:54
Table 'MR NLH 1/2' 7-max Seat #3 is the button
Seat 7: 22459e5b ($260 in chips)
Seat 3: 8df824d ($625.58 in chips)
Seat 4: 46c1765d ($296.14 in chips)
Seat 1: bafc1d49 ($406.3 in chips)
Seat 5: Hero ($500.18 in chips)
Seat 6: db47b716 ($370.59 in chips)
46c1765d: posts small blind $1
Hero: posts big blind $2
*** HOLE CARDS ***
Dealt to 22459e5b 
Dealt to 8df824d 
Dealt to 46c1765d 
Dealt to bafc1d49 
Dealt to Hero [2h Td]
Dealt to db47b716 
db47b716: raises $3 to $5
22459e5b: folds
bafc1d49: folds
8df824d: folds
46c1765d: calls $4
Hero: folds
*** FLOP *** [4d 6s Ad]
46c1765d: checks
db47b716: bets $3.96
46c1765d: folds
Uncalled bet ($3.96) returned to db47b716
*** SHOWDOWN ***
db47b716 collected $12 from pot
*** SUMMARY ***
Total pot $12
Board [4d 6s Ad]
Seat 7: 22459e5b folded before Flop (didn't bet)
Seat 3: 8df824d folded before Flop (didn't bet)
Seat 4: 46c1765d(small blind) folded on the Flop
Seat 1: bafc1d49 folded before Flop (didn't bet)
Seat 5: Hero(big blind) folded before Flop
Seat 6: db47b716won ($12) with Ace-High



Poker Hand #ring_836432265: NLH No Limit ($1/$2) - 2025/04/22 13:30:56
Table 'MR NLH 1/2' 7-max Seat #1 is the button
Seat 7: 22459e5b ($264 in chips)
Seat 3: 8df824d ($626.58 in chips)
Seat 4: 46c1765d ($329.48 in chips)
Seat 1: bafc1d49 ($406.3 in chips)
Seat 5: Hero ($500.18 in chips)
Seat 6: db47b716 ($335.97 in chips)
8df824d: posts small blind $1
46c1765d: posts big blind $2
*** HOLE CARDS ***
Dealt to 22459e5b 
Dealt to 8df824d 
Dealt to 46c1765d 
Dealt to bafc1d49 
Dealt to Hero [8s Td]
Dealt to db47b716 
Hero: folds
db47b716: raises $2 to $4
22459e5b: calls $4
bafc1d49: folds
8df824d: folds
46c1765d: calls $2
*** FLOP *** [Kh Qh 9h]
46c1765d: checks
db47b716: bets $4.29
22459e5b: folds
46c1765d: calls $4.29
*** TURN *** [Kh Qh 9h] [2d]
46c1765d: checks
db47b716: bets $7.13
46c1765d: calls $7.13
*** RIVER *** [Kh Qh 9h 2d] [Ad]
46c1765d: checks
db47b716: bets $17.92
46c1765d: calls $17.92
46c1765d: shows [Qc Jh]
db47b716: shows [Ah Ts]
*** SHOWDOWN ***
db47b716 collected $71.68 from pot
*** SUMMARY ***
Total pot $71.68
Board [Kh Qh 9h 2d Ad]
Seat 7: 22459e5b folded on the Flop
Seat 3: 8df824d(small blind) folded before Flop
Seat 4: 46c1765d(big blind) showed [Qc Jh] and lost with Pair of Queens
Seat 1: bafc1d49 folded before Flop (didn't bet)
Seat 5: Hero folded before Flop (didn't bet)
Seat 6: db47b716 showed [Ah Ts] and won ($71.68) with Pair of Aces



Poker Hand #ring_836431496: NLH No Limit ($1/$2) - 2025/04/22 13:30:11
Table 'MR NLH 1/2' 7-max Seat #7 is the button
Seat 7: 22459e5b ($264 in chips)
Seat 3: 8df824d ($621.53 in chips)
Seat 4: 46c1765d ($333.98 in chips)
Seat 1: bafc1d49 ($407.3 in chips)
Seat 5: Hero ($500.18 in chips)
Seat 6: db47b716 ($335.97 in chips)
bafc1d49: posts small blind $1
8df824d: posts big blind $2
*** HOLE CARDS ***
Dealt to 22459e5b 
Dealt to 8df824d 
Dealt to 46c1765d 
Dealt to bafc1d49 
Dealt to Hero [2d Jc]
Dealt to db47b716 
46c1765d: calls $2
Hero: folds
db47b716: folds
22459e5b: folds
bafc1d49: folds
8df824d: checks
*** FLOP *** [7s 4s Qh]
8df824d: bets $2.5
46c1765d: calls $2.5
*** TURN *** [7s 4s Qh] [As]
8df824d: checks
46c1765d: checks
*** RIVER *** [7s 4s Qh As] [Kd]
8df824d: bets $10
46c1765d: folds
Uncalled bet ($10) returned to 8df824d
*** SHOWDOWN ***
8df824d collected $10 from pot
*** SUMMARY ***
Total pot $10
Board [7s 4s Qh As Kd]
Seat 7: 22459e5b folded before Flop (didn't bet)
Seat 3: 8df824d(big blind)won ($10) with Pair of Kings and Pair of Sevens
Seat 4: 46c1765d folded on the River
Seat 1: bafc1d49(small blind) folded before Flop
Seat 5: Hero folded before Flop (didn't bet)
Seat 6: db47b716 folded before Flop (didn't bet)



Poker Hand #ring_836430846: NLH No Limit ($1/$2) - 2025/04/22 13:29:31
Table 'MR NLH 1/2' 7-max Seat #6 is the button
Seat 7: 22459e5b ($266 in chips)
Seat 3: 8df824d ($621.53 in chips)
Seat 4: 46c1765d ($328.34 in chips)
Seat 1: bafc1d49 ($409.3 in chips)
Seat 5: Hero ($502.18 in chips)
Seat 6: db47b716 ($335.97 in chips)
22459e5b: posts small blind $1
bafc1d49: posts big blind $2
*** HOLE CARDS ***
Dealt to 22459e5b 
Dealt to 8df824d 
Dealt to 46c1765d 
Dealt to bafc1d49 
Dealt to Hero [Td Js]
Dealt to db47b716 
8df824d: folds
46c1765d: calls $2
Hero: calls $2
db47b716: folds
22459e5b: calls $1
bafc1d49: checks
*** FLOP *** [Tc 5c 9c]
22459e5b: checks
bafc1d49: checks
46c1765d: bets $8
Hero: folds
22459e5b: folds
bafc1d49: folds
Uncalled bet ($8) returned to 46c1765d
*** SHOWDOWN ***
46c1765d collected $8 from pot
*** SUMMARY ***
Total pot $8
Board [Tc 5c 9c]
Seat 7: 22459e5b(small blind) folded on the Flop
Seat 3: 8df824d folded before Flop (didn't bet)
Seat 4: 46c1765dwon ($8) with Ace-High
Seat 1: bafc1d49(big blind) folded on the Flop
Seat 5: Hero folded on the Flop
Seat 6: db47b716 folded before Flop (didn't bet)



Poker Hand #ring_836430128: NLH No Limit ($1/$2) - 2025/04/22 13:28:47
Table 'MR NLH 1/2' 7-max Seat #5 is the button
Seat 7: 22459e5b ($202 in chips)
Seat 3: 8df824d ($652.53 in chips)
Seat 4: 46c1765d ($359.34 in chips)
Seat 1: bafc1d49 ($409.3 in chips)
Seat 5: Hero ($508.18 in chips)
Seat 6: db47b716 ($336.97 in chips)
db47b716: posts small blind $1
22459e5b: posts big blind $2
*** HOLE CARDS ***
Dealt to 22459e5b 
Dealt to 8df824d 
Dealt to 46c1765d 
Dealt to bafc1d49 
Dealt to Hero [Ts Qh]
Dealt to db47b716 
bafc1d49: folds
8df824d: raises $4 to $6
46c1765d: calls $6
Hero: calls $6
db47b716: folds
22459e5b: raises $25 to $31
8df824d: calls $25
46c1765d: calls $25
Hero: folds
*** FLOP *** [Th Td 3s]
22459e5b: bets $75
8df824d: folds
46c1765d: folds
Uncalled bet ($75) returned to 22459e5b
Hero: shows [Ts]
*** SHOWDOWN ***
22459e5b collected $100 from pot
*** SUMMARY ***
Total pot $100
Board [Th Td 3s]
Seat 7: 22459e5b(big blind)won ($100) with Pair of Tens
Seat 3: 8df824d folded on the Flop
Seat 4: 46c1765d folded on the Flop
Seat 1: bafc1d49 folded before Flop (didn't bet)
Seat 5: Hero folded before Flop
Seat 6: db47b716(small blind) folded before Flop



Poker Hand #ring_836429498: NLH No Limit ($1/$2) - 2025/04/22 13:28:08
Table 'MR NLH 1/2' 7-max Seat #4 is the button
Seat 7: 22459e5b ($204 in chips)
Seat 3: 8df824d ($642.29 in chips)
Seat 4: 46c1765d ($365.34 in chips)
Seat 1: bafc1d49 ($409.3 in chips)
Seat 5: Hero ($509.18 in chips)
Seat 6: db47b716 ($338.97 in chips)
Hero: posts small blind $1
db47b716: posts big blind $2
22459e5b: posts big blind $2
*** HOLE CARDS ***
Dealt to 22459e5b 
Dealt to 8df824d 
Dealt to 46c1765d 
Dealt to bafc1d49 
Dealt to Hero [2h Qd]
Dealt to db47b716 
22459e5b: checks
bafc1d49: folds
8df824d: raises $4 to $6
46c1765d: calls $6
Hero: folds
db47b716: folds
22459e5b: folds
*** FLOP *** [8s 9d 5s]
8df824d: bets $8.5
46c1765d: folds
Uncalled bet ($8.5) returned to 8df824d
*** SHOWDOWN ***
8df824d collected $17 from pot
*** SUMMARY ***
Total pot $17
Board [8s 9d 5s]
Seat 7: 22459e5b folded before Flop
Seat 3: 8df824dwon ($17) with Pair of Eights
Seat 4: 46c1765d folded on the Flop
Seat 1: bafc1d49 folded before Flop (didn't bet)
Seat 5: Hero(small blind) folded before Flop
Seat 6: db47b716(big blind) folded before Flop



Poker Hand #ring_836428831: NLH No Limit ($1/$2) - 2025/04/22 13:27:30
Table 'MR NLH 1/2' 7-max Seat #3 is the button
Seat 3: 8df824d ($642.29 in chips)
Seat 4: 46c1765d ($354.92 in chips)
Seat 1: bafc1d49 ($409.3 in chips)
Seat 5: Hero ($521.18 in chips)
Seat 6: db47b716 ($338.97 in chips)
46c1765d: posts small blind $1
Hero: posts big blind $2
*** HOLE CARDS ***
Dealt to 8df824d 
Dealt to 46c1765d 
Dealt to bafc1d49 
Dealt to Hero [Ts Kh]
Dealt to db47b716 
db47b716: folds
bafc1d49: folds
8df824d: folds
46c1765d: calls $1
Hero: raises $4 to $6
46c1765d: calls $4
*** FLOP *** [5c Js 3h]
46c1765d: checks
Hero: bets $6
46c1765d: calls $6
*** TURN *** [5c Js 3h] [7d]
46c1765d: checks
Hero: checks
*** RIVER *** [5c Js 3h 7d] [4s]
46c1765d: bets $18
Hero: folds
Uncalled bet ($18) returned to 46c1765d
*** SHOWDOWN ***
46c1765d collected $24 from pot
*** SUMMARY ***
Total pot $24
Board [5c Js 3h 7d 4s]
Seat 3: 8df824d folded before Flop (didn't bet)
Seat 4: 46c1765d(small blind)won ($24) with Sevens-High Straight
Seat 1: bafc1d49 folded before Flop (didn't bet)
Seat 5: Hero(big blind) folded on the River
Seat 6: db47b716 folded before Flop (didn't bet)



Poker Hand #ring_836428214: NLH No Limit ($1/$2) - 2025/04/22 13:26:53
Table 'MR NLH 1/2' 7-max Seat #1 is the button
Seat 3: 8df824d ($643.29 in chips)
Seat 4: 46c1765d ($359.92 in chips)
Seat 1: bafc1d49 ($403.79 in chips)
Seat 5: Hero ($521.18 in chips)
Seat 6: db47b716 ($338.97 in chips)
8df824d: posts small blind $1
46c1765d: posts big blind $2
*** HOLE CARDS ***
Dealt to 8df824d 
Dealt to 46c1765d 
Dealt to bafc1d49 
Dealt to Hero [Ac 8d]
Dealt to db47b716 
Hero: folds
db47b716: folds
bafc1d49: raises $3 to $5
8df824d: folds
46c1765d: calls $3
*** FLOP *** [6h Qc Kd]
46c1765d: checks
bafc1d49: bets $3.63
46c1765d: folds
Uncalled bet ($3.63) returned to bafc1d49
*** SHOWDOWN ***
bafc1d49 collected $11 from pot
*** SUMMARY ***
Total pot $11
Board [6h Qc Kd]
Seat 3: 8df824d(small blind) folded before Flop
Seat 4: 46c1765d(big blind) folded on the Flop
Seat 1: bafc1d49won ($11) with King-High
Seat 5: Hero folded before Flop (didn't bet)
Seat 6: db47b716 folded before Flop (didn't bet)



Poker Hand #ring_836427660: NLH No Limit ($1/$2) - 2025/04/22 13:26:20
Table 'MR NLH 1/2' 7-max Seat #6 is the button
Seat 3: 8df824d ($645.29 in chips)
Seat 4: 46c1765d ($357.14 in chips)
Seat 1: bafc1d49 ($404.79 in chips)
Seat 5: Hero ($521.18 in chips)
Seat 6: db47b716 ($338.97 in chips)
bafc1d49: posts small blind $1
8df824d: posts big blind $2
*** HOLE CARDS ***
Dealt to 8df824d 
Dealt to 46c1765d 
Dealt to bafc1d49 
Dealt to Hero [Jh 4s]
Dealt to db47b716 
46c1765d: calls $2
Hero: folds
db47b716: folds
bafc1d49: folds
8df824d: checks
*** FLOP *** [7d 7s 8h]
8df824d: checks
46c1765d: bets $3.75
8df824d: folds
Uncalled bet ($3.75) returned to 46c1765d
*** SHOWDOWN ***
46c1765d collected $5 from pot
*** SUMMARY ***
Total pot $5
Board [7d 7s 8h]
Seat 3: 8df824d(big blind) folded on the Flop
Seat 4: 46c1765dwon ($5) with Pair of Sevens
Seat 1: bafc1d49(small blind) folded before Flop
Seat 5: Hero folded before Flop (didn't bet)
Seat 6: db47b716 folded before Flop (didn't bet)



Poker Hand #ring_836426786: NLH No Limit ($1/$2) - 2025/04/22 13:25:26
Table 'MR NLH 1/2' 7-max Seat #5 is the button
Seat 3: 8df824d ($599.06 in chips)
Seat 4: 46c1765d ($363.14 in chips)
Seat 1: bafc1d49 ($448.79 in chips)
Seat 5: Hero ($521.18 in chips)
Seat 6: db47b716 ($339.97 in chips)
db47b716: posts small blind $1
bafc1d49: posts big blind $2
*** HOLE CARDS ***
Dealt to 8df824d 
Dealt to 46c1765d 
Dealt to bafc1d49 
Dealt to Hero [2d 3h]
Dealt to db47b716 
8df824d: raises $4 to $6
46c1765d: calls $6
Hero: folds
db47b716: folds
bafc1d49: calls $4
*** FLOP *** [6c Qc Ac]
bafc1d49: checks
8df824d: bets $9.5
46c1765d: folds
bafc1d49: calls $9.5
*** TURN *** [6c Qc Ac] [2s]
bafc1d49: checks
8df824d: bets $28.5
bafc1d49: calls $28.5
*** RIVER *** [6c Qc Ac 2s] [5h]
bafc1d49: checks
8df824d: checks
bafc1d49: shows [Kc Js]
8df824d: shows [6s 6h]
*** SHOWDOWN ***
8df824d collected $95 from pot
*** SUMMARY ***
Total pot $95
Board [6c Qc Ac 2s 5h]
Seat 3: 8df824d showed [6s 6h] and won ($95) with Three Sixes
Seat 4: 46c1765d folded on the Flop
Seat 1: bafc1d49(big blind) showed [Kc Js] and lost with Ace-High
Seat 5: Hero folded before Flop (didn't bet)
Seat 6: db47b716(small blind) folded before Flop



Poker Hand #ring_836426361: NLH No Limit ($1/$2) - 2025/04/22 13:25:01
Table 'MR NLH 1/2' 7-max Seat #4 is the button
Seat 3: 8df824d ($599.06 in chips)
Seat 4: 46c1765d ($363.14 in chips)
Seat 1: bafc1d49 ($448.79 in chips)
Seat 5: Hero ($519.18 in chips)
Seat 6: db47b716 ($341.97 in chips)
Hero: posts small blind $1
db47b716: posts big blind $2
*** HOLE CARDS ***
Dealt to 8df824d 
Dealt to 46c1765d 
Dealt to bafc1d49 
Dealt to Hero [9d Kd]
Dealt to db47b716 
bafc1d49: folds
8df824d: folds
46c1765d: folds
Hero: raises $3 to $5
db47b716: folds
Uncalled bet ($3) returned to Hero
*** SHOWDOWN ***
Hero collected $4 from pot
*** SUMMARY ***
Total pot $4
Seat 3: 8df824d folded before Flop (didn't bet)
Seat 4: 46c1765d folded before Flop (didn't bet)
Seat 1: bafc1d49 folded before Flop (didn't bet)
Seat 5: Hero(small blind)won ($4)
Seat 6: db47b716(big blind) folded before Flop



Poker Hand #ring_836425679: NLH No Limit ($1/$2) - 2025/04/22 13:24:20
Table 'MR NLH 1/2' 7-max Seat #3 is the button
Seat 3: 8df824d ($599.06 in chips)
Seat 4: 46c1765d ($371.14 in chips)
Seat 1: bafc1d49 ($448.79 in chips)
Seat 5: Hero ($511.9 in chips)
Seat 6: db47b716 ($341.97 in chips)
46c1765d: posts small blind $1
Hero: posts big blind $2
*** HOLE CARDS ***
Dealt to 8df824d 
Dealt to 46c1765d 
Dealt to bafc1d49 
Dealt to Hero [9s 8h]
Dealt to db47b716 
db47b716: folds
bafc1d49: folds
8df824d: folds
46c1765d: calls $1
Hero: checks
*** FLOP *** [5s 5d Kh]
46c1765d: checks
Hero: checks
*** TURN *** [5s 5d Kh] [6s]
46c1765d: bets $2
Hero: calls $2
*** RIVER *** [5s 5d Kh 6s] [Kd]
46c1765d: checks
Hero: bets $4
46c1765d: calls $4
46c1765d: shows [7s 3c]
Hero: shows [9s 8h]
*** SHOWDOWN ***
Hero collected $16 from pot
*** SUMMARY ***
Total pot $16
Board [5s 5d Kh 6s Kd]
Seat 3: 8df824d folded before Flop (didn't bet)
Seat 4: 46c1765d(small blind) showed [7s 3c] and lost with Pair of Kings and Pair of Fives
Seat 1: bafc1d49 folded before Flop (didn't bet)
Seat 5: Hero(big blind) showed [9s 8h] and won ($16) with Pair of Kings and Pair of Fives
Seat 6: db47b716 folded before Flop (didn't bet)



Poker Hand #ring_836424167: NLH No Limit ($1/$2) - 2025/04/22 13:22:49
Table 'MR NLH 1/2' 7-max Seat #1 is the button
Seat 3: 8df824d ($604.06 in chips)
Seat 4: 46c1765d ($361.81 in chips)
Seat 1: bafc1d49 ($453.79 in chips)
Seat 5: Hero ($511.9 in chips)
Seat 6: db47b716 ($341.97 in chips)
8df824d: posts small blind $1
46c1765d: posts big blind $2
*** HOLE CARDS ***
Dealt to 8df824d 
Dealt to 46c1765d 
Dealt to bafc1d49 
Dealt to Hero [Tc 3h]
Dealt to db47b716 
Hero: folds
db47b716: folds
bafc1d49: raises $3 to $5
8df824d: calls $4
46c1765d: calls $3
*** FLOP *** [Th Ad Ah]
8df824d: checks
46c1765d: checks
bafc1d49: checks
*** TURN *** [Th Ad Ah] [6c]
8df824d: checks
46c1765d: checks
bafc1d49: checks
*** RIVER *** [Th Ad Ah 6c] [Ts]
8df824d: checks
46c1765d: bets $15
bafc1d49: folds
8df824d: folds
Uncalled bet ($15) returned to 46c1765d
46c1765d: shows [9h]
*** SHOWDOWN ***
46c1765d collected $15 from pot
*** SUMMARY ***
Total pot $15
Board [Th Ad Ah 6c Ts]
Seat 3: 8df824d(small blind) folded on the River
Seat 4: 46c1765d(big blind) showed [9h] and won ($15) with Pair of Aces and Pair of Tens
Seat 1: bafc1d49 folded on the River
Seat 5: Hero folded before Flop (didn't bet)
Seat 6: db47b716 folded before Flop (didn't bet)



Poker Hand #ring_836423632: NLH No Limit ($1/$2) - 2025/04/22 13:22:16
Table 'MR NLH 1/2' 7-max Seat #6 is the button
Seat 3: 8df824d ($606.06 in chips)
Seat 4: 46c1765d ($358.08 in chips)
Seat 1: bafc1d49 ($455.79 in chips)
Seat 5: Hero ($511.9 in chips)
Seat 6: db47b716 ($341.97 in chips)
bafc1d49: posts small blind $1
8df824d: posts big blind $2
*** HOLE CARDS ***
Dealt to 8df824d 
Dealt to 46c1765d 
Dealt to bafc1d49 
Dealt to Hero [3c 2d]
Dealt to db47b716 
46c1765d: calls $2
Hero: folds
db47b716: folds
bafc1d49: calls $1
8df824d: checks
*** FLOP *** [2s 8h 6c]
bafc1d49: checks
8df824d: checks
46c1765d: bets $6
bafc1d49: folds
8df824d: folds
Uncalled bet ($6) returned to 46c1765d
*** SHOWDOWN ***
46c1765d collected $6 from pot
*** SUMMARY ***
Total pot $6
Board [2s 8h 6c]
Seat 3: 8df824d(big blind) folded on the Flop
Seat 4: 46c1765dwon ($6) with Pair of Sixes
Seat 1: bafc1d49(small blind) folded on the Flop
Seat 5: Hero folded before Flop (didn't bet)
Seat 6: db47b716 folded before Flop (didn't bet)



Poker Hand #ring_836422385: NLH No Limit ($1/$2) - 2025/04/22 13:21:00
Table 'MR NLH 1/2' 7-max Seat #5 is the button
Seat 3: 8df824d ($606.06 in chips)
Seat 4: 46c1765d ($624.85 in chips)
Seat 1: bafc1d49 ($457.79 in chips)
Seat 5: Hero ($266.77 in chips)
Seat 6: db47b716 ($342.97 in chips)
db47b716: posts small blind $1
bafc1d49: posts big blind $2
*** HOLE CARDS ***
Dealt to 8df824d 
Dealt to 46c1765d 
Dealt to bafc1d49 
Dealt to Hero [Kc Ad]
Dealt to db47b716 
8df824d: folds
46c1765d: calls $2
Hero: raises $7 to $9
db47b716: folds
bafc1d49: folds
46c1765d: calls $7
*** FLOP *** [8d 7h Ah]
46c1765d: checks
Hero: bets $10.5
46c1765d: calls $10.5
*** TURN *** [8d 7h Ah] [Td]
46c1765d: checks
Hero: bets $33.6
46c1765d: raises $109.2 to $142.8
Hero: raises $104.47 to $247.27 and is all-in
46c1765d: calls $104.47
46c1765d: shows [Ac Qh]
Hero: shows [Kc Ad]
*** RIVER *** [8d 7h Ah Td] [7s]
*** SHOWDOWN ***
Hero collected $536.54 from pot
*** SUMMARY ***
Total pot $536.54
Board [8d 7h Ah Td 7s]
Seat 3: 8df824d folded before Flop (didn't bet)
Seat 4: 46c1765d showed [Ac Qh] and lost with Pair of Aces and Pair of Sevens
Seat 1: bafc1d49(big blind) folded before Flop
Seat 5: Hero showed [Kc Ad] and won ($536.54) with Pair of Aces and Pair of Sevens
Seat 6: db47b716(small blind) folded before Flop



Poker Hand #ring_836421741: NLH No Limit ($1/$2) - 2025/04/22 13:20:21
Table 'MR NLH 1/2' 7-max Seat #4 is the button
Seat 3: 8df824d ($606.06 in chips)
Seat 4: 46c1765d ($606.19 in chips)
Seat 1: bafc1d49 ($457.79 in chips)
Seat 5: Hero ($267.77 in chips)
Seat 6: db47b716 ($362.97 in chips)
Hero: posts small blind $1
db47b716: posts big blind $2
*** HOLE CARDS ***
Dealt to 8df824d 
Dealt to 46c1765d 
Dealt to bafc1d49 
Dealt to Hero [5d 2h]
Dealt to db47b716 
bafc1d49: folds
8df824d: folds
46c1765d: raises $6 to $8
Hero: folds
db47b716: calls $6
*** FLOP *** [Qd Ac 9c]
db47b716: bets $4
46c1765d: calls $4
*** TURN *** [Qd Ac 9c] [5s]
db47b716: bets $4
46c1765d: calls $4
*** RIVER *** [Qd Ac 9c 5s] [Jh]
db47b716: bets $4
46c1765d: raises $30.75 to $34.75
db47b716: folds
Uncalled bet ($30.75) returned to 46c1765d
46c1765d: shows [3c 3s]
*** SHOWDOWN ***
46c1765d collected $41 from pot
*** SUMMARY ***
Total pot $41
Board [Qd Ac 9c 5s Jh]
Seat 3: 8df824d folded before Flop (didn't bet)
Seat 4: 46c1765d showed [3c 3s] and won ($41) with Pair of Treys
Seat 1: bafc1d49 folded before Flop (didn't bet)
Seat 5: Hero(small blind) folded before Flop
Seat 6: db47b716(big blind) folded on the River



Poker Hand #ring_836420933: NLH No Limit ($1/$2) - 2025/04/22 13:19:32
Table 'MR NLH 1/2' 7-max Seat #3 is the button
Seat 3: 8df824d ($606.06 in chips)
Seat 4: 46c1765d ($587.76 in chips)
Seat 1: bafc1d49 ($457.79 in chips)
Seat 5: Hero ($288.57 in chips)
Seat 6: db47b716 ($362.97 in chips)
46c1765d: posts small blind $1
Hero: posts big blind $2
*** HOLE CARDS ***
Dealt to 8df824d 
Dealt to 46c1765d 
Dealt to bafc1d49 
Dealt to Hero [7c 5d]
Dealt to db47b716 
db47b716: folds
bafc1d49: folds
8df824d: folds
46c1765d: calls $1
Hero: checks
*** FLOP *** [Qs 4d 7h]
46c1765d: checks
Hero: bets $2
46c1765d: calls $2
*** TURN *** [Qs 4d 7h] [5s]
46c1765d: checks
Hero: bets $4
46c1765d: calls $4
*** RIVER *** [Qs 4d 7h 5s] [8s]
46c1765d: checks
Hero: bets $12.8
46c1765d: raises $31.2 to $44
Hero: folds
Uncalled bet ($31.2) returned to 46c1765d
46c1765d: shows [Jh Kd]
*** SHOWDOWN ***
46c1765d collected $41.6 from pot
*** SUMMARY ***
Total pot $41.6
Board [Qs 4d 7h 5s 8s]
Seat 3: 8df824d folded before Flop (didn't bet)
Seat 4: 46c1765d(small blind) showed [Jh Kd] and won ($41.6) with King-High
Seat 1: bafc1d49 folded before Flop (didn't bet)
Seat 5: Hero(big blind) folded on the River
Seat 6: db47b716 folded before Flop (didn't bet)



Poker Hand #ring_836420153: NLH No Limit ($1/$2) - 2025/04/22 13:18:42
Table 'MR NLH 1/2' 7-max Seat #1 is the button
Seat 3: 8df824d ($607.06 in chips)
Seat 4: 46c1765d ($600.26 in chips)
Seat 1: bafc1d49 ($457.79 in chips)
Seat 5: Hero ($276.74 in chips)
Seat 6: db47b716 ($362.97 in chips)
8df824d: posts small blind $1
46c1765d: posts big blind $2
*** HOLE CARDS ***
Dealt to 8df824d 
Dealt to 46c1765d 
Dealt to bafc1d49 
Dealt to Hero [Qd Ac]
Dealt to db47b716 
Hero: raises $4 to $6
db47b716: folds
bafc1d49: folds
8df824d: folds
46c1765d: calls $4
*** FLOP *** [2s 5h Ah]
46c1765d: checks
Hero: checks
*** TURN *** [2s 5h Ah] [9d]
46c1765d: checks
Hero: bets $6.5
46c1765d: calls $6.5
*** RIVER *** [2s 5h Ah 9d] [Qh]
46c1765d: checks
Hero: bets $20.8
46c1765d: folds
Uncalled bet ($20.8) returned to Hero
*** SHOWDOWN ***
Hero collected $26 from pot
*** SUMMARY ***
Total pot $26
Board [2s 5h Ah 9d Qh]
Seat 3: 8df824d(small blind) folded before Flop
Seat 4: 46c1765d(big blind) folded on the River
Seat 1: bafc1d49 folded before Flop (didn't bet)
Seat 5: Herowon ($26) with Pair of Aces and Pair of Queens
Seat 6: db47b716 folded before Flop (didn't bet)



Poker Hand #ring_836419686: NLH No Limit ($1/$2) - 2025/04/22 13:18:13
Table 'MR NLH 1/2' 7-max Seat #6 is the button
Seat 3: 8df824d ($600.64 in chips)
Seat 4: 46c1765d ($606.26 in chips)
Seat 1: bafc1d49 ($458.79 in chips)
Seat 5: Hero ($276.74 in chips)
Seat 6: db47b716 ($362.97 in chips)
bafc1d49: posts small blind $1
8df824d: posts big blind $2
*** HOLE CARDS ***
Dealt to 8df824d 
Dealt to 46c1765d 
Dealt to bafc1d49 
Dealt to Hero [Td 3s]
Dealt to db47b716 
46c1765d: calls $2
Hero: folds
db47b716: folds
bafc1d49: folds
8df824d: raises $4 to $6
46c1765d: calls $4
*** FLOP *** [9s 2d 7c]
8df824d: bets $6.5
46c1765d: folds
Uncalled bet ($6.5) returned to 8df824d
*** SHOWDOWN ***
8df824d collected $13 from pot
*** SUMMARY ***
Total pot $13
Board [9s 2d 7c]
Seat 3: 8df824d(big blind)won ($13) with Pair of Queens
Seat 4: 46c1765d folded on the Flop
Seat 1: bafc1d49(small blind) folded before Flop
Seat 5: Hero folded before Flop (didn't bet)
Seat 6: db47b716 folded before Flop (didn't bet)



Poker Hand #ring_836419337: NLH No Limit ($1/$2) - 2025/04/22 13:17:52
Table 'MR NLH 1/2' 7-max Seat #5 is the button
Seat 3: 8df824d ($600.64 in chips)
Seat 4: 46c1765d ($603.26 in chips)
Seat 1: bafc1d49 ($460.79 in chips)
Seat 5: Hero ($276.74 in chips)
Seat 6: db47b716 ($363.97 in chips)
db47b716: posts small blind $1
bafc1d49: posts big blind $2
*** HOLE CARDS ***
Dealt to 8df824d 
Dealt to 46c1765d 
Dealt to bafc1d49 
Dealt to Hero [4s 2h]
Dealt to db47b716 
8df824d: folds
46c1765d: raises $4 to $6
Hero: folds
db47b716: folds
bafc1d49: folds
Uncalled bet ($4) returned to 46c1765d
*** SHOWDOWN ***
46c1765d collected $5 from pot
*** SUMMARY ***
Total pot $5
Seat 3: 8df824d folded before Flop (didn't bet)
Seat 4: 46c1765dwon ($5)
Seat 1: bafc1d49(big blind) folded before Flop
Seat 5: Hero folded before Flop (didn't bet)
Seat 6: db47b716(small blind) folded before Flop



Poker Hand #ring_836418919: NLH No Limit ($1/$2) - 2025/04/22 13:17:26
Table 'MR NLH 1/2' 7-max Seat #4 is the button
Seat 3: 8df824d ($594.22 in chips)
Seat 4: 46c1765d ($603.26 in chips)
Seat 1: bafc1d49 ($460.79 in chips)
Seat 5: Hero ($277.74 in chips)
Seat 6: db47b716 ($369.97 in chips)
Hero: posts small blind $1
db47b716: posts big blind $2
*** HOLE CARDS ***
Dealt to 8df824d 
Dealt to 46c1765d 
Dealt to bafc1d49 
Dealt to Hero [5c 2c]
Dealt to db47b716 
bafc1d49: folds
8df824d: raises $4 to $6
46c1765d: folds
Hero: folds
db47b716: calls $4
*** FLOP *** [9d 4d Ks]
db47b716: checks
8df824d: bets $6.5
db47b716: folds
Uncalled bet ($6.5) returned to 8df824d
*** SHOWDOWN ***
8df824d collected $13 from pot
*** SUMMARY ***
Total pot $13
Board [9d 4d Ks]
Seat 3: 8df824dwon ($13) with King-High
Seat 4: 46c1765d folded before Flop (didn't bet)
Seat 1: bafc1d49 folded before Flop (didn't bet)
Seat 5: Hero(small blind) folded before Flop
Seat 6: db47b716(big blind) folded on the Flop



Poker Hand #ring_836418215: NLH No Limit ($1/$2) - 2025/04/22 13:16:42
Table 'MR NLH 1/2' 7-max Seat #3 is the button
Seat 3: 8df824d ($594.22 in chips)
Seat 4: 46c1765d ($609.26 in chips)
Seat 1: bafc1d49 ($460.79 in chips)
Seat 5: Hero ($266.55 in chips)
Seat 6: db47b716 ($375.97 in chips)
46c1765d: posts small blind $1
Hero: posts big blind $2
*** HOLE CARDS ***
Dealt to 8df824d 
Dealt to 46c1765d 
Dealt to bafc1d49 
Dealt to Hero [As 7h]
Dealt to db47b716 
db47b716: raises $4 to $6
bafc1d49: folds
8df824d: folds
46c1765d: calls $5
Hero: calls $4
*** FLOP *** [8d Qc 7s]
46c1765d: checks
Hero: bets $9
db47b716: folds
46c1765d: folds
Uncalled bet ($9) returned to Hero
*** SHOWDOWN ***
Hero collected $18 from pot
*** SUMMARY ***
Total pot $18
Board [8d Qc 7s]
Seat 3: 8df824d folded before Flop (didn't bet)
Seat 4: 46c1765d(small blind) folded on the Flop
Seat 1: bafc1d49 folded before Flop (didn't bet)
Seat 5: Hero(big blind)won ($18) with Pair of Sevens
Seat 6: db47b716 folded on the Flop



Poker Hand #ring_836417702: NLH No Limit ($1/$2) - 2025/04/22 13:16:11
Table 'MR NLH 1/2' 7-max Seat #1 is the button
Seat 3: 8df824d ($584.89 in chips)
Seat 4: 46c1765d ($614.26 in chips)
Seat 1: bafc1d49 ($465.79 in chips)
Seat 5: Hero ($266.55 in chips)
Seat 6: db47b716 ($375.97 in chips)
8df824d: posts small blind $1
46c1765d: posts big blind $2
*** HOLE CARDS ***
Dealt to 8df824d 
Dealt to 46c1765d 
Dealt to bafc1d49 
Dealt to Hero [Jd 3c]
Dealt to db47b716 
Hero: folds
db47b716: folds
bafc1d49: raises $3 to $5
8df824d: calls $4
46c1765d: calls $3
*** FLOP *** [Kd 3d 6s]
8df824d: checks
46c1765d: checks
bafc1d49: checks
*** TURN *** [Kd 3d 6s] [9c]
8df824d: bets $15
46c1765d: folds
bafc1d49: folds
Uncalled bet ($15) returned to 8df824d
*** SHOWDOWN ***
8df824d collected $15 from pot
*** SUMMARY ***
Total pot $15
Board [Kd 3d 6s 9c]
Seat 3: 8df824d(small blind)won ($15) with King-High
Seat 4: 46c1765d(big blind) folded on the Turn
Seat 1: bafc1d49 folded on the Turn
Seat 5: Hero folded before Flop (didn't bet)
Seat 6: db47b716 folded before Flop (didn't bet)



Poker Hand #ring_836417388: NLH No Limit ($1/$2) - 2025/04/22 13:15:52
Table 'MR NLH 1/2' 7-max Seat #6 is the button
Seat 3: 8df824d ($586.89 in chips)
Seat 4: 46c1765d ($614.26 in chips)
Seat 1: bafc1d49 ($466.79 in chips)
Seat 5: Hero ($263.55 in chips)
Seat 6: db47b716 ($375.97 in chips)
bafc1d49: posts small blind $1
8df824d: posts big blind $2
*** HOLE CARDS ***
Dealt to 8df824d 
Dealt to 46c1765d 
Dealt to bafc1d49 
Dealt to Hero [8h 6h]
Dealt to db47b716 
46c1765d: folds
Hero: raises $3 to $5
db47b716: folds
bafc1d49: folds
8df824d: folds
Uncalled bet ($3) returned to Hero
*** SHOWDOWN ***
Hero collected $5 from pot
*** SUMMARY ***
Total pot $5
Seat 3: 8df824d(big blind) folded before Flop
Seat 4: 46c1765d folded before Flop (didn't bet)
Seat 1: bafc1d49(small blind) folded before Flop
Seat 5: Herowon ($5)
Seat 6: db47b716 folded before Flop (didn't bet)



Poker Hand #ring_836416787: NLH No Limit ($1/$2) - 2025/04/22 13:15:17
Table 'MR NLH 1/2' 7-max Seat #5 is the button
Seat 3: 8df824d ($586.89 in chips)
Seat 4: 46c1765d ($634.26 in chips)
Seat 1: bafc1d49 ($468.79 in chips)
Seat 5: Hero ($263.55 in chips)
Seat 6: db47b716 ($356.36 in chips)
db47b716: posts small blind $1
bafc1d49: posts big blind $2
*** HOLE CARDS ***
Dealt to 8df824d 
Dealt to 46c1765d 
Dealt to bafc1d49 
Dealt to Hero [2s 9d]
Dealt to db47b716 
8df824d: folds
46c1765d: calls $2
Hero: folds
db47b716: raises $18 to $20
bafc1d49: folds
46c1765d: calls $18
*** FLOP *** [9c 4s 4h]
db47b716: bets $4
46c1765d: folds
Uncalled bet ($4) returned to db47b716
*** SHOWDOWN ***
db47b716 collected $42 from pot
*** SUMMARY ***
Total pot $42
Board [9c 4s 4h]
Seat 3: 8df824d folded before Flop (didn't bet)
Seat 4: 46c1765d folded on the Flop
Seat 1: bafc1d49(big blind) folded before Flop
Seat 5: Hero folded before Flop (didn't bet)
Seat 6: db47b716(small blind)won ($42) with Pair of Fours



Poker Hand #ring_836416471: NLH No Limit ($1/$2) - 2025/04/22 13:14:58
Table 'MR NLH 1/2' 7-max Seat #4 is the button
Seat 3: 8df824d ($586.89 in chips)
Seat 4: 46c1765d ($634.26 in chips)
Seat 1: bafc1d49 ($468.79 in chips)
Seat 5: Hero ($264.55 in chips)
Seat 6: db47b716 ($355.36 in chips)
Hero: posts small blind $1
db47b716: posts big blind $2
*** HOLE CARDS ***
Dealt to 8df824d 
Dealt to 46c1765d 
Dealt to bafc1d49 
Dealt to Hero [Jh 3c]
Dealt to db47b716 
bafc1d49: folds
8df824d: folds
46c1765d: folds
Hero: folds
*** SHOWDOWN ***
db47b716 collected $3 from pot
*** SUMMARY ***
Total pot $3
Seat 3: 8df824d folded before Flop (didn't bet)
Seat 4: 46c1765d folded before Flop (didn't bet)
Seat 1: bafc1d49 folded before Flop (didn't bet)
Seat 5: Hero(small blind) folded before Flop
Seat 6: db47b716(big blind)won ($3)



Poker Hand #ring_836415840: NLH No Limit ($1/$2) - 2025/04/22 13:14:17
Table 'MR NLH 1/2' 7-max Seat #3 is the button
Seat 3: 8df824d ($586.89 in chips)
Seat 4: 46c1765d ($628.8 in chips)
Seat 1: bafc1d49 ($468.79 in chips)
Seat 5: Hero ($270.55 in chips)
Seat 6: db47b716 ($355.36 in chips)
46c1765d: posts small blind $1
Hero: posts big blind $2
*** HOLE CARDS ***
Dealt to 8df824d 
Dealt to 46c1765d 
Dealt to bafc1d49 
Dealt to Hero [Ad 9s]
Dealt to db47b716 
db47b716: folds
bafc1d49: folds
8df824d: folds
46c1765d: calls $1
Hero: raises $4 to $6
46c1765d: calls $4
*** FLOP *** [Qs 7h Qd]
46c1765d: checks
Hero: checks
*** TURN *** [Qs 7h Qd] [5c]
46c1765d: bets $12
Hero: folds
Uncalled bet ($12) returned to 46c1765d
*** SHOWDOWN ***
46c1765d collected $12 from pot
*** SUMMARY ***
Total pot $12
Board [Qs 7h Qd 5c]
Seat 3: 8df824d folded before Flop (didn't bet)
Seat 4: 46c1765d(small blind)won ($12) with Pair of Queens and Pair of Fives
Seat 1: bafc1d49 folded before Flop (didn't bet)
Seat 5: Hero(big blind) folded on the Turn
Seat 6: db47b716 folded before Flop (didn't bet)



Poker Hand #ring_836415361: NLH No Limit ($1/$2) - 2025/04/22 13:13:48
Table 'MR NLH 1/2' 7-max Seat #1 is the button
Seat 3: 8df824d ($587.89 in chips)
Seat 4: 46c1765d ($633.8 in chips)
Seat 1: bafc1d49 ($468.79 in chips)
Seat 5: Hero ($265.04 in chips)
Seat 6: db47b716 ($355.36 in chips)
8df824d: posts small blind $1
46c1765d: posts big blind $2
*** HOLE CARDS ***
Dealt to 8df824d 
Dealt to 46c1765d 
Dealt to bafc1d49 
Dealt to Hero [5c 6c]
Dealt to db47b716 
Hero: raises $3 to $5
db47b716: folds
bafc1d49: folds
8df824d: folds
46c1765d: calls $3
*** FLOP *** [Ah Ts Ks]
46c1765d: checks
Hero: bets $5.5
46c1765d: folds
Uncalled bet ($5.5) returned to Hero
*** SHOWDOWN ***
Hero collected $11 from pot
*** SUMMARY ***
Total pot $11
Board [Ah Ts Ks]
Seat 3: 8df824d(small blind) folded before Flop
Seat 4: 46c1765d(big blind) folded on the Flop
Seat 1: bafc1d49 folded before Flop (didn't bet)
Seat 5: Herowon ($11) with Ace-High
Seat 6: db47b716 folded before Flop (didn't bet)



Poker Hand #ring_836414671: NLH No Limit ($1/$2) - 2025/04/22 13:13:06
Table 'MR NLH 1/2' 7-max Seat #6 is the button
Seat 3: 8df824d ($589.89 in chips)
Seat 4: 46c1765d ($631.02 in chips)
Seat 1: bafc1d49 ($469.79 in chips)
Seat 5: Hero ($265.04 in chips)
Seat 6: db47b716 ($355.36 in chips)
bafc1d49: posts small blind $1
8df824d: posts big blind $2
*** HOLE CARDS ***
Dealt to 8df824d 
Dealt to 46c1765d 
Dealt to bafc1d49 
Dealt to Hero [7h 4s]
Dealt to db47b716 
46c1765d: calls $2
Hero: folds
db47b716: folds
bafc1d49: folds
8df824d: checks
*** FLOP *** [Th 4d As]
8df824d: checks
46c1765d: checks
*** TURN *** [Th 4d As] [Jc]
8df824d: checks
46c1765d: checks
*** RIVER *** [Th 4d As Jc] [9d]
8df824d: checks
46c1765d: checks
8df824d: shows [Qd 3h]
46c1765d: shows [5d 4c]
*** SHOWDOWN ***
46c1765d collected $5 from pot
*** SUMMARY ***
Total pot $5
Board [Th 4d As Jc 9d]
Seat 3: 8df824d(big blind) showed [Qd 3h] and lost with Ace-High
Seat 4: 46c1765d showed [5d 4c] and won ($5) with Pair of Fours
Seat 1: bafc1d49(small blind) folded before Flop
Seat 5: Hero folded before Flop (didn't bet)
Seat 6: db47b716 folded before Flop (didn't bet)



Poker Hand #ring_836414038: NLH No Limit ($1/$2) - 2025/04/22 13:12:27
Table 'MR NLH 1/2' 7-max Seat #5 is the button
Seat 3: 8df824d ($595.39 in chips)
Seat 4: 46c1765d ($636.52 in chips)
Seat 1: bafc1d49 ($458.57 in chips)
Seat 5: Hero ($265.04 in chips)
Seat 6: db47b716 ($356.36 in chips)
db47b716: posts small blind $1
bafc1d49: posts big blind $2
*** HOLE CARDS ***
Dealt to 8df824d 
Dealt to 46c1765d 
Dealt to bafc1d49 
Dealt to Hero [3c Qd]
Dealt to db47b716 
8df824d: calls $2
46c1765d: calls $2
Hero: folds
db47b716: folds
bafc1d49: checks
*** FLOP *** [Ah Td 9h]
bafc1d49: checks
8df824d: checks
46c1765d: checks
*** TURN *** [Ah Td 9h] [2c]
bafc1d49: bets $3.5
8df824d: calls $3.5
46c1765d: calls $3.5
*** RIVER *** [Ah Td 9h 2c] [8h]
bafc1d49: checks
8df824d: checks
46c1765d: checks
bafc1d49: shows [As 4c]
8df824d: shows [9d Kd]
46c1765d: shows [2s Qs]
*** SHOWDOWN ***
bafc1d49 collected $17.5 from pot
*** SUMMARY ***
Total pot $17.5
Board [Ah Td 9h 2c 8h]
Seat 3: 8df824d showed [9d Kd] and lost with Pair of Nines
Seat 4: 46c1765d showed [2s Qs] and lost with Pair of Twos
Seat 1: bafc1d49(big blind) showed [As 4c] and won ($17.5) with Pair of Aces
Seat 5: Hero folded before Flop (didn't bet)
Seat 6: db47b716(small blind) folded before Flop



Poker Hand #ring_836413076: NLH No Limit ($1/$2) - 2025/04/22 13:11:28
Table 'MR NLH 1/2' 7-max Seat #4 is the button
Seat 3: 8df824d ($600.39 in chips)
Seat 4: 46c1765d ($641.52 in chips)
Seat 1: bafc1d49 ($443.06 in chips)
Seat 5: Hero ($270.04 in chips)
Seat 6: db47b716 ($358.36 in chips)
Hero: posts small blind $1
db47b716: posts big blind $2
*** HOLE CARDS ***
Dealt to 8df824d 
Dealt to 46c1765d 
Dealt to bafc1d49 
Dealt to Hero [9s Th]
Dealt to db47b716 
bafc1d49: raises $3 to $5
8df824d: calls $5
46c1765d: calls $5
Hero: calls $4
db47b716: folds
*** FLOP *** [Ac Td 2d]
Hero: checks
bafc1d49: checks
8df824d: checks
46c1765d: checks
*** TURN *** [Ac Td 2d] [4h]
Hero: checks
bafc1d49: checks
8df824d: checks
46c1765d: checks
*** RIVER *** [Ac Td 2d 4h] [Js]
Hero: checks
bafc1d49: checks
8df824d: checks
46c1765d: checks
bafc1d49: shows [Qd Jd]
8df824d: shows [Kh 9h]
46c1765d: shows [8d 7s]
Hero: shows [9s Th]
*** SHOWDOWN ***
bafc1d49 collected $22 from pot
*** SUMMARY ***
Total pot $22
Board [Ac Td 2d 4h Js]
Seat 3: 8df824d showed [Kh 9h] and lost with Ace-High
Seat 4: 46c1765d showed [8d 7s] and lost with Ace-High
Seat 1: bafc1d49 showed [Qd Jd] and won ($22) with Pair of Jacks
Seat 5: Hero(small blind) showed [9s Th] and lost with Pair of Tens
Seat 6: db47b716(big blind) folded before Flop



Poker Hand #ring_836412458: NLH No Limit ($1/$2) - 2025/04/22 13:10:49
Table 'MR NLH 1/2' 7-max Seat #3 is the button
Seat 3: 8df824d ($600.39 in chips)
Seat 4: 46c1765d ($647.52 in chips)
Seat 1: bafc1d49 ($443.06 in chips)
Seat 5: Hero ($276.04 in chips)
Seat 6: db47b716 ($347.17 in chips)
46c1765d: posts small blind $1
Hero: posts big blind $2
*** HOLE CARDS ***
Dealt to 8df824d 
Dealt to 46c1765d 
Dealt to bafc1d49 
Dealt to Hero [Kc 4c]
Dealt to db47b716 
db47b716: raises $4 to $6
bafc1d49: folds
8df824d: folds
46c1765d: calls $5
Hero: calls $4
*** FLOP *** [8d 7h 4s]
46c1765d: checks
Hero: checks
db47b716: checks
*** TURN *** [8d 7h 4s] [Ah]
46c1765d: checks
Hero: checks
db47b716: bets $18
46c1765d: folds
Hero: folds
Uncalled bet ($18) returned to db47b716
*** SHOWDOWN ***
db47b716 collected $18 from pot
*** SUMMARY ***
Total pot $18
Board [8d 7h 4s Ah]
Seat 3: 8df824d folded before Flop (didn't bet)
Seat 4: 46c1765d(small blind) folded on the Turn
Seat 1: bafc1d49 folded before Flop (didn't bet)
Seat 5: Hero(big blind) folded on the Turn
Seat 6: db47b716won ($18) with Pair of Aces



Poker Hand #ring_836412128: NLH No Limit ($1/$2) - 2025/04/22 13:10:28
Table 'MR NLH 1/2' 7-max Seat #0 is the button
Seat 3: 8df824d ($601.39 in chips)
Seat 4: 46c1765d ($646.52 in chips)
Seat 1: bafc1d49 ($443.06 in chips)
Seat 5: Hero ($276.04 in chips)
Seat 6: db47b716 ($347.17 in chips)
8df824d: posts small blind $1
46c1765d: posts big blind $2
*** HOLE CARDS ***
Dealt to 8df824d 
Dealt to 46c1765d 
Dealt to bafc1d49 
Dealt to Hero [6s 8c]
Dealt to db47b716 
Hero: folds
db47b716: folds
bafc1d49: folds
8df824d: folds
*** SHOWDOWN ***
46c1765d collected $3 from pot
*** SUMMARY ***
Total pot $3
Seat 3: 8df824d(small blind) folded before Flop
Seat 4: 46c1765d(big blind)won ($3)
Seat 1: bafc1d49 folded before Flop (didn't bet)
Seat 5: Hero folded before Flop (didn't bet)
Seat 6: db47b716 folded before Flop (didn't bet)



Poker Hand #ring_836411579: NLH No Limit ($1/$2) - 2025/04/22 13:09:56
Table 'MR NLH 1/2' 7-max Seat #1 is the button
Seat 2: 249a1e95 ($330.35 in chips)
Seat 3: 8df824d ($603.39 in chips)
Seat 4: 46c1765d ($643.74 in chips)
Seat 1: bafc1d49 ($443.06 in chips)
Seat 5: Hero ($276.04 in chips)
Seat 6: db47b716 ($347.17 in chips)
249a1e95: posts small blind $1
8df824d: posts big blind $2
*** HOLE CARDS ***
Dealt to 249a1e95 
Dealt to 8df824d 
Dealt to 46c1765d 
Dealt to bafc1d49 
Dealt to Hero [2c 6h]
Dealt to db47b716 
46c1765d: calls $2
Hero: folds
db47b716: folds
bafc1d49: folds
249a1e95: folds
8df824d: checks
*** FLOP *** [2h 4h Th]
8df824d: checks
46c1765d: bets $5
8df824d: folds
Uncalled bet ($5) returned to 46c1765d
*** SHOWDOWN ***
46c1765d collected $5 from pot
*** SUMMARY ***
Total pot $5
Board [2h 4h Th]
Seat 2: 249a1e95(small blind) folded before Flop
Seat 3: 8df824d(big blind) folded on the Flop
Seat 4: 46c1765dwon ($5) with Ten-High
Seat 1: bafc1d49 folded before Flop (didn't bet)
Seat 5: Hero folded before Flop (didn't bet)
Seat 6: db47b716 folded before Flop (didn't bet)



Poker Hand #ring_836410685: NLH No Limit ($1/$2) - 2025/04/22 13:08:58
Table 'MR NLH 1/2' 7-max Seat #6 is the button
Seat 2: 249a1e95 ($295.91 in chips)
Seat 3: 8df824d ($609.39 in chips)
Seat 4: 46c1765d ($649.74 in chips)
Seat 1: bafc1d49 ($444.06 in chips)
Seat 5: Hero ($300.79 in chips)
Seat 6: db47b716 ($347.17 in chips)
bafc1d49: posts small blind $1
249a1e95: posts big blind $2
*** HOLE CARDS ***
Dealt to 249a1e95 
Dealt to 8df824d 
Dealt to 46c1765d 
Dealt to bafc1d49 
Dealt to Hero [8d Ad]
Dealt to db47b716 
8df824d: raises $4 to $6
46c1765d: calls $6
Hero: calls $6
db47b716: folds
bafc1d49: folds
249a1e95: calls $4
*** FLOP *** [6c Td Kd]
249a1e95: checks
8df824d: checks
46c1765d: checks
Hero: checks
*** TURN *** [6c Td Kd] [3s]
249a1e95: checks
8df824d: checks
46c1765d: checks
Hero: checks
*** RIVER *** [6c Td Kd 3s] [Ac]
249a1e95: bets $18.75
8df824d: folds
46c1765d: folds
Hero: calls $18.75
249a1e95: shows [Ah Tc]
Hero: shows [8d Ad]
*** SHOWDOWN ***
249a1e95 collected $62.5 from pot
*** SUMMARY ***
Total pot $62.5
Board [6c Td Kd 3s Ac]
Seat 2: 249a1e95(big blind) showed [Ah Tc] and won ($62.5) with Pair of Aces and Pair of Tens
Seat 3: 8df824d folded on the River
Seat 4: 46c1765d folded on the River
Seat 1: bafc1d49(small blind) folded before Flop
Seat 5: Hero showed [8d Ad] and lost with Pair of Aces
Seat 6: db47b716 folded before Flop (didn't bet)



Poker Hand #ring_836410200: NLH No Limit ($1/$2) - 2025/04/22 13:08:28
Table 'MR NLH 1/2' 7-max Seat #5 is the button
Seat 3: 8df824d ($639.01 in chips)
Seat 4: 46c1765d ($620.42 in chips)
Seat 1: bafc1d49 ($446.06 in chips)
Seat 5: Hero ($300.79 in chips)
Seat 6: db47b716 ($348.17 in chips)
db47b716: posts small blind $1
bafc1d49: posts big blind $2
*** HOLE CARDS ***
Dealt to 8df824d 
Dealt to 46c1765d 
Dealt to bafc1d49 
Dealt to Hero [5s Qd]
Dealt to db47b716 
8df824d: raises $4 to $6
46c1765d: calls $6
Hero: folds
db47b716: folds
bafc1d49: folds
*** FLOP *** [3h 8d Qc]
8df824d: bets $4.95
46c1765d: calls $4.95
*** TURN *** [3h 8d Qc] [7h]
8df824d: bets $18.67
46c1765d: raises $31.12 to $49.79
8df824d: folds
Uncalled bet ($31.12) returned to 46c1765d
*** SHOWDOWN ***
46c1765d collected $62.24 from pot
*** SUMMARY ***
Total pot $62.24
Board [3h 8d Qc 7h]
Seat 3: 8df824d folded on the Turn
Seat 4: 46c1765dwon ($62.24) with Queen-High
Seat 1: bafc1d49(big blind) folded before Flop
Seat 5: Hero folded before Flop (didn't bet)
Seat 6: db47b716(small blind) folded before Flop



Poker Hand #ring_836409467: NLH No Limit ($1/$2) - 2025/04/22 13:07:43
Table 'MR NLH 1/2' 7-max Seat #4 is the button
Seat 2: 249a1e95 ($295.91 in chips)
Seat 3: 8df824d ($639.01 in chips)
Seat 4: 46c1765d ($617.42 in chips)
Seat 1: bafc1d49 ($446.06 in chips)
Seat 5: Hero ($301.79 in chips)
Seat 6: db47b716 ($350.17 in chips)
Hero: posts small blind $1
db47b716: posts big blind $2
*** HOLE CARDS ***
Dealt to 249a1e95 
Dealt to 8df824d 
Dealt to 46c1765d 
Dealt to bafc1d49 
Dealt to Hero [9h Qs]
Dealt to db47b716 
bafc1d49: folds
249a1e95: folds
8df824d: folds
46c1765d: raises $5 to $7
Hero: folds
db47b716: folds
Uncalled bet ($5) returned to 46c1765d
*** SHOWDOWN ***
46c1765d collected $5 from pot
*** SUMMARY ***
Total pot $5
Seat 2: 249a1e95 folded before Flop (didn't bet)
Seat 3: 8df824d folded before Flop (didn't bet)
Seat 4: 46c1765dwon ($5)
Seat 1: bafc1d49 folded before Flop (didn't bet)
Seat 5: Hero(small blind) folded before Flop
Seat 6: db47b716(big blind) folded before Flop



Poker Hand #ring_836408683: NLH No Limit ($1/$2) - 2025/04/22 13:06:51
Table 'MR NLH 1/2' 7-max Seat #3 is the button
Seat 2: 249a1e95 ($295.91 in chips)
Seat 3: 8df824d ($639.01 in chips)
Seat 4: 46c1765d ($647.3 in chips)
Seat 1: bafc1d49 ($446.06 in chips)
Seat 5: Hero ($275.09 in chips)
Seat 6: db47b716 ($350.17 in chips)
46c1765d: posts small blind $1
Hero: posts big blind $2
*** HOLE CARDS ***
Dealt to 249a1e95 
Dealt to 8df824d 
Dealt to 46c1765d 
Dealt to bafc1d49 
Dealt to Hero [7d Th]
Dealt to db47b716 
db47b716: folds
bafc1d49: folds
249a1e95: folds
8df824d: folds
46c1765d: calls $1
Hero: checks
*** FLOP *** [Qd Jh 9c]
46c1765d: bets $4
Hero: calls $4
*** TURN *** [Qd Jh 9c] [8d]
46c1765d: bets $12
Hero: calls $12
*** RIVER *** [Qd Jh 9c 8d] [9h]
46c1765d: bets $11.88
Hero: calls $11.88
46c1765d: shows [Kh Ks]
Hero: shows [7d Th]
*** SHOWDOWN ***
Hero collected $59.76 from pot
*** SUMMARY ***
Total pot $59.76
Board [Qd Jh 9c 8d 9h]
Seat 2: 249a1e95 folded before Flop (didn't bet)
Seat 3: 8df824d folded before Flop (didn't bet)
Seat 4: 46c1765d(small blind) showed [Kh Ks] and lost with Pair of Kings and Pair of Nines
Seat 1: bafc1d49 folded before Flop (didn't bet)
Seat 5: Hero(big blind) showed [7d Th] and won ($59.76) with Queens-High Straight
Seat 6: db47b716 folded before Flop (didn't bet)



Poker Hand #ring_836408209: NLH No Limit ($1/$2) - 2025/04/22 13:06:22
Table 'MR NLH 1/2' 7-max Seat #2 is the button
Seat 2: 249a1e95 ($295.91 in chips)
Seat 3: 8df824d ($640.01 in chips)
Seat 4: 46c1765d ($653.3 in chips)
Seat 1: bafc1d49 ($446.06 in chips)
Seat 5: Hero ($275.09 in chips)
Seat 6: db47b716 ($343.75 in chips)
8df824d: posts small blind $1
46c1765d: posts big blind $2
*** HOLE CARDS ***
Dealt to 249a1e95 
Dealt to 8df824d 
Dealt to 46c1765d 
Dealt to bafc1d49 
Dealt to Hero [3s 8h]
Dealt to db47b716 
Hero: folds
db47b716: raises $4 to $6
bafc1d49: folds
249a1e95: folds
8df824d: folds
46c1765d: calls $4
*** FLOP *** [Ts 4d 6h]
46c1765d: checks
db47b716: bets $4.29
46c1765d: folds
Uncalled bet ($4.29) returned to db47b716
*** SHOWDOWN ***
db47b716 collected $13 from pot
*** SUMMARY ***
Total pot $13
Board [Ts 4d 6h]
Seat 2: 249a1e95 folded before Flop (didn't bet)
Seat 3: 8df824d(small blind) folded before Flop
Seat 4: 46c1765d(big blind) folded on the Flop
Seat 1: bafc1d49 folded before Flop (didn't bet)
Seat 5: Hero folded before Flop (didn't bet)
Seat 6: db47b716won ($13) with King-High



Poker Hand #ring_836407831: NLH No Limit ($1/$2) - 2025/04/22 13:05:57
Table 'MR NLH 1/2' 7-max Seat #1 is the button
Seat 2: 249a1e95 ($296.91 in chips)
Seat 3: 8df824d ($642.01 in chips)
Seat 4: 46c1765d ($653.3 in chips)
Seat 1: bafc1d49 ($446.06 in chips)
Seat 5: Hero ($272.09 in chips)
Seat 6: db47b716 ($343.75 in chips)
249a1e95: posts small blind $1
8df824d: posts big blind $2
*** HOLE CARDS ***
Dealt to 249a1e95 
Dealt to 8df824d 
Dealt to 46c1765d 
Dealt to bafc1d49 
Dealt to Hero [6c Tc]
Dealt to db47b716 
46c1765d: folds
Hero: raises $3 to $5
db47b716: folds
bafc1d49: folds
249a1e95: folds
8df824d: folds
Uncalled bet ($3) returned to Hero
*** SHOWDOWN ***
Hero collected $5 from pot
*** SUMMARY ***
Total pot $5
Seat 2: 249a1e95(small blind) folded before Flop
Seat 3: 8df824d(big blind) folded before Flop
Seat 4: 46c1765d folded before Flop (didn't bet)
Seat 1: bafc1d49 folded before Flop (didn't bet)
Seat 5: Herowon ($5)
Seat 6: db47b716 folded before Flop (didn't bet)



Poker Hand #ring_836407153: NLH No Limit ($1/$2) - 2025/04/22 13:05:14
Table 'MR NLH 1/2' 7-max Seat #6 is the button
Seat 2: 249a1e95 ($298.91 in chips)
Seat 3: 8df824d ($642.01 in chips)
Seat 4: 46c1765d ($614.08 in chips)
Seat 1: bafc1d49 ($447.06 in chips)
Seat 5: Hero ($272.09 in chips)
Seat 6: db47b716 ($384.25 in chips)
bafc1d49: posts small blind $1
249a1e95: posts big blind $2
*** HOLE CARDS ***
Dealt to 249a1e95 
Dealt to 8df824d 
Dealt to 46c1765d 
Dealt to bafc1d49 
Dealt to Hero [4s 2c]
Dealt to db47b716 
8df824d: folds
46c1765d: calls $2
Hero: folds
db47b716: raises $7 to $9
bafc1d49: folds
249a1e95: folds
46c1765d: calls $7
*** FLOP *** [Qh Kh 8d]
46c1765d: checks
db47b716: checks
*** TURN *** [Qh Kh 8d] [2s]
46c1765d: bets $15.75
db47b716: raises $15.75 to $31.5
46c1765d: calls $15.75
*** RIVER *** [Qh Kh 8d 2s] [5d]
46c1765d: checks
db47b716: checks
46c1765d: shows [Kc 7s]
db47b716: shows [Js Qs]
*** SHOWDOWN ***
46c1765d collected $84 from pot
*** SUMMARY ***
Total pot $84
Board [Qh Kh 8d 2s 5d]
Seat 2: 249a1e95(big blind) folded before Flop
Seat 3: 8df824d folded before Flop (didn't bet)
Seat 4: 46c1765d showed [Kc 7s] and won ($84) with Pair of Kings
Seat 1: bafc1d49(small blind) folded before Flop
Seat 5: Hero folded before Flop (didn't bet)
Seat 6: db47b716 showed [Js Qs] and lost with Pair of Queens



Poker Hand #ring_836406620: NLH No Limit ($1/$2) - 2025/04/22 13:04:41
Table 'MR NLH 1/2' 7-max Seat #5 is the button
Seat 2: 249a1e95 ($298.91 in chips)
Seat 3: 8df824d ($639.01 in chips)
Seat 4: 46c1765d ($614.08 in chips)
Seat 1: bafc1d49 ($449.06 in chips)
Seat 5: Hero ($272.09 in chips)
Seat 6: db47b716 ($385.25 in chips)
db47b716: posts small blind $1
bafc1d49: posts big blind $2
*** HOLE CARDS ***
Dealt to 249a1e95 
Dealt to 8df824d 
Dealt to 46c1765d 
Dealt to bafc1d49 
Dealt to Hero [9c 4s]
Dealt to db47b716 
249a1e95: folds
8df824d: raises $4 to $6
46c1765d: folds
Hero: folds
db47b716: folds
bafc1d49: folds
Uncalled bet ($4) returned to 8df824d
*** SHOWDOWN ***
8df824d collected $5 from pot
*** SUMMARY ***
Total pot $5
Seat 2: 249a1e95 folded before Flop (didn't bet)
Seat 3: 8df824dwon ($5)
Seat 4: 46c1765d folded before Flop (didn't bet)
Seat 1: bafc1d49(big blind) folded before Flop
Seat 5: Hero folded before Flop (didn't bet)
Seat 6: db47b716(small blind) folded before Flop



Poker Hand #ring_836405950: NLH No Limit ($1/$2) - 2025/04/22 13:03:59
Table 'MR NLH 1/2' 7-max Seat #4 is the button
Seat 2: 249a1e95 ($291.49 in chips)
Seat 3: 8df824d ($639.01 in chips)
Seat 4: 46c1765d ($619.08 in chips)
Seat 1: bafc1d49 ($449.06 in chips)
Seat 5: Hero ($273.09 in chips)
Seat 6: db47b716 ($387.25 in chips)
Hero: posts small blind $1
db47b716: posts big blind $2
*** HOLE CARDS ***
Dealt to 249a1e95 
Dealt to 8df824d 
Dealt to 46c1765d 
Dealt to bafc1d49 
Dealt to Hero [3c 8s]
Dealt to db47b716 
bafc1d49: folds
249a1e95: raises $3 to $5
8df824d: folds
46c1765d: calls $5
Hero: folds
db47b716: folds
*** FLOP *** [Qd Ah 9h]
249a1e95: checks
46c1765d: checks
*** TURN *** [Qd Ah 9h] [Kd]
249a1e95: bets $13
46c1765d: folds
Uncalled bet ($13) returned to 249a1e95
*** SHOWDOWN ***
249a1e95 collected $13 from pot
*** SUMMARY ***
Total pot $13
Board [Qd Ah 9h Kd]
Seat 2: 249a1e95won ($13) with Pair of Aces
Seat 3: 8df824d folded before Flop (didn't bet)
Seat 4: 46c1765d folded on the Turn
Seat 1: bafc1d49 folded before Flop (didn't bet)
Seat 5: Hero(small blind) folded before Flop
Seat 6: db47b716(big blind) folded before Flop



Poker Hand #ring_836405244: NLH No Limit ($1/$2) - 2025/04/22 13:03:14
Table 'MR NLH 1/2' 7-max Seat #3 is the button
Seat 3: 8df824d ($639.01 in chips)
Seat 4: 46c1765d ($624.08 in chips)
Seat 1: bafc1d49 ($442.6 in chips)
Seat 5: Hero ($275.09 in chips)
Seat 6: db47b716 ($387.25 in chips)
46c1765d: posts small blind $1
Hero: posts big blind $2
*** HOLE CARDS ***
Dealt to 8df824d 
Dealt to 46c1765d 
Dealt to bafc1d49 
Dealt to Hero [Kh 4s]
Dealt to db47b716 
db47b716: folds
bafc1d49: raises $3 to $5
8df824d: folds
46c1765d: calls $4
Hero: folds
*** FLOP *** [4c 2s 7s]
46c1765d: checks
bafc1d49: checks
*** TURN *** [4c 2s 7s] [8d]
46c1765d: checks
bafc1d49: checks
*** RIVER *** [4c 2s 7s 8d] [Jh]
46c1765d: checks
bafc1d49: checks
bafc1d49: shows [9d Ad]
46c1765d: shows [6h Ac]
*** SHOWDOWN ***
bafc1d49 collected $12 from pot
*** SUMMARY ***
Total pot $12
Board [4c 2s 7s 8d Jh]
Seat 3: 8df824d folded before Flop (didn't bet)
Seat 4: 46c1765d(small blind) showed [6h Ac] and lost with Ace-High
Seat 1: bafc1d49 showed [9d Ad] and won ($12) with Ace-High
Seat 5: Hero(big blind) folded before Flop
Seat 6: db47b716 folded before Flop (didn't bet)



Poker Hand #ring_836404418: NLH No Limit ($1/$2) - 2025/04/22 13:02:21
Table 'MR NLH 1/2' 7-max Seat #2 is the button
Seat 2: 249a1e95 ($291.49 in chips)
Seat 3: 8df824d ($607.43 in chips)
Seat 4: 46c1765d ($654.08 in chips)
Seat 1: bafc1d49 ($442.6 in chips)
Seat 5: Hero ($280.09 in chips)
Seat 6: db47b716 ($387.25 in chips)
8df824d: posts small blind $1
46c1765d: posts big blind $2
*** HOLE CARDS ***
Dealt to 249a1e95 
Dealt to 8df824d 
Dealt to 46c1765d 
Dealt to bafc1d49 
Dealt to Hero [Kh Js]
Dealt to db47b716 
Hero: raises $3 to $5
db47b716: folds
bafc1d49: folds
249a1e95: folds
8df824d: raises $25 to $30
46c1765d: calls $28
Hero: folds
*** FLOP *** [6c 8d Tc]
8df824d: bets $32.5
46c1765d: folds
Uncalled bet ($32.5) returned to 8df824d
*** SHOWDOWN ***
8df824d collected $65 from pot
*** SUMMARY ***
Total pot $65
Board [6c 8d Tc]
Seat 2: 249a1e95 folded before Flop (didn't bet)
Seat 3: 8df824d(small blind)won ($65) with Pair of Queens
Seat 4: 46c1765d(big blind) folded on the Flop
Seat 1: bafc1d49 folded before Flop (didn't bet)
Seat 5: Hero folded before Flop
Seat 6: db47b716 folded before Flop (didn't bet)



Poker Hand #ring_836403780: NLH No Limit ($1/$2) - 2025/04/22 13:01:40
Table 'MR NLH 1/2' 7-max Seat #1 is the button
Seat 2: 249a1e95 ($292.49 in chips)
Seat 3: 8df824d ($601.43 in chips)
Seat 4: 46c1765d ($654.08 in chips)
Seat 1: bafc1d49 ($447.6 in chips)
Seat 5: Hero ($280.09 in chips)
Seat 6: db47b716 ($387.25 in chips)
249a1e95: posts small blind $1
8df824d: posts big blind $2
*** HOLE CARDS ***
Dealt to 249a1e95 
Dealt to 8df824d 
Dealt to 46c1765d 
Dealt to bafc1d49 
Dealt to Hero [4d 8d]
Dealt to db47b716 
46c1765d: folds
Hero: folds
db47b716: folds
bafc1d49: raises $3 to $5
249a1e95: folds
8df824d: raises $20 to $25
bafc1d49: folds
Uncalled bet ($20) returned to 8df824d
*** SHOWDOWN ***
8df824d collected $11 from pot
*** SUMMARY ***
Total pot $11
Seat 2: 249a1e95(small blind) folded before Flop
Seat 3: 8df824d(big blind)won ($11)
Seat 4: 46c1765d folded before Flop (didn't bet)
Seat 1: bafc1d49 folded before Flop
Seat 5: Hero folded before Flop (didn't bet)
Seat 6: db47b716 folded before Flop (didn't bet)



Poker Hand #ring_836402851: NLH No Limit ($1/$2) - 2025/04/22 13:00:40
Table 'MR NLH 1/2' 7-max Seat #6 is the button
Seat 2: 249a1e95 ($294.49 in chips)
Seat 3: 8df824d ($603.43 in chips)
Seat 4: 46c1765d ($649.39 in chips)
Seat 1: bafc1d49 ($448.6 in chips)
Seat 5: Hero ($280.09 in chips)
Seat 6: db47b716 ($387.25 in chips)
bafc1d49: posts small blind $1
249a1e95: posts big blind $2
8df824d: posts big blind $2
*** HOLE CARDS ***
Dealt to 249a1e95 
Dealt to 8df824d 
Dealt to 46c1765d 
Dealt to bafc1d49 
Dealt to Hero [Ks 7c]
Dealt to db47b716 
8df824d: checks
46c1765d: calls $2
Hero: folds
db47b716: folds
bafc1d49: folds
249a1e95: checks
*** FLOP *** [6s 6c 3s]
249a1e95: checks
8df824d: checks
46c1765d: bets $7
249a1e95: folds
8df824d: folds
Uncalled bet ($7) returned to 46c1765d
*** SHOWDOWN ***
46c1765d collected $7 from pot
*** SUMMARY ***
Total pot $7
Board [6s 6c 3s]
Seat 2: 249a1e95(big blind) folded on the Flop
Seat 3: 8df824d folded on the Flop
Seat 4: 46c1765dwon ($7) with Pair of Sixes
Seat 1: bafc1d49(small blind) folded before Flop
Seat 5: Hero folded before Flop (didn't bet)
Seat 6: db47b716 folded before Flop (didn't bet)



Poker Hand #ring_836402449: NLH No Limit ($1/$2) - 2025/04/22 13:00:13
Table 'MR NLH 1/2' 7-max Seat #5 is the button
Seat 2: 249a1e95 ($294.49 in chips)
Seat 4: 46c1765d ($656.39 in chips)
Seat 1: bafc1d49 ($450.6 in chips)
Seat 5: Hero ($270.85 in chips)
Seat 6: db47b716 ($388.25 in chips)
db47b716: posts small blind $1
bafc1d49: posts big blind $2
*** HOLE CARDS ***
Dealt to 249a1e95 
Dealt to 46c1765d 
Dealt to bafc1d49 
Dealt to Hero [Qs Kc]
Dealt to db47b716 
249a1e95: folds
46c1765d: calls $2
Hero: raises $5 to $7
db47b716: folds
bafc1d49: folds
46c1765d: calls $5
*** FLOP *** [7s 9h 3d]
46c1765d: checks
Hero: bets $8.5
46c1765d: folds
Uncalled bet ($8.5) returned to Hero
*** SHOWDOWN ***
Hero collected $17 from pot
*** SUMMARY ***
Total pot $17
Board [7s 9h 3d]
Seat 2: 249a1e95 folded before Flop (didn't bet)
Seat 4: 46c1765d folded on the Flop
Seat 1: bafc1d49(big blind) folded before Flop
Seat 5: Herowon ($17) with King-High
Seat 6: db47b716(small blind) folded before Flop



Poker Hand #ring_836401473: NLH No Limit ($1/$2) - 2025/04/22 12:59:13
Table 'MR NLH 1/2' 7-max Seat #4 is the button
Seat 2: 249a1e95 ($294.49 in chips)
Seat 4: 46c1765d ($650.2 in chips)
Seat 1: bafc1d49 ($450.6 in chips)
Seat 5: Hero ($271.85 in chips)
Seat 6: db47b716 ($394 in chips)
Hero: posts small blind $1
db47b716: posts big blind $2
*** HOLE CARDS ***
Dealt to 249a1e95 
Dealt to 46c1765d 
Dealt to bafc1d49 
Dealt to Hero [Th 6s]
Dealt to db47b716 
bafc1d49: folds
249a1e95: folds
46c1765d: calls $2
Hero: folds
db47b716: checks
*** FLOP *** [2c Qd 2h]
db47b716: checks
46c1765d: checks
*** TURN *** [2c Qd 2h] [Ah]
db47b716: checks
46c1765d: checks
*** RIVER *** [2c Qd 2h Ah] [5d]
db47b716: bets $3.75
46c1765d: calls $3.75
46c1765d: shows [5c 6c]
db47b716: shows [3d 7c]
*** SHOWDOWN ***
46c1765d collected $12.5 from pot
*** SUMMARY ***
Total pot $12.5
Board [2c Qd 2h Ah 5d]
Seat 2: 249a1e95 folded before Flop (didn't bet)
Seat 4: 46c1765d showed [5c 6c] and won ($12.5) with Pair of Fives and Pair of Twos
Seat 1: bafc1d49 folded before Flop (didn't bet)
Seat 5: Hero(small blind) folded before Flop
Seat 6: db47b716(big blind) showed [3d 7c] and lost with Pair of Twos



Poker Hand #ring_836400973: NLH No Limit ($1/$2) - 2025/04/22 12:58:43
Table 'MR NLH 1/2' 7-max Seat #2 is the button
Seat 2: 249a1e95 ($294.49 in chips)
Seat 4: 46c1765d ($652.2 in chips)
Seat 1: bafc1d49 ($450.6 in chips)
Seat 5: Hero ($270.03 in chips)
Seat 6: db47b716 ($394 in chips)
46c1765d: posts small blind $1
Hero: posts big blind $2
*** HOLE CARDS ***
Dealt to 249a1e95 
Dealt to 46c1765d 
Dealt to bafc1d49 
Dealt to Hero [Qc 6c]
Dealt to db47b716 
db47b716: folds
bafc1d49: folds
249a1e95: folds
46c1765d: calls $1
Hero: checks
*** FLOP *** [5s 9d Qh]
46c1765d: checks
Hero: bets $3.2
46c1765d: folds
Uncalled bet ($3.2) returned to Hero
*** SHOWDOWN ***
Hero collected $4 from pot
*** SUMMARY ***
Total pot $4
Board [5s 9d Qh]
Seat 2: 249a1e95 folded before Flop (didn't bet)
Seat 4: 46c1765d(small blind) folded on the Flop
Seat 1: bafc1d49 folded before Flop (didn't bet)
Seat 5: Hero(big blind)won ($4) with Pair of Queens
Seat 6: db47b716 folded before Flop (didn't bet)



Poker Hand #ring_836400151: NLH No Limit ($1/$2) - 2025/04/22 12:57:50
Table 'MR NLH 1/2' 7-max Seat #1 is the button
Seat 2: 249a1e95 ($295.49 in chips)
Seat 4: 46c1765d ($639.68 in chips)
Seat 1: bafc1d49 ($450.6 in chips)
Seat 5: Hero ($283.28 in chips)
Seat 6: db47b716 ($394 in chips)
249a1e95: posts small blind $1
46c1765d: posts big blind $2
*** HOLE CARDS ***
Dealt to 249a1e95 
Dealt to 46c1765d 
Dealt to bafc1d49 
Dealt to Hero [9c Ad]
Dealt to db47b716 
Hero: raises $3 to $5
db47b716: folds
bafc1d49: folds
249a1e95: folds
46c1765d: calls $3
*** FLOP *** [9d 3d 8c]
46c1765d: bets $8.25
Hero: calls $8.25
*** TURN *** [9d 3d 8c] [Qd]
46c1765d: checks
Hero: checks
*** RIVER *** [9d 3d 8c Qd] [Tc]
46c1765d: bets $27.5
Hero: folds
Uncalled bet ($27.5) returned to 46c1765d
*** SHOWDOWN ***
46c1765d collected $27.5 from pot
*** SUMMARY ***
Total pot $27.5
Board [9d 3d 8c Qd Tc]
Seat 2: 249a1e95(small blind) folded before Flop
Seat 4: 46c1765d(big blind)won ($27.5) with Tens-High Straight
Seat 1: bafc1d49 folded before Flop (didn't bet)
Seat 5: Hero folded on the River
Seat 6: db47b716 folded before Flop (didn't bet)



Poker Hand #ring_836398431: NLH No Limit ($1/$2) - 2025/04/22 12:55:59
Table 'MR NLH 1/2' 7-max Seat #6 is the button
Seat 2: 249a1e95 ($292.71 in chips)
Seat 4: 46c1765d ($641.68 in chips)
Seat 1: bafc1d49 ($451.6 in chips)
Seat 5: Hero ($283.28 in chips)
Seat 6: db47b716 ($394 in chips)
bafc1d49: posts small blind $1
249a1e95: posts big blind $2
*** HOLE CARDS ***
Dealt to 249a1e95 
Dealt to 46c1765d 
Dealt to bafc1d49 
Dealt to Hero [7s 8d]
Dealt to db47b716 
46c1765d: calls $2
Hero: folds
db47b716: folds
bafc1d49: folds
249a1e95: checks
*** FLOP *** [Kc 9h Td]
249a1e95: checks
46c1765d: checks
*** TURN *** [Kc 9h Td] [Kh]
249a1e95: checks
46c1765d: checks
*** RIVER *** [Kc 9h Td Kh] [Th]
249a1e95: bets $3.75
46c1765d: folds
Uncalled bet ($3.75) returned to 249a1e95
*** SHOWDOWN ***
249a1e95 collected $5 from pot
*** SUMMARY ***
Total pot $5
Board [Kc 9h Td Kh Th]
Seat 2: 249a1e95(big blind)won ($5) with Tens Full over Kings
Seat 4: 46c1765d folded on the River
Seat 1: bafc1d49(small blind) folded before Flop
Seat 5: Hero folded before Flop (didn't bet)
Seat 6: db47b716 folded before Flop (didn't bet)



Poker Hand #ring_836397636: NLH No Limit ($1/$2) - 2025/04/22 12:55:08
Table 'MR NLH 1/2' 7-max Seat #5 is the button
Seat 2: 249a1e95 ($292.71 in chips)
Seat 4: 46c1765d ($643.68 in chips)
Seat 1: bafc1d49 ($448.82 in chips)
Seat 5: Hero ($283.28 in chips)
Seat 6: db47b716 ($395 in chips)
db47b716: posts small blind $1
bafc1d49: posts big blind $2
*** HOLE CARDS ***
Dealt to 249a1e95 
Dealt to 46c1765d 
Dealt to bafc1d49 
Dealt to Hero [Jc 3d]
Dealt to db47b716 
249a1e95: folds
46c1765d: calls $2
Hero: folds
db47b716: folds
bafc1d49: checks
*** FLOP *** [Ah Kd Kc]
bafc1d49: checks
46c1765d: checks
*** TURN *** [Ah Kd Kc] [Kh]
bafc1d49: checks
46c1765d: checks
*** RIVER *** [Ah Kd Kc Kh] [2d]
bafc1d49: checks
46c1765d: checks
bafc1d49: shows [Ks 8c]
46c1765d: shows [Jh Th]
*** SHOWDOWN ***
bafc1d49 collected $5 from pot
*** SUMMARY ***
Total pot $5
Board [Ah Kd Kc Kh 2d]
Seat 2: 249a1e95 folded before Flop (didn't bet)
Seat 4: 46c1765d showed [Jh Th] and lost with Three Kings
Seat 1: bafc1d49(big blind) showed [Ks 8c] and won ($5) with Four Kings
Seat 5: Hero folded before Flop (didn't bet)
Seat 6: db47b716(small blind) folded before Flop



Poker Hand #ring_836396225: NLH No Limit ($1/$2) - 2025/04/22 12:53:41
Table 'MR NLH 1/2' 7-max Seat #4 is the button
Seat 2: 249a1e95 ($292.71 in chips)
Seat 4: 46c1765d ($645.68 in chips)
Seat 1: bafc1d49 ($448.82 in chips)
Seat 5: Hero ($276.82 in chips)
Seat 6: db47b716 ($400 in chips)
Hero: posts small blind $1
db47b716: posts big blind $2
*** HOLE CARDS ***
Dealt to 249a1e95 
Dealt to 46c1765d 
Dealt to bafc1d49 
Dealt to Hero [4s Jc]
Dealt to db47b716 
bafc1d49: folds
249a1e95: folds
46c1765d: calls $2
Hero: calls $1
db47b716: checks
*** FLOP *** [Ad Js 4c]
Hero: checks
db47b716: checks
46c1765d: checks
*** TURN *** [Ad Js 4c] [6c]
Hero: bets $3
db47b716: calls $3
46c1765d: folds
*** RIVER *** [Ad Js 4c 6c] [8h]
Hero: checks
db47b716: checks
Hero: shows [4s Jc]
db47b716: shows [2c 8c]
*** SHOWDOWN ***
Hero collected $12 from pot
*** SUMMARY ***
Total pot $12
Board [Ad Js 4c 6c 8h]
Seat 2: 249a1e95 folded before Flop (didn't bet)
Seat 4: 46c1765d folded on the Turn
Seat 1: bafc1d49 folded before Flop (didn't bet)
Seat 5: Hero(small blind) showed [4s Jc] and won ($12) with Pair of Jacks and Pair of Fours
Seat 6: db47b716(big blind) showed [2c 8c] and lost with Pair of Eights



Poker Hand #ring_836394740: NLH No Limit ($1/$2) - 2025/04/22 12:52:05
Table 'MR NLH 1/2' 7-max Seat #2 is the button
Seat 2: 249a1e95 ($297.71 in chips)
Seat 4: 46c1765d ($650.68 in chips)
Seat 1: bafc1d49 ($448.82 in chips)
Seat 5: Hero ($267.49 in chips)
46c1765d: posts small blind $1
Hero: posts big blind $2
*** HOLE CARDS ***
Dealt to 249a1e95 
Dealt to 46c1765d 
Dealt to bafc1d49 
Dealt to Hero [5h 2h]
bafc1d49: folds
249a1e95: raises $3 to $5
46c1765d: calls $4
Hero: calls $3
*** FLOP *** [As Jh Js]
46c1765d: checks
Hero: checks
249a1e95: checks
*** TURN *** [As Jh Js] [7s]
46c1765d: checks
Hero: checks
249a1e95: checks
*** RIVER *** [As Jh Js 7s] [Qs]
46c1765d: checks
Hero: bets $7.5
249a1e95: folds
46c1765d: folds
Uncalled bet ($7.5) returned to Hero
*** SHOWDOWN ***
Hero collected $15 from pot
*** SUMMARY ***
Total pot $15
Board [As Jh Js 7s Qs]
Seat 2: 249a1e95 folded on the River
Seat 4: 46c1765d(small blind) folded on the River
Seat 1: bafc1d49 folded before Flop (didn't bet)
Seat 5: Hero(big blind)won ($15) with Pair of Jacks



Poker Hand #ring_836393763: NLH No Limit ($1/$2) - 2025/04/22 12:51:03
Table 'MR NLH 1/2' 7-max Seat #1 is the button
Seat 2: 249a1e95 ($292.25 in chips)
Seat 4: 46c1765d ($656.68 in chips)
Seat 1: bafc1d49 ($448.82 in chips)
Seat 5: Hero ($267.49 in chips)
249a1e95: posts small blind $1
46c1765d: posts big blind $2
*** HOLE CARDS ***
Dealt to 249a1e95 
Dealt to 46c1765d 
Dealt to bafc1d49 
Dealt to Hero [3d Qc]
Hero: folds
bafc1d49: folds
249a1e95: raises $4 to $6
46c1765d: calls $4
*** FLOP *** [6h 2h 4s]
249a1e95: bets $9
46c1765d: folds
Uncalled bet ($9) returned to 249a1e95
*** SHOWDOWN ***
249a1e95 collected $12 from pot
*** SUMMARY ***
Total pot $12
Board [6h 2h 4s]
Seat 2: 249a1e95(small blind)won ($12) with King-High
Seat 4: 46c1765d(big blind) folded on the Flop
Seat 1: bafc1d49 folded before Flop (didn't bet)
Seat 5: Hero folded before Flop (didn't bet)



Poker Hand #ring_836393435: NLH No Limit ($1/$2) - 2025/04/22 12:50:42
Table 'MR NLH 1/2' 7-max Seat #5 is the button
Seat 2: 249a1e95 ($286.25 in chips)
Seat 4: 46c1765d ($656.68 in chips)
Seat 1: bafc1d49 ($454.82 in chips)
Seat 5: Hero ($267.49 in chips)
bafc1d49: posts small blind $1
249a1e95: posts big blind $2
*** HOLE CARDS ***
Dealt to 249a1e95 
Dealt to 46c1765d 
Dealt to bafc1d49 
Dealt to Hero [Tc 6d]
46c1765d: folds
Hero: folds
bafc1d49: raises $4 to $6
249a1e95: raises $12 to $18
bafc1d49: folds
Uncalled bet ($12) returned to 249a1e95
*** SHOWDOWN ***
249a1e95 collected $12 from pot
*** SUMMARY ***
Total pot $12
Seat 2: 249a1e95(big blind)won ($12)
Seat 4: 46c1765d folded before Flop (didn't bet)
Seat 1: bafc1d49(small blind) folded before Flop
Seat 5: Hero folded before Flop (didn't bet)



Poker Hand #ring_836393009: NLH No Limit ($1/$2) - 2025/04/22 12:50:15
Table 'MR NLH 1/2' 7-max Seat #4 is the button
Seat 2: 249a1e95 ($286.25 in chips)
Seat 4: 46c1765d ($656.68 in chips)
Seat 1: bafc1d49 ($456.82 in chips)
Seat 5: Hero ($265.49 in chips)
Hero: posts small blind $1
bafc1d49: posts big blind $2
*** HOLE CARDS ***
Dealt to 249a1e95 
Dealt to 46c1765d 
Dealt to bafc1d49 
Dealt to Hero [Qh 4h]
249a1e95: folds
46c1765d: folds
Hero: raises $3 to $5
bafc1d49: folds
Uncalled bet ($3) returned to Hero
*** SHOWDOWN ***
Hero collected $4 from pot
*** SUMMARY ***
Total pot $4
Seat 2: 249a1e95 folded before Flop (didn't bet)
Seat 4: 46c1765d folded before Flop (didn't bet)
Seat 1: bafc1d49(big blind) folded before Flop
Seat 5: Hero(small blind)won ($4)



Poker Hand #ring_836392272: NLH No Limit ($1/$2) - 2025/04/22 12:49:27
Table 'MR NLH 1/2' 7-max Seat #2 is the button
Seat 2: 249a1e95 ($298.75 in chips)
Seat 4: 46c1765d ($661.68 in chips)
Seat 1: bafc1d49 ($456.82 in chips)
Seat 5: Hero ($249.84 in chips)
46c1765d: posts small blind $1
Hero: posts big blind $2
*** HOLE CARDS ***
Dealt to 249a1e95 
Dealt to 46c1765d 
Dealt to bafc1d49 
Dealt to Hero [As 7c]
bafc1d49: folds
249a1e95: raises $3 to $5
46c1765d: calls $4
Hero: calls $3
*** FLOP *** [Tc 9d 3s]
46c1765d: checks
Hero: bets $7.5
249a1e95: calls $7.5
46c1765d: folds
*** TURN *** [Tc 9d 3s] [6h]
Hero: bets $15
249a1e95: folds
Uncalled bet ($15) returned to Hero
*** SHOWDOWN ***
Hero collected $30 from pot
*** SUMMARY ***
Total pot $30
Board [Tc 9d 3s 6h]
Seat 2: 249a1e95 folded on the Turn
Seat 4: 46c1765d(small blind) folded on the Flop
Seat 1: bafc1d49 folded before Flop (didn't bet)
Seat 5: Hero(big blind)won ($30) with Ace-High



Poker Hand #ring_836391620: NLH No Limit ($1/$2) - 2025/04/22 12:48:45
Table 'MR NLH 1/2' 7-max Seat #1 is the button
Seat 2: 249a1e95 ($299.75 in chips)
Seat 4: 46c1765d ($646.66 in chips)
Seat 1: bafc1d49 ($472.82 in chips)
Seat 5: Hero ($249.84 in chips)
249a1e95: posts small blind $1
46c1765d: posts big blind $2
*** HOLE CARDS ***
Dealt to 249a1e95 
Dealt to 46c1765d 
Dealt to bafc1d49 
Dealt to Hero [7h Qh]
Hero: folds
bafc1d49: raises $3 to $5
249a1e95: folds
46c1765d: calls $3
*** FLOP *** [Jd 3s Qc]
46c1765d: bets $11
bafc1d49: calls $11
*** TURN *** [Jd 3s Qc] [5c]
46c1765d: bets $33
bafc1d49: folds
Uncalled bet ($33) returned to 46c1765d
*** SHOWDOWN ***
46c1765d collected $33 from pot
*** SUMMARY ***
Total pot $33
Board [Jd 3s Qc 5c]
Seat 2: 249a1e95(small blind) folded before Flop
Seat 4: 46c1765d(big blind)won ($33) with King-High
Seat 1: bafc1d49 folded on the Turn
Seat 5: Hero folded before Flop (didn't bet)



Poker Hand #ring_836390700: NLH No Limit ($1/$2) - 2025/04/22 12:47:46
Table 'MR NLH 1/2' 7-max Seat #5 is the button
Seat 2: 249a1e95 ($301.75 in chips)
Seat 4: 46c1765d ($648.66 in chips)
Seat 1: bafc1d49 ($474.82 in chips)
Seat 5: Hero ($244.2 in chips)
bafc1d49: posts small blind $1
249a1e95: posts big blind $2
*** HOLE CARDS ***
Dealt to 249a1e95 
Dealt to 46c1765d 
Dealt to bafc1d49 
Dealt to Hero [9d Ks]
46c1765d: calls $2
Hero: calls $2
bafc1d49: calls $1
249a1e95: checks
*** FLOP *** [3d 2c Jh]
bafc1d49: checks
249a1e95: checks
46c1765d: checks
Hero: checks
*** TURN *** [3d 2c Jh] [6d]
bafc1d49: checks
249a1e95: checks
46c1765d: checks
Hero: bets $4
bafc1d49: folds
249a1e95: folds
46c1765d: folds
Uncalled bet ($4) returned to Hero
*** SHOWDOWN ***
Hero collected $8 from pot
*** SUMMARY ***
Total pot $8
Board [3d 2c Jh 6d]
Seat 2: 249a1e95(big blind) folded on the Turn
Seat 4: 46c1765d folded on the Turn
Seat 1: bafc1d49(small blind) folded on the Turn
Seat 5: Herowon ($8) with King-High



Poker Hand #ring_836389815: NLH No Limit ($1/$2) - 2025/04/22 12:46:49
Table 'MR NLH 1/2' 7-max Seat #4 is the button
Seat 2: 249a1e95 ($301.75 in chips)
Seat 4: 46c1765d ($667.66 in chips)
Seat 1: bafc1d49 ($476.82 in chips)
Seat 5: Hero ($225.5 in chips)
Hero: posts small blind $1
bafc1d49: posts big blind $2
*** HOLE CARDS ***
Dealt to 249a1e95 
Dealt to 46c1765d 
Dealt to bafc1d49 
Dealt to Hero [Td Ts]
249a1e95: folds
46c1765d: calls $2
Hero: raises $7 to $9
bafc1d49: folds
46c1765d: calls $7
*** FLOP *** [Jd 3s 4h]
Hero: checks
46c1765d: checks
*** TURN *** [Jd 3s 4h] [Ac]
Hero: bets $10
46c1765d: calls $10
*** RIVER *** [Jd 3s 4h Ac] [Ks]
Hero: checks
46c1765d: checks
46c1765d: shows [5c Tc]
Hero: shows [Td Ts]
*** SHOWDOWN ***
Hero collected $40 from pot
*** SUMMARY ***
Total pot $40
Board [Jd 3s 4h Ac Ks]
Seat 2: 249a1e95 folded before Flop (didn't bet)
Seat 4: 46c1765d showed [5c Tc] and lost with Ace-High
Seat 1: bafc1d49(big blind) folded before Flop
Seat 5: Hero(small blind) showed [Td Ts] and won ($40) with Pair of Tens



Poker Hand #ring_836388924: NLH No Limit ($1/$2) - 2025/04/22 12:45:55
Table 'MR NLH 1/2' 7-max Seat #2 is the button
Seat 2: 249a1e95 ($301.75 in chips)
Seat 4: 46c1765d ($672.66 in chips)
Seat 1: bafc1d49 ($463.49 in chips)
Seat 5: Hero ($235.45 in chips)
46c1765d: posts small blind $1
Hero: posts big blind $2
*** HOLE CARDS ***
Dealt to 249a1e95 
Dealt to 46c1765d 
Dealt to bafc1d49 
Dealt to Hero [2d 2c]
bafc1d49: raises $3 to $5
249a1e95: folds
46c1765d: calls $4
Hero: calls $3
*** FLOP *** [Js Kh Ks]
46c1765d: checks
Hero: checks
bafc1d49: bets $4.95
46c1765d: folds
Hero: calls $4.95
*** TURN *** [Js Kh Ks] [Ac]
Hero: checks
bafc1d49: bets $18.68
Hero: folds
Uncalled bet ($18.68) returned to bafc1d49
*** SHOWDOWN ***
bafc1d49 collected $24.9 from pot
*** SUMMARY ***
Total pot $24.9
Board [Js Kh Ks Ac]
Seat 2: 249a1e95 folded before Flop (didn't bet)
Seat 4: 46c1765d(small blind) folded on the Flop
Seat 1: bafc1d49won ($24.9) with Aces-High Straight
Seat 5: Hero(big blind) folded on the Turn



Poker Hand #ring_836388676: NLH No Limit ($1/$2) - 2025/04/22 12:45:39
Table 'MR NLH 1/2' 7-max Seat #1 is the button
Seat 2: 249a1e95 ($302.75 in chips)
Seat 4: 46c1765d ($671.66 in chips)
Seat 1: bafc1d49 ($463.49 in chips)
Seat 5: Hero ($133.45 in chips)
249a1e95: posts small blind $1
46c1765d: posts big blind $2
*** HOLE CARDS ***
Dealt to 249a1e95 
Dealt to 46c1765d 
Dealt to bafc1d49 
Dealt to Hero [Ad 6h]
Hero: folds
bafc1d49: folds
249a1e95: folds
*** SHOWDOWN ***
46c1765d collected $3 from pot
*** SUMMARY ***
Total pot $3
Seat 2: 249a1e95(small blind) folded before Flop
Seat 4: 46c1765d(big blind)won ($3)
Seat 1: bafc1d49 folded before Flop (didn't bet)
Seat 5: Hero folded before Flop (didn't bet)



Poker Hand #ring_836388030: NLH No Limit ($1/$2) - 2025/04/22 12:44:59
Table 'MR NLH 1/2' 7-max Seat #5 is the button
Seat 2: 249a1e95 ($321 in chips)
Seat 3: 8180aa36 ($573.31 in chips)
Seat 4: 46c1765d ($654.59 in chips)
Seat 1: bafc1d49 ($464.49 in chips)
Seat 5: Hero ($133.45 in chips)
bafc1d49: posts small blind $1
249a1e95: posts big blind $2
*** HOLE CARDS ***
Dealt to 249a1e95 
Dealt to 8180aa36 
Dealt to 46c1765d 
Dealt to bafc1d49 
Dealt to Hero [2d 9s]
8180aa36: folds
46c1765d: calls $2
Hero: folds
bafc1d49: folds
249a1e95: checks
*** FLOP *** [Th 5h Qs]
249a1e95: checks
46c1765d: checks
*** TURN *** [Th 5h Qs] [5c]
249a1e95: bets $3.75
46c1765d: raises $12.5 to $16.25
249a1e95: calls $12.5
*** RIVER *** [Th 5h Qs 5c] [2s]
249a1e95: checks
46c1765d: bets $37.5
249a1e95: folds
Uncalled bet ($37.5) returned to 46c1765d
46c1765d: shows [Ah]
*** SHOWDOWN ***
46c1765d collected $37.5 from pot
*** SUMMARY ***
Total pot $37.5
Board [Th 5h Qs 5c 2s]
Seat 2: 249a1e95(big blind) folded on the River
Seat 3: 8180aa36 folded before Flop (didn't bet)
Seat 4: 46c1765d showed [Ah] and won ($37.5) with Pair of Aces and Pair of Fives
Seat 1: bafc1d49(small blind) folded before Flop
Seat 5: Hero folded before Flop (didn't bet)



Poker Hand #ring_836387735: NLH No Limit ($1/$2) - 2025/04/22 12:44:39
Table 'MR NLH 1/2' 7-max Seat #4 is the button
Seat 2: 249a1e95 ($321 in chips)
Seat 3: 8180aa36 ($570.31 in chips)
Seat 4: 46c1765d ($654.59 in chips)
Seat 1: bafc1d49 ($466.49 in chips)
Seat 5: Hero ($134.45 in chips)
Hero: posts small blind $1
bafc1d49: posts big blind $2
*** HOLE CARDS ***
Dealt to 249a1e95 
Dealt to 8180aa36 
Dealt to 46c1765d 
Dealt to bafc1d49 
Dealt to Hero [6h Qd]
249a1e95: folds
8180aa36: raises $3 to $5
46c1765d: folds
Hero: folds
bafc1d49: folds
Uncalled bet ($3) returned to 8180aa36
*** SHOWDOWN ***
8180aa36 collected $5 from pot
*** SUMMARY ***
Total pot $5
Seat 2: 249a1e95 folded before Flop (didn't bet)
Seat 3: 8180aa36won ($5)
Seat 4: 46c1765d folded before Flop (didn't bet)
Seat 1: bafc1d49(big blind) folded before Flop
Seat 5: Hero(small blind) folded before Flop



Poker Hand #ring_836386929: NLH No Limit ($1/$2) - 2025/04/22 12:43:47
Table 'MR NLH 1/2' 7-max Seat #3 is the button
Seat 2: 249a1e95 ($321 in chips)
Seat 3: 8180aa36 ($570.31 in chips)
Seat 4: 46c1765d ($636.89 in chips)
Seat 1: bafc1d49 ($466.49 in chips)
Seat 5: Hero ($154.45 in chips)
46c1765d: posts small blind $1
Hero: posts big blind $2
*** HOLE CARDS ***
Dealt to 249a1e95 
Dealt to 8180aa36 
Dealt to 46c1765d 
Dealt to bafc1d49 
Dealt to Hero [9h 9c]
bafc1d49: folds
249a1e95: folds
8180aa36: folds
46c1765d: calls $1
Hero: raises $6 to $8
46c1765d: calls $6
*** FLOP *** [5c Ah 4c]
46c1765d: checks
Hero: checks
*** TURN *** [5c Ah 4c] [6s]
46c1765d: bets $12
Hero: calls $12
*** RIVER *** [5c Ah 4c 6s] [Ts]
46c1765d: checks
Hero: checks
46c1765d: shows [Jc Tc]
Hero: shows [9h 9c]
*** SHOWDOWN ***
46c1765d collected $40 from pot
*** SUMMARY ***
Total pot $40
Board [5c Ah 4c 6s Ts]
Seat 2: 249a1e95 folded before Flop (didn't bet)
Seat 3: 8180aa36 folded before Flop (didn't bet)
Seat 4: 46c1765d(small blind) showed [Jc Tc] and won ($40) with Pair of Tens
Seat 1: bafc1d49 folded before Flop (didn't bet)
Seat 5: Hero(big blind) showed [9h 9c] and lost with Pair of Nines



Poker Hand #ring_836386118: NLH No Limit ($1/$2) - 2025/04/22 12:42:55
Table 'MR NLH 1/2' 7-max Seat #0 is the button
Seat 3: 8180aa36 ($571.31 in chips)
Seat 4: 46c1765d ($613.23 in chips)
Seat 1: bafc1d49 ($466.49 in chips)
Seat 5: Hero ($179.95 in chips)
8180aa36: posts small blind $1
46c1765d: posts big blind $2
*** HOLE CARDS ***
Dealt to 8180aa36 
Dealt to 46c1765d 
Dealt to bafc1d49 
Dealt to Hero [Jh Jc]
Hero: raises $4 to $6
bafc1d49: folds
8180aa36: folds
46c1765d: calls $4
*** FLOP *** [8c Tc 6c]
46c1765d: checks
Hero: bets $6.5
46c1765d: calls $6.5
*** TURN *** [8c Tc 6c] [8h]
46c1765d: checks
Hero: bets $13
46c1765d: calls $13
*** RIVER *** [8c Tc 6c 8h] [Kd]
46c1765d: checks
Hero: checks
46c1765d: shows [Kc Kh]
Hero: shows [Jh Jc]
*** SHOWDOWN ***
46c1765d collected $52 from pot
*** SUMMARY ***
Total pot $52
Board [8c Tc 6c 8h Kd]
Seat 3: 8180aa36(small blind) folded before Flop
Seat 4: 46c1765d(big blind) showed [Kc Kh] and won ($52) with Kings Full over Eights
Seat 1: bafc1d49 folded before Flop (didn't bet)
Seat 5: Hero showed [Jh Jc] and lost with Pair of Jacks and Pair of Eights



Poker Hand #ring_836385265: NLH No Limit ($1/$2) - 2025/04/22 12:41:59
Table 'MR NLH 1/2' 7-max Seat #1 is the button
Seat 2: 249a1e95 ($322 in chips)
Seat 3: 8180aa36 ($573.31 in chips)
Seat 4: 46c1765d ($610.45 in chips)
Seat 1: bafc1d49 ($466.49 in chips)
Seat 5: Hero ($179.95 in chips)
249a1e95: posts small blind $1
8180aa36: posts big blind $2
*** HOLE CARDS ***
Dealt to 249a1e95 
Dealt to 8180aa36 
Dealt to 46c1765d 
Dealt to bafc1d49 
Dealt to Hero [Kh 2s]
46c1765d: calls $2
Hero: folds
bafc1d49: folds
249a1e95: folds
8180aa36: checks
*** FLOP *** [4d 8s 6h]
8180aa36: checks
46c1765d: bets $5
8180aa36: folds
Uncalled bet ($5) returned to 46c1765d
*** SHOWDOWN ***
46c1765d collected $5 from pot
*** SUMMARY ***
Total pot $5
Board [4d 8s 6h]
Seat 2: 249a1e95(small blind) folded before Flop
Seat 3: 8180aa36(big blind) folded on the Flop
Seat 4: 46c1765dwon ($5) with Pair of Eights
Seat 1: bafc1d49 folded before Flop (didn't bet)
Seat 5: Hero folded before Flop (didn't bet)



Poker Hand #ring_836384047: NLH No Limit ($1/$2) - 2025/04/22 12:40:45
Table 'MR NLH 1/2' 7-max Seat #5 is the button
Seat 2: 249a1e95 ($324 in chips)
Seat 3: 8180aa36 ($573.31 in chips)
Seat 4: 46c1765d ($607.67 in chips)
Seat 1: bafc1d49 ($467.49 in chips)
Seat 5: Hero ($179.95 in chips)
bafc1d49: posts small blind $1
249a1e95: posts big blind $2
*** HOLE CARDS ***
Dealt to 249a1e95 
Dealt to 8180aa36 
Dealt to 46c1765d 
Dealt to bafc1d49 
Dealt to Hero [5h 9h]
8180aa36: folds
46c1765d: calls $2
Hero: folds
bafc1d49: folds
249a1e95: checks
*** FLOP *** [Jd 4s 6d]
249a1e95: checks
46c1765d: bets $5
249a1e95: folds
Uncalled bet ($5) returned to 46c1765d
*** SHOWDOWN ***
46c1765d collected $5 from pot
*** SUMMARY ***
Total pot $5
Board [Jd 4s 6d]
Seat 2: 249a1e95(big blind) folded on the Flop
Seat 3: 8180aa36 folded before Flop (didn't bet)
Seat 4: 46c1765dwon ($5) with Pair of Jacks
Seat 1: bafc1d49(small blind) folded before Flop
Seat 5: Hero folded before Flop (didn't bet)



Poker Hand #ring_836383011: NLH No Limit ($1/$2) - 2025/04/22 12:39:40
Table 'MR NLH 1/2' 7-max Seat #4 is the button
Seat 2: 249a1e95 ($324 in chips)
Seat 3: 8180aa36 ($573.31 in chips)
Seat 4: 46c1765d ($635.67 in chips)
Seat 1: bafc1d49 ($441.55 in chips)
Seat 5: Hero ($180.95 in chips)
Hero: posts small blind $1
bafc1d49: posts big blind $2
*** HOLE CARDS ***
Dealt to 249a1e95 
Dealt to 8180aa36 
Dealt to 46c1765d 
Dealt to bafc1d49 
Dealt to Hero [4h Qs]
249a1e95: folds
8180aa36: folds
46c1765d: calls $2
Hero: folds
bafc1d49: raises $10 to $12
46c1765d: calls $10
*** FLOP *** [Qh Tc 9c]
bafc1d49: bets $6
46c1765d: calls $6
*** TURN *** [Qh Tc 9c] [5h]
bafc1d49: bets $10
46c1765d: calls $10
*** RIVER *** [Qh Tc 9c 5h] [5d]
bafc1d49: checks
46c1765d: checks
bafc1d49: shows [Kd Ah]
46c1765d: shows [2s Kh]
*** SHOWDOWN ***
bafc1d49 collected $57 from pot
*** SUMMARY ***
Total pot $57
Board [Qh Tc 9c 5h 5d]
Seat 2: 249a1e95 folded before Flop (didn't bet)
Seat 3: 8180aa36 folded before Flop (didn't bet)
Seat 4: 46c1765d showed [2s Kh] and lost with Pair of Fives
Seat 1: bafc1d49(big blind) showed [Kd Ah] and won ($57) with Pair of Fives
Seat 5: Hero(small blind) folded before Flop



Poker Hand #ring_836381761: NLH No Limit ($1/$2) - 2025/04/22 12:38:22
Table 'MR NLH 1/2' 7-max Seat #3 is the button
Seat 2: 249a1e95 ($326 in chips)
Seat 3: 8180aa36 ($563.12 in chips)
Seat 4: 46c1765d ($642.67 in chips)
Seat 1: bafc1d49 ($441.55 in chips)
Seat 5: Hero ($182.95 in chips)
46c1765d: posts small blind $1
Hero: posts big blind $2
249a1e95: posts big blind $2
*** HOLE CARDS ***
Dealt to 249a1e95 
Dealt to 8180aa36 
Dealt to 46c1765d 
Dealt to bafc1d49 
Dealt to Hero [Jh 6h]
bafc1d49: folds
249a1e95: checks
8180aa36: raises $5 to $7
46c1765d: calls $6
Hero: folds
249a1e95: folds
*** FLOP *** [3c 5s Kh]
46c1765d: checks
8180aa36: bets $9
46c1765d: folds
Uncalled bet ($9) returned to 8180aa36
*** SHOWDOWN ***
8180aa36 collected $18 from pot
*** SUMMARY ***
Total pot $18
Board [3c 5s Kh]
Seat 2: 249a1e95 folded before Flop
Seat 3: 8180aa36won ($18) with Ace-High
Seat 4: 46c1765d(small blind) folded on the Flop
Seat 1: bafc1d49 folded before Flop (didn't bet)
Seat 5: Hero(big blind) folded before Flop



Poker Hand #ring_836381488: NLH No Limit ($1/$2) - 2025/04/22 12:38:03
Table 'MR NLH 1/2' 7-max Seat #1 is the button
Seat 3: 8180aa36 ($564.12 in chips)
Seat 4: 46c1765d ($641.67 in chips)
Seat 1: bafc1d49 ($441.55 in chips)
Seat 5: Hero ($182.95 in chips)
8180aa36: posts small blind $1
46c1765d: posts big blind $2
*** HOLE CARDS ***
Dealt to 8180aa36 
Dealt to 46c1765d 
Dealt to bafc1d49 
Dealt to Hero [3h 8h]
Hero: folds
bafc1d49: folds
8180aa36: folds
*** SHOWDOWN ***
46c1765d collected $3 from pot
*** SUMMARY ***
Total pot $3
Seat 3: 8180aa36(small blind) folded before Flop
Seat 4: 46c1765d(big blind)won ($3)
Seat 1: bafc1d49 folded before Flop (didn't bet)
Seat 5: Hero folded before Flop (didn't bet)



Poker Hand #ring_836380251: NLH No Limit ($1/$2) - 2025/04/22 12:36:45
Table 'MR NLH 1/2' 7-max Seat #5 is the button
Seat 3: 8180aa36 ($566.12 in chips)
Seat 4: 46c1765d ($651.67 in chips)
Seat 1: bafc1d49 ($431.04 in chips)
Seat 5: Hero ($182.95 in chips)
bafc1d49: posts small blind $1
8180aa36: posts big blind $2
*** HOLE CARDS ***
Dealt to 8180aa36 
Dealt to 46c1765d 
Dealt to bafc1d49 
Dealt to Hero [3s 8s]
46c1765d: calls $2
Hero: folds
bafc1d49: raises $8 to $10
8180aa36: folds
46c1765d: calls $8
*** FLOP *** [7s 7d 4s]
bafc1d49: checks
46c1765d: checks
*** TURN *** [7s 7d 4s] [Kd]
bafc1d49: bets $16.5
46c1765d: folds
Uncalled bet ($16.5) returned to bafc1d49
*** SHOWDOWN ***
bafc1d49 collected $22 from pot
*** SUMMARY ***
Total pot $22
Board [7s 7d 4s Kd]
Seat 3: 8180aa36(big blind) folded before Flop
Seat 4: 46c1765d folded on the Turn
Seat 1: bafc1d49(small blind)won ($22) with Pair of Kings and Pair of Sevens
Seat 5: Hero folded before Flop (didn't bet)



Poker Hand #ring_836379276: NLH No Limit ($1/$2) - 2025/04/22 12:35:44
Table 'MR NLH 1/2' 7-max Seat #4 is the button
Seat 3: 8180aa36 ($556.11 in chips)
Seat 4: 46c1765d ($651.67 in chips)
Seat 1: bafc1d49 ($441.54 in chips)
Seat 5: Hero ($183.95 in chips)
Hero: posts small blind $1
bafc1d49: posts big blind $2
*** HOLE CARDS ***
Dealt to 8180aa36 
Dealt to 46c1765d 
Dealt to bafc1d49 
Dealt to Hero [Tc Jd]
8180aa36: raises $3 to $5
46c1765d: folds
Hero: folds
bafc1d49: calls $3
*** FLOP *** [Qs 4d 2s]
bafc1d49: checks
8180aa36: bets $5.5
bafc1d49: calls $5.5
*** TURN *** [Qs 4d 2s] [Jh]
bafc1d49: checks
8180aa36: bets $11
bafc1d49: folds
Uncalled bet ($11) returned to 8180aa36
*** SHOWDOWN ***
8180aa36 collected $22 from pot
*** SUMMARY ***
Total pot $22
Board [Qs 4d 2s Jh]
Seat 3: 8180aa36won ($22) with Pair of Jacks
Seat 4: 46c1765d folded before Flop (didn't bet)
Seat 1: bafc1d49(big blind) folded on the Turn
Seat 5: Hero(small blind) folded before Flop



Poker Hand #ring_836378803: NLH No Limit ($1/$2) - 2025/04/22 12:35:14
Table 'MR NLH 1/2' 7-max Seat #3 is the button
Seat 3: 8180aa36 ($556.11 in chips)
Seat 4: 46c1765d ($642.34 in chips)
Seat 1: bafc1d49 ($446.54 in chips)
Seat 5: Hero ($188.95 in chips)
46c1765d: posts small blind $1
Hero: posts big blind $2
*** HOLE CARDS ***
Dealt to 8180aa36 
Dealt to 46c1765d 
Dealt to bafc1d49 
Dealt to Hero [Ac 9s]
bafc1d49: raises $3 to $5
8180aa36: folds
46c1765d: calls $4
Hero: calls $3
*** FLOP *** [7h Kc Th]
46c1765d: bets $11.25
Hero: folds
bafc1d49: folds
Uncalled bet ($11.25) returned to 46c1765d
*** SHOWDOWN ***
46c1765d collected $15 from pot
*** SUMMARY ***
Total pot $15
Board [7h Kc Th]
Seat 3: 8180aa36 folded before Flop (didn't bet)
Seat 4: 46c1765d(small blind)won ($15) with King-High
Seat 1: bafc1d49 folded on the Flop
Seat 5: Hero(big blind) folded on the Flop



Poker Hand #ring_836378546: NLH No Limit ($1/$2) - 2025/04/22 12:34:58
Table 'MR NLH 1/2' 7-max Seat #1 is the button
Seat 3: 8180aa36 ($557.11 in chips)
Seat 4: 46c1765d ($641.34 in chips)
Seat 1: bafc1d49 ($446.54 in chips)
Seat 5: Hero ($188.95 in chips)
8180aa36: posts small blind $1
46c1765d: posts big blind $2
*** HOLE CARDS ***
Dealt to 8180aa36 
Dealt to 46c1765d 
Dealt to bafc1d49 
Dealt to Hero [Ts Qd]
Hero: folds
bafc1d49: folds
8180aa36: folds
*** SHOWDOWN ***
46c1765d collected $3 from pot
*** SUMMARY ***
Total pot $3
Seat 3: 8180aa36(small blind) folded before Flop
Seat 4: 46c1765d(big blind)won ($3)
Seat 1: bafc1d49 folded before Flop (didn't bet)
Seat 5: Hero folded before Flop (didn't bet)



Poker Hand #ring_836377930: NLH No Limit ($1/$2) - 2025/04/22 12:34:20
Table 'MR NLH 1/2' 7-max Seat #0 is the button
Seat 3: 8180aa36 ($551.65 in chips)
Seat 4: 46c1765d ($641.34 in chips)
Seat 1: bafc1d49 ($452.54 in chips)
Seat 5: Hero ($188.95 in chips)
bafc1d49: posts small blind $1
8180aa36: posts big blind $2
*** HOLE CARDS ***
Dealt to 8180aa36 
Dealt to 46c1765d 
Dealt to bafc1d49 
Dealt to Hero [6h Kc]
46c1765d: folds
Hero: folds
bafc1d49: raises $4 to $6
8180aa36: calls $4
*** FLOP *** [6s 7h 8h]
bafc1d49: checks
8180aa36: bets $6
bafc1d49: folds
Uncalled bet ($6) returned to 8180aa36
*** SHOWDOWN ***
8180aa36 collected $12 from pot
*** SUMMARY ***
Total pot $12
Board [6s 7h 8h]
Seat 3: 8180aa36(big blind)won ($12) with Ace-High
Seat 4: 46c1765d folded before Flop (didn't bet)
Seat 1: bafc1d49(small blind) folded on the Flop
Seat 5: Hero folded before Flop (didn't bet)



Poker Hand #ring_836377299: NLH No Limit ($1/$2) - 2025/04/22 12:33:41
Table 'MR NLH 1/2' 7-max Seat #5 is the button
Seat 6: 96d4c69c ($327 in chips)
Seat 3: 8180aa36 ($551.65 in chips)
Seat 4: 46c1765d ($638.56 in chips)
Seat 1: bafc1d49 ($454.54 in chips)
Seat 5: Hero ($188.95 in chips)
96d4c69c: posts small blind $1
bafc1d49: posts big blind $2
*** HOLE CARDS ***
Dealt to 96d4c69c 
Dealt to 8180aa36 
Dealt to 46c1765d 
Dealt to bafc1d49 
Dealt to Hero [Jh 5s]
8180aa36: folds
46c1765d: calls $2
Hero: folds
96d4c69c: folds
bafc1d49: checks
*** FLOP *** [6c Ad 4d]
bafc1d49: checks
46c1765d: checks
*** TURN *** [6c Ad 4d] [As]
bafc1d49: checks
46c1765d: checks
*** RIVER *** [6c Ad 4d As] [3s]
bafc1d49: checks
46c1765d: checks
bafc1d49: shows [9s 7s]
46c1765d: shows [8h Ks]
*** SHOWDOWN ***
46c1765d collected $5 from pot
*** SUMMARY ***
Total pot $5
Board [6c Ad 4d As 3s]
Seat 6: 96d4c69c(small blind) folded before Flop
Seat 3: 8180aa36 folded before Flop (didn't bet)
Seat 4: 46c1765d showed [8h Ks] and won ($5) with Pair of Aces
Seat 1: bafc1d49(big blind) showed [9s 7s] and lost with Pair of Aces
Seat 5: Hero folded before Flop (didn't bet)



Poker Hand #ring_836376207: NLH No Limit ($1/$2) - 2025/04/22 12:32:32
Table 'MR NLH 1/2' 7-max Seat #4 is the button
Seat 6: 96d4c69c ($323.27 in chips)
Seat 3: 8180aa36 ($551.65 in chips)
Seat 4: 46c1765d ($640.56 in chips)
Seat 1: bafc1d49 ($454.54 in chips)
Seat 5: Hero ($190.95 in chips)
Hero: posts small blind $1
96d4c69c: posts big blind $2
*** HOLE CARDS ***
Dealt to 96d4c69c 
Dealt to 8180aa36 
Dealt to 46c1765d 
Dealt to bafc1d49 
Dealt to Hero [9s 3s]
bafc1d49: folds
8180aa36: folds
46c1765d: calls $2
Hero: calls $1
96d4c69c: checks
*** FLOP *** [3d 8s 7d]
Hero: checks
96d4c69c: checks
46c1765d: checks
*** TURN *** [3d 8s 7d] [Qd]
Hero: checks
96d4c69c: checks
46c1765d: checks
*** RIVER *** [3d 8s 7d Qd] [Ts]
Hero: checks
96d4c69c: bets $3
46c1765d: folds
Hero: folds
Uncalled bet ($3) returned to 96d4c69c
*** SHOWDOWN ***
96d4c69c collected $6 from pot
*** SUMMARY ***
Total pot $6
Board [3d 8s 7d Qd Ts]
Seat 6: 96d4c69c(big blind)won ($6) with Queen-High
Seat 3: 8180aa36 folded before Flop (didn't bet)
Seat 4: 46c1765d folded on the River
Seat 1: bafc1d49 folded before Flop (didn't bet)
Seat 5: Hero(small blind) folded on the River



Poker Hand #ring_836375461: NLH No Limit ($1/$2) - 2025/04/22 12:31:45
Table 'MR NLH 1/2' 7-max Seat #3 is the button
Seat 6: 96d4c69c ($292.02 in chips)
Seat 3: 8180aa36 ($551.65 in chips)
Seat 4: 46c1765d ($656.56 in chips)
Seat 1: bafc1d49 ($470.54 in chips)
Seat 5: Hero ($192.95 in chips)
46c1765d: posts small blind $1
Hero: posts big blind $2
*** HOLE CARDS ***
Dealt to 96d4c69c 
Dealt to 8180aa36 
Dealt to 46c1765d 
Dealt to bafc1d49 
Dealt to Hero [7h 5s]
96d4c69c: raises $3 to $5
bafc1d49: raises $11 to $16
8180aa36: folds
46c1765d: calls $15
Hero: folds
96d4c69c: calls $11
*** FLOP *** [5d 6c 2d]
46c1765d: checks
96d4c69c: checks
bafc1d49: checks
*** TURN *** [5d 6c 2d] [2c]
46c1765d: checks
96d4c69c: bets $37.5
bafc1d49: folds
46c1765d: folds
Uncalled bet ($37.5) returned to 96d4c69c
*** SHOWDOWN ***
96d4c69c collected $50 from pot
*** SUMMARY ***
Total pot $50
Board [5d 6c 2d 2c]
Seat 6: 96d4c69cwon ($50) with Pair of Twos
Seat 3: 8180aa36 folded before Flop (didn't bet)
Seat 4: 46c1765d(small blind) folded on the Turn
Seat 1: bafc1d49 folded on the Turn
Seat 5: Hero(big blind) folded before Flop



Poker Hand #ring_836374751: NLH No Limit ($1/$2) - 2025/04/22 12:31:00
Table 'MR NLH 1/2' 7-max Seat #1 is the button
Seat 6: 96d4c69c ($292.02 in chips)
Seat 3: 8180aa36 ($552.65 in chips)
Seat 4: 46c1765d ($661.56 in chips)
Seat 1: bafc1d49 ($465.03 in chips)
Seat 5: Hero ($192.95 in chips)
8180aa36: posts small blind $1
46c1765d: posts big blind $2
*** HOLE CARDS ***
Dealt to 96d4c69c 
Dealt to 8180aa36 
Dealt to 46c1765d 
Dealt to bafc1d49 
Dealt to Hero [Qc 2c]
Hero: folds
96d4c69c: folds
bafc1d49: raises $3 to $5
8180aa36: folds
46c1765d: calls $3
*** FLOP *** [8d 3d Ad]
46c1765d: checks
bafc1d49: bets $3.63
46c1765d: folds
Uncalled bet ($3.63) returned to bafc1d49
*** SHOWDOWN ***
bafc1d49 collected $11 from pot
*** SUMMARY ***
Total pot $11
Board [8d 3d Ad]
Seat 6: 96d4c69c folded before Flop (didn't bet)
Seat 3: 8180aa36(small blind) folded before Flop
Seat 4: 46c1765d(big blind) folded on the Flop
Seat 1: bafc1d49won ($11) with Pair of Treys
Seat 5: Hero folded before Flop (didn't bet)



Poker Hand #ring_836373764: NLH No Limit ($1/$2) - 2025/04/22 12:29:58
Table 'MR NLH 1/2' 7-max Seat #6 is the button
Seat 6: 96d4c69c ($311.52 in chips)
Seat 3: 8180aa36 ($554.65 in chips)
Seat 4: 46c1765d ($641.45 in chips)
Seat 1: bafc1d49 ($466.03 in chips)
Seat 5: Hero ($92.95 in chips)
bafc1d49: posts small blind $1
8180aa36: posts big blind $2
*** HOLE CARDS ***
Dealt to 96d4c69c 
Dealt to 8180aa36 
Dealt to 46c1765d 
Dealt to bafc1d49 
Dealt to Hero [Qc 5h]
46c1765d: calls $2
Hero: folds
96d4c69c: raises $7 to $9
bafc1d49: folds
8180aa36: folds
46c1765d: calls $7
*** FLOP *** [Jd 5d Ks]
46c1765d: checks
96d4c69c: bets $10.5
46c1765d: calls $10.5
*** TURN *** [Jd 5d Ks] [2d]
46c1765d: checks
96d4c69c: checks
*** RIVER *** [Jd 5d Ks 2d] [3d]
46c1765d: bets $31.5
96d4c69c: folds
Uncalled bet ($31.5) returned to 46c1765d
*** SHOWDOWN ***
46c1765d collected $42 from pot
*** SUMMARY ***
Total pot $42
Board [Jd 5d Ks 2d 3d]
Seat 6: 96d4c69c folded on the River
Seat 3: 8180aa36(big blind) folded before Flop
Seat 4: 46c1765dwon ($42) with Ace High Flush
Seat 1: bafc1d49(small blind) folded before Flop
Seat 5: Hero folded before Flop (didn't bet)



Poker Hand #ring_836372860: NLH No Limit ($1/$2) - 2025/04/22 12:29:01
Table 'MR NLH 1/2' 7-max Seat #5 is the button
Seat 6: 96d4c69c ($312.52 in chips)
Seat 3: 8180aa36 ($554.65 in chips)
Seat 4: 46c1765d ($568.78 in chips)
Seat 1: bafc1d49 ($468.03 in chips)
Seat 5: Hero ($170.2 in chips)
Seat 2: ee0fb4e9 ($423.96 in chips)
96d4c69c: posts small blind $1
bafc1d49: posts big blind $2
*** HOLE CARDS ***
Dealt to 96d4c69c 
Dealt to 8180aa36 
Dealt to 46c1765d 
Dealt to bafc1d49 
Dealt to Hero [9d 7h]
Dealt to ee0fb4e9 
ee0fb4e9: folds
8180aa36: folds
46c1765d: calls $2
Hero: calls $2
96d4c69c: folds
bafc1d49: checks
*** FLOP *** [7d 9s Js]
bafc1d49: checks
46c1765d: bets $7
Hero: calls $7
bafc1d49: folds
*** TURN *** [7d 9s Js] [4s]
46c1765d: bets $21
Hero: calls $21
*** RIVER *** [7d 9s Js 4s] [Ac]
46c1765d: bets $47.25
Hero: calls $47.25
46c1765d: shows [7c Jh]
Hero: shows [9d 7h]
*** SHOWDOWN ***
46c1765d collected $157.5 from pot
*** SUMMARY ***
Total pot $157.5
Board [7d 9s Js 4s Ac]
Seat 6: 96d4c69c(small blind) folded before Flop
Seat 3: 8180aa36 folded before Flop (didn't bet)
Seat 4: 46c1765d showed [7c Jh] and won ($157.5) with Pair of Jacks and Pair of Sevens
Seat 1: bafc1d49(big blind) folded on the Flop
Seat 5: Hero showed [9d 7h] and lost with Pair of Nines and Pair of Sevens
Seat 2: ee0fb4e9 folded before Flop (didn't bet)



Poker Hand #ring_836371441: NLH No Limit ($1/$2) - 2025/04/22 12:27:34
Table 'MR NLH 1/2' 7-max Seat #4 is the button
Seat 6: 96d4c69c ($282.08 in chips)
Seat 3: 8180aa36 ($554.65 in chips)
Seat 4: 46c1765d ($568.78 in chips)
Seat 1: bafc1d49 ($468.03 in chips)
Seat 5: Hero ($204.2 in chips)
Seat 2: ee0fb4e9 ($423.96 in chips)
Hero: posts small blind $1
96d4c69c: posts big blind $2
*** HOLE CARDS ***
Dealt to 96d4c69c 
Dealt to 8180aa36 
Dealt to 46c1765d 
Dealt to bafc1d49 
Dealt to Hero [8h Ad]
Dealt to ee0fb4e9 
bafc1d49: folds
ee0fb4e9: folds
8180aa36: folds
46c1765d: folds
Hero: raises $3 to $5
96d4c69c: calls $3
*** FLOP *** [Qd 3c 8d]
Hero: bets $5
96d4c69c: calls $5
*** TURN *** [Qd 3c 8d] [5h]
Hero: bets $7
96d4c69c: raises $17 to $24
Hero: calls $17
*** RIVER *** [Qd 3c 8d 5h] [3d]
Hero: checks
96d4c69c: bets $34
Hero: folds
Uncalled bet ($34) returned to 96d4c69c
*** SHOWDOWN ***
96d4c69c collected $68 from pot
*** SUMMARY ***
Total pot $68
Board [Qd 3c 8d 5h 3d]
Seat 6: 96d4c69c(big blind)won ($68) with King High Flush
Seat 3: 8180aa36 folded before Flop (didn't bet)
Seat 4: 46c1765d folded before Flop (didn't bet)
Seat 1: bafc1d49 folded before Flop (didn't bet)
Seat 5: Hero(small blind) folded on the River
Seat 2: ee0fb4e9 folded before Flop (didn't bet)



Poker Hand #ring_836370647: NLH No Limit ($1/$2) - 2025/04/22 12:26:45
Table 'MR NLH 1/2' 7-max Seat #3 is the button
Seat 6: 96d4c69c ($282.08 in chips)
Seat 3: 8180aa36 ($554.65 in chips)
Seat 4: 46c1765d ($579.4 in chips)
Seat 1: bafc1d49 ($468.03 in chips)
Seat 5: Hero ($206.2 in chips)
Seat 2: ee0fb4e9 ($412.88 in chips)
46c1765d: posts small blind $1
Hero: posts big blind $2
*** HOLE CARDS ***
Dealt to 96d4c69c 
Dealt to 8180aa36 
Dealt to 46c1765d 
Dealt to bafc1d49 
Dealt to Hero [3c Qd]
Dealt to ee0fb4e9 
96d4c69c: folds
bafc1d49: folds
ee0fb4e9: raises $4 to $6
8180aa36: folds
46c1765d: calls $5
Hero: folds
*** FLOP *** [Ks Kd Kh]
46c1765d: checks
ee0fb4e9: bets $4.62
46c1765d: calls $4.62
*** TURN *** [Ks Kd Kh] [Th]
46c1765d: checks
ee0fb4e9: bets $11.62
46c1765d: folds
Uncalled bet ($11.62) returned to ee0fb4e9
*** SHOWDOWN ***
ee0fb4e9 collected $23.24 from pot
*** SUMMARY ***
Total pot $23.24
Board [Ks Kd Kh Th]
Seat 6: 96d4c69c folded before Flop (didn't bet)
Seat 3: 8180aa36 folded before Flop (didn't bet)
Seat 4: 46c1765d(small blind) folded on the Turn
Seat 1: bafc1d49 folded before Flop (didn't bet)
Seat 5: Hero(big blind) folded before Flop
Seat 2: ee0fb4e9won ($23.24) with Three Kings



Poker Hand #ring_836369827: NLH No Limit ($1/$2) - 2025/04/22 12:25:55
Table 'MR NLH 1/2' 7-max Seat #2 is the button
Seat 6: 96d4c69c ($282.08 in chips)
Seat 3: 8180aa36 ($555.65 in chips)
Seat 4: 46c1765d ($594.4 in chips)
Seat 1: bafc1d49 ($468.03 in chips)
Seat 5: Hero ($211.2 in chips)
Seat 2: ee0fb4e9 ($394 in chips)
8180aa36: posts small blind $1
46c1765d: posts big blind $2
*** HOLE CARDS ***
Dealt to 96d4c69c 
Dealt to 8180aa36 
Dealt to 46c1765d 
Dealt to bafc1d49 
Dealt to Hero [Qh Kd]
Dealt to ee0fb4e9 
Hero: raises $3 to $5
96d4c69c: folds
bafc1d49: folds
ee0fb4e9: raises $10 to $15
8180aa36: folds
46c1765d: calls $13
Hero: folds
*** FLOP *** [Ts Kh Ks]
46c1765d: checks
ee0fb4e9: bets $11.88
46c1765d: folds
Uncalled bet ($11.88) returned to ee0fb4e9
*** SHOWDOWN ***
ee0fb4e9 collected $36 from pot
*** SUMMARY ***
Total pot $36
Board [Ts Kh Ks]
Seat 6: 96d4c69c folded before Flop (didn't bet)
Seat 3: 8180aa36(small blind) folded before Flop
Seat 4: 46c1765d(big blind) folded on the Flop
Seat 1: bafc1d49 folded before Flop (didn't bet)
Seat 5: Hero folded before Flop
Seat 2: ee0fb4e9won ($36) with Pair of Kings



Poker Hand #ring_836369052: NLH No Limit ($1/$2) - 2025/04/22 12:25:05
Table 'MR NLH 1/2' 7-max Seat #1 is the button
Seat 6: 96d4c69c ($282.08 in chips)
Seat 3: 8180aa36 ($557.65 in chips)
Seat 4: 46c1765d ($609.9 in chips)
Seat 1: bafc1d49 ($468.03 in chips)
Seat 5: Hero ($194.73 in chips)
Seat 2: ee0fb4e9 ($395 in chips)
ee0fb4e9: posts small blind $1
8180aa36: posts big blind $2
*** HOLE CARDS ***
Dealt to 96d4c69c 
Dealt to 8180aa36 
Dealt to 46c1765d 
Dealt to bafc1d49 
Dealt to Hero [Ad 9c]
Dealt to ee0fb4e9 
46c1765d: calls $2
Hero: raises $5 to $7
96d4c69c: folds
bafc1d49: folds
ee0fb4e9: folds
8180aa36: folds
46c1765d: calls $5
*** FLOP *** [As Tc Qd]
46c1765d: checks
Hero: checks
*** TURN *** [As Tc Qd] [2h]
46c1765d: checks
Hero: bets $8.5
46c1765d: calls $8.5
*** RIVER *** [As Tc Qd 2h] [Kh]
46c1765d: checks
Hero: checks
46c1765d: shows [Ks 3d]
Hero: shows [Ad 9c]
*** SHOWDOWN ***
Hero collected $34 from pot
*** SUMMARY ***
Total pot $34
Board [As Tc Qd 2h Kh]
Seat 6: 96d4c69c folded before Flop (didn't bet)
Seat 3: 8180aa36(big blind) folded before Flop
Seat 4: 46c1765d showed [Ks 3d] and lost with Pair of Kings
Seat 1: bafc1d49 folded before Flop (didn't bet)
Seat 5: Hero showed [Ad 9c] and won ($34) with Pair of Aces
Seat 2: ee0fb4e9(small blind) folded before Flop



Poker Hand #ring_836368229: NLH No Limit ($1/$2) - 2025/04/22 12:24:14
Table 'MR NLH 1/2' 7-max Seat #6 is the button
Seat 6: 96d4c69c ($284.75 in chips)
Seat 3: 8180aa36 ($557.65 in chips)
Seat 4: 46c1765d ($612.57 in chips)
Seat 1: bafc1d49 ($469.03 in chips)
Seat 5: Hero ($44.73 in chips)
Seat 2: ee0fb4e9 ($397 in chips)
bafc1d49: posts small blind $1
ee0fb4e9: posts big blind $2
*** HOLE CARDS ***
Dealt to 96d4c69c 
Dealt to 8180aa36 
Dealt to 46c1765d 
Dealt to bafc1d49 
Dealt to Hero [9h Ks]
Dealt to ee0fb4e9 
8180aa36: folds
46c1765d: calls $2
Hero: folds
96d4c69c: raises $7 to $9
bafc1d49: folds
ee0fb4e9: folds
46c1765d: calls $7
*** FLOP *** [Td 8h Jd]
46c1765d: bets $15.75
96d4c69c: calls $15.75
*** TURN *** [Td 8h Jd] [Ts]
46c1765d: bets $17.33
96d4c69c: calls $17.33
*** RIVER *** [Td 8h Jd Ts] [5h]
46c1765d: bets $43.58
96d4c69c: calls $43.58
46c1765d: shows [Ad Jc]
96d4c69c: shows [Ah Js]
*** SHOWDOWN ***
46c1765d collected $87.16 from pot
96d4c69c collected $87.16 from pot
*** SUMMARY ***
Total pot $174.32
Board [Td 8h Jd Ts 5h]
Seat 6: 96d4c69c showed [Ah Js] and won ($87.16) with Pair of Jacks and Pair of Tens
Seat 3: 8180aa36 folded before Flop (didn't bet)
Seat 4: 46c1765d showed [Ad Jc] and won ($87.16) with Pair of Jacks and Pair of Tens
Seat 1: bafc1d49(small blind) folded before Flop
Seat 5: Hero folded before Flop (didn't bet)
Seat 2: ee0fb4e9(big blind) folded before Flop



Poker Hand #ring_836366645: NLH No Limit ($1/$2) - 2025/04/22 12:22:36
Table 'MR NLH 1/2' 7-max Seat #5 is the button
Seat 6: 96d4c69c ($285.75 in chips)
Seat 3: 8180aa36 ($562.65 in chips)
Seat 4: 46c1765d ($474.09 in chips)
Seat 1: bafc1d49 ($471.03 in chips)
Seat 5: Hero ($189.05 in chips)
Seat 2: ee0fb4e9 ($397 in chips)
96d4c69c: posts small blind $1
bafc1d49: posts big blind $2
*** HOLE CARDS ***
Dealt to 96d4c69c 
Dealt to 8180aa36 
Dealt to 46c1765d 
Dealt to bafc1d49 
Dealt to Hero [5c 6s]
Dealt to ee0fb4e9 
ee0fb4e9: folds
8180aa36: raises $3 to $5
46c1765d: calls $5
Hero: calls $5
96d4c69c: folds
bafc1d49: folds
*** FLOP *** [4c 2c Jd]
8180aa36: checks
46c1765d: bets $13.5
Hero: calls $13.5
8180aa36: folds
*** TURN *** [4c 2c Jd] [Qh]
46c1765d: bets $22.5
Hero: raises $47.7 to $70.2
46c1765d: calls $47.7
*** RIVER *** [4c 2c Jd Qh] [8s]
46c1765d: checks
Hero: bets $55.62
46c1765d: calls $55.62
46c1765d: shows [As Js]
Hero: shows [5c 6s]
*** SHOWDOWN ***
46c1765d collected $296.64 from pot
*** SUMMARY ***
Total pot $296.64
Board [4c 2c Jd Qh 8s]
Seat 6: 96d4c69c(small blind) folded before Flop
Seat 3: 8180aa36 folded on the Flop
Seat 4: 46c1765d showed [As Js] and won ($296.64) with Pair of Jacks
Seat 1: bafc1d49(big blind) folded before Flop
Seat 5: Hero showed [5c 6s] and lost with Queen-High
Seat 2: ee0fb4e9 folded before Flop (didn't bet)



Poker Hand #ring_836365651: NLH No Limit ($1/$2) - 2025/04/22 12:21:32
Table 'MR NLH 1/2' 7-max Seat #4 is the button
Seat 6: 96d4c69c ($287.75 in chips)
Seat 3: 8180aa36 ($562.65 in chips)
Seat 4: 46c1765d ($481.09 in chips)
Seat 1: bafc1d49 ($471.03 in chips)
Seat 5: Hero ($180.77 in chips)
Seat 2: ee0fb4e9 ($397 in chips)
Hero: posts small blind $1
96d4c69c: posts big blind $2
*** HOLE CARDS ***
Dealt to 96d4c69c 
Dealt to 8180aa36 
Dealt to 46c1765d 
Dealt to bafc1d49 
Dealt to Hero [Td Kd]
Dealt to ee0fb4e9 
bafc1d49: folds
ee0fb4e9: folds
8180aa36: folds
46c1765d: calls $2
Hero: raises $5 to $7
96d4c69c: folds
46c1765d: calls $5
*** FLOP *** [Qh 3s 4h]
Hero: checks
46c1765d: checks
*** TURN *** [Qh 3s 4h] [2s]
Hero: bets $4.8
46c1765d: folds
Uncalled bet ($4.8) returned to Hero
*** SHOWDOWN ***
Hero collected $16 from pot
*** SUMMARY ***
Total pot $16
Board [Qh 3s 4h 2s]
Seat 6: 96d4c69c(big blind) folded before Flop
Seat 3: 8180aa36 folded before Flop (didn't bet)
Seat 4: 46c1765d folded on the Turn
Seat 1: bafc1d49 folded before Flop (didn't bet)
Seat 5: Hero(small blind)won ($16) with King-High
Seat 2: ee0fb4e9 folded before Flop (didn't bet)



Poker Hand #ring_836364844: NLH No Limit ($1/$2) - 2025/04/22 12:20:40
Table 'MR NLH 1/2' 7-max Seat #3 is the button
Seat 6: 96d4c69c ($287.75 in chips)
Seat 3: 8180aa36 ($575.15 in chips)
Seat 4: 46c1765d ($465.44 in chips)
Seat 1: bafc1d49 ($471.03 in chips)
Seat 5: Hero ($185.77 in chips)
Seat 2: ee0fb4e9 ($397 in chips)
46c1765d: posts small blind $1
Hero: posts big blind $2
*** HOLE CARDS ***
Dealt to 96d4c69c 
Dealt to 8180aa36 
Dealt to 46c1765d 
Dealt to bafc1d49 
Dealt to Hero [Qc Js]
Dealt to ee0fb4e9 
96d4c69c: folds
bafc1d49: folds
ee0fb4e9: folds
8180aa36: raises $3 to $5
46c1765d: calls $4
Hero: calls $3
*** FLOP *** [Th Qh Ah]
46c1765d: checks
Hero: checks
8180aa36: bets $7.5
46c1765d: calls $7.5
Hero: folds
*** TURN *** [Th Qh Ah] [7h]
46c1765d: checks
8180aa36: checks
*** RIVER *** [Th Qh Ah 7h] [Jc]
46c1765d: bets $22.5
8180aa36: folds
Uncalled bet ($22.5) returned to 46c1765d
46c1765d: shows [9h]
*** SHOWDOWN ***
46c1765d collected $30 from pot
*** SUMMARY ***
Total pot $30
Board [Th Qh Ah 7h Jc]
Seat 6: 96d4c69c folded before Flop (didn't bet)
Seat 3: 8180aa36 folded on the River
Seat 4: 46c1765d(small blind) showed [9h] and won ($30) with Ace High Flush
Seat 1: bafc1d49 folded before Flop (didn't bet)
Seat 5: Hero(big blind) folded on the Flop
Seat 2: ee0fb4e9 folded before Flop (didn't bet)



Poker Hand #ring_836364307: NLH No Limit ($1/$2) - 2025/04/22 12:20:07
Table 'MR NLH 1/2' 7-max Seat #2 is the button
Seat 6: 96d4c69c ($287.75 in chips)
Seat 3: 8180aa36 ($576.15 in chips)
Seat 4: 46c1765d ($464.44 in chips)
Seat 1: bafc1d49 ($471.03 in chips)
Seat 5: Hero ($185.77 in chips)
Seat 2: ee0fb4e9 ($397 in chips)
8180aa36: posts small blind $1
46c1765d: posts big blind $2
*** HOLE CARDS ***
Dealt to 96d4c69c 
Dealt to 8180aa36 
Dealt to 46c1765d 
Dealt to bafc1d49 
Dealt to Hero [9d 6s]
Dealt to ee0fb4e9 
Hero: folds
96d4c69c: folds
bafc1d49: folds
ee0fb4e9: folds
8180aa36: folds
*** SHOWDOWN ***
46c1765d collected $3 from pot
*** SUMMARY ***
Total pot $3
Seat 6: 96d4c69c folded before Flop (didn't bet)
Seat 3: 8180aa36(small blind) folded before Flop
Seat 4: 46c1765d(big blind)won ($3)
Seat 1: bafc1d49 folded before Flop (didn't bet)
Seat 5: Hero folded before Flop (didn't bet)
Seat 2: ee0fb4e9 folded before Flop (didn't bet)



Poker Hand #ring_836363572: NLH No Limit ($1/$2) - 2025/04/22 12:19:20
Table 'MR NLH 1/2' 7-max Seat #1 is the button
Seat 6: 96d4c69c ($287.75 in chips)
Seat 3: 8180aa36 ($555.67 in chips)
Seat 4: 46c1765d ($486.44 in chips)
Seat 1: bafc1d49 ($471.03 in chips)
Seat 5: Hero ($185.77 in chips)
Seat 2: ee0fb4e9 ($398 in chips)
ee0fb4e9: posts small blind $1
8180aa36: posts big blind $2
*** HOLE CARDS ***
Dealt to 96d4c69c 
Dealt to 8180aa36 
Dealt to 46c1765d 
Dealt to bafc1d49 
Dealt to Hero [6s 3h]
Dealt to ee0fb4e9 
46c1765d: calls $2
Hero: folds
96d4c69c: folds
bafc1d49: folds
ee0fb4e9: folds
8180aa36: checks
*** FLOP *** [5c 4s 5h]
8180aa36: checks
46c1765d: bets $5
8180aa36: calls $5
*** TURN *** [5c 4s 5h] [Js]
8180aa36: checks
46c1765d: bets $15
8180aa36: calls $15
*** RIVER *** [5c 4s 5h Js] [5s]
8180aa36: checks
46c1765d: checks
8180aa36: shows [5d Kc]
46c1765d: shows [8s 2s]
*** SHOWDOWN ***
8180aa36 collected $45 from pot
*** SUMMARY ***
Total pot $45
Board [5c 4s 5h Js 5s]
Seat 6: 96d4c69c folded before Flop (didn't bet)
Seat 3: 8180aa36(big blind) showed [5d Kc] and won ($45) with Four Fives
Seat 4: 46c1765d showed [8s 2s] and lost with Jack High Flush
Seat 1: bafc1d49 folded before Flop (didn't bet)
Seat 5: Hero folded before Flop (didn't bet)
Seat 2: ee0fb4e9(small blind) folded before Flop



Poker Hand #ring_836362984: NLH No Limit ($1/$2) - 2025/04/22 12:18:44
Table 'MR NLH 1/2' 7-max Seat #7 is the button
Seat 6: 96d4c69c ($287.75 in chips)
Seat 7: 551f77f5 ($204.99 in chips)
Seat 3: 8180aa36 ($555.67 in chips)
Seat 4: 46c1765d ($483.66 in chips)
Seat 1: bafc1d49 ($472.03 in chips)
Seat 5: Hero ($185.77 in chips)
Seat 2: ee0fb4e9 ($400 in chips)
bafc1d49: posts small blind $1
ee0fb4e9: posts big blind $2
*** HOLE CARDS ***
Dealt to 96d4c69c 
Dealt to 551f77f5 
Dealt to 8180aa36 
Dealt to 46c1765d 
Dealt to bafc1d49 
Dealt to Hero [Ks 7c]
Dealt to ee0fb4e9 
8180aa36: folds
46c1765d: calls $2
Hero: folds
96d4c69c: folds
551f77f5: folds
bafc1d49: folds
ee0fb4e9: checks
*** FLOP *** [8c Ah 9d]
ee0fb4e9: checks
46c1765d: checks
*** TURN *** [8c Ah 9d] [6d]
ee0fb4e9: checks
46c1765d: checks
*** RIVER *** [8c Ah 9d 6d] [Kd]
ee0fb4e9: checks
46c1765d: bets $5
ee0fb4e9: folds
Uncalled bet ($5) returned to 46c1765d
*** SHOWDOWN ***
46c1765d collected $5 from pot
*** SUMMARY ***
Total pot $5
Board [8c Ah 9d 6d Kd]
Seat 6: 96d4c69c folded before Flop (didn't bet)
Seat 7: 551f77f5 folded before Flop (didn't bet)
Seat 3: 8180aa36 folded before Flop (didn't bet)
Seat 4: 46c1765dwon ($5) with Pair of Kings
Seat 1: bafc1d49(small blind) folded before Flop
Seat 5: Hero folded before Flop (didn't bet)
Seat 2: ee0fb4e9(big blind) folded on the River



Poker Hand #ring_836361778: NLH No Limit ($1/$2) - 2025/04/22 12:17:25
Table 'MR NLH 1/2' 7-max Seat #6 is the button
Seat 6: 96d4c69c ($287.75 in chips)
Seat 7: 551f77f5 ($381.59 in chips)
Seat 3: 8180aa36 ($384 in chips)
Seat 4: 46c1765d ($488.66 in chips)
Seat 1: bafc1d49 ($474.03 in chips)
Seat 5: Hero ($190.77 in chips)
551f77f5: posts small blind $1
bafc1d49: posts big blind $2
*** HOLE CARDS ***
Dealt to 96d4c69c 
Dealt to 551f77f5 
Dealt to 8180aa36 
Dealt to 46c1765d 
Dealt to bafc1d49 
Dealt to Hero [9s Qs]
8180aa36: raises $3 to $5
46c1765d: calls $5
Hero: calls $5
96d4c69c: folds
551f77f5: raises $16.5 to $21.5
bafc1d49: folds
8180aa36: raises $27.5 to $49
46c1765d: folds
Hero: folds
551f77f5: calls $27.5
*** FLOP *** [6d 4s Kd]
551f77f5: checks
8180aa36: bets $36.3
551f77f5: calls $36.3
*** TURN *** [6d 4s Kd] [Qc]
551f77f5: checks
8180aa36: bets $91.3
551f77f5: calls $91.3
*** RIVER *** [6d 4s Kd Qc] [9d]
551f77f5: checks
8180aa36: bets $207.4 and is all-in
551f77f5: folds
Uncalled bet ($207.4) returned to 8180aa36
*** SHOWDOWN ***
8180aa36 collected $365.2 from pot
*** SUMMARY ***
Total pot $365.2
Board [6d 4s Kd Qc 9d]
Seat 6: 96d4c69c folded before Flop (didn't bet)
Seat 7: 551f77f5(small blind) folded on the River
Seat 3: 8180aa36won ($365.2) with Pair of Kings
Seat 4: 46c1765d folded before Flop
Seat 1: bafc1d49(big blind) folded before Flop
Seat 5: Hero folded before Flop



Poker Hand #ring_836361256: NLH No Limit ($1/$2) - 2025/04/22 12:16:51
Table 'MR NLH 1/2' 7-max Seat #5 is the button
Seat 6: 96d4c69c ($284.02 in chips)
Seat 7: 551f77f5 ($383.59 in chips)
Seat 3: 8180aa36 ($384 in chips)
Seat 4: 46c1765d ($490.66 in chips)
Seat 1: bafc1d49 ($474.03 in chips)
Seat 5: Hero ($190.77 in chips)
96d4c69c: posts small blind $1
551f77f5: posts big blind $2
*** HOLE CARDS ***
Dealt to 96d4c69c 
Dealt to 551f77f5 
Dealt to 8180aa36 
Dealt to 46c1765d 
Dealt to bafc1d49 
Dealt to Hero [Kh 6c]
bafc1d49: folds
8180aa36: folds
46c1765d: calls $2
Hero: folds
96d4c69c: calls $1
551f77f5: checks
*** FLOP *** [As Kd 4d]
96d4c69c: bets $4.5
551f77f5: folds
46c1765d: folds
Uncalled bet ($4.5) returned to 96d4c69c
*** SHOWDOWN ***
96d4c69c collected $6 from pot
*** SUMMARY ***
Total pot $6
Board [As Kd 4d]
Seat 6: 96d4c69c(small blind)won ($6) with Ace-High
Seat 7: 551f77f5(big blind) folded on the Flop
Seat 3: 8180aa36 folded before Flop (didn't bet)
Seat 4: 46c1765d folded on the Flop
Seat 1: bafc1d49 folded before Flop (didn't bet)
Seat 5: Hero folded before Flop (didn't bet)



Poker Hand #ring_836360452: NLH No Limit ($1/$2) - 2025/04/22 12:16:01
Table 'MR NLH 1/2' 7-max Seat #4 is the button
Seat 6: 96d4c69c ($286.02 in chips)
Seat 7: 551f77f5 ($383.59 in chips)
Seat 3: 8180aa36 ($384 in chips)
Seat 4: 46c1765d ($501.27 in chips)
Seat 1: bafc1d49 ($458.18 in chips)
Seat 5: Hero ($195.77 in chips)
Hero: posts small blind $1
96d4c69c: posts big blind $2
*** HOLE CARDS ***
Dealt to 96d4c69c 
Dealt to 551f77f5 
Dealt to 8180aa36 
Dealt to 46c1765d 
Dealt to bafc1d49 
Dealt to Hero [9c 8c]
551f77f5: folds
bafc1d49: raises $3 to $5
8180aa36: folds
46c1765d: calls $5
Hero: calls $4
96d4c69c: folds
*** FLOP *** [7c Ah Kd]
Hero: checks
bafc1d49: bets $5.61
46c1765d: calls $5.61
Hero: folds
*** TURN *** [7c Ah Kd] [Ks]
bafc1d49: bets $14.11
46c1765d: folds
Uncalled bet ($14.11) returned to bafc1d49
*** SHOWDOWN ***
bafc1d49 collected $28.22 from pot
*** SUMMARY ***
Total pot $28.22
Board [7c Ah Kd Ks]
Seat 6: 96d4c69c(big blind) folded before Flop
Seat 7: 551f77f5 folded before Flop (didn't bet)
Seat 3: 8180aa36 folded before Flop (didn't bet)
Seat 4: 46c1765d folded on the Turn
Seat 1: bafc1d49won ($28.22) with Pair of Kings
Seat 5: Hero(small blind) folded on the Flop



Poker Hand #ring_836359435: NLH No Limit ($1/$2) - 2025/04/22 12:14:55
Table 'MR NLH 1/2' 7-max Seat #3 is the button
Seat 6: 96d4c69c ($286.02 in chips)
Seat 7: 551f77f5 ($383.59 in chips)
Seat 3: 8180aa36 ($384 in chips)
Seat 4: 46c1765d ($532.52 in chips)
Seat 1: bafc1d49 ($418.3 in chips)
Seat 5: Hero ($208.27 in chips)
46c1765d: posts small blind $1
Hero: posts big blind $2
*** HOLE CARDS ***
Dealt to 96d4c69c 
Dealt to 551f77f5 
Dealt to 8180aa36 
Dealt to 46c1765d 
Dealt to bafc1d49 
Dealt to Hero [8d Kc]
96d4c69c: folds
551f77f5: folds
bafc1d49: raises $3 to $5
8180aa36: folds
46c1765d: calls $4
Hero: calls $3
*** FLOP *** [Ad 8s Qc]
46c1765d: bets $7.5
Hero: calls $7.5
bafc1d49: raises $18.75 to $26.25
46c1765d: calls $18.75
Hero: folds
*** TURN *** [Ad 8s Qc] [3d]
46c1765d: checks
bafc1d49: bets $56.25
46c1765d: folds
Uncalled bet ($56.25) returned to bafc1d49
*** SHOWDOWN ***
bafc1d49 collected $75 from pot
*** SUMMARY ***
Total pot $75
Board [Ad 8s Qc 3d]
Seat 6: 96d4c69c folded before Flop (didn't bet)
Seat 7: 551f77f5 folded before Flop (didn't bet)
Seat 3: 8180aa36 folded before Flop (didn't bet)
Seat 4: 46c1765d(small blind) folded on the Turn
Seat 1: bafc1d49won ($75) with Pair of Aces
Seat 5: Hero(big blind) folded on the Flop



Poker Hand #ring_836358182: NLH No Limit ($1/$2) - 2025/04/22 12:13:36
Table 'MR NLH 1/2' 7-max Seat #2 is the button
Seat 6: 96d4c69c ($303.02 in chips)
Seat 7: 551f77f5 ($315.94 in chips)
Seat 2: a02bcc2c ($533 in chips)
Seat 3: 8180aa36 ($385 in chips)
Seat 4: 46c1765d ($588.52 in chips)
Seat 1: bafc1d49 ($418.3 in chips)
Seat 5: Hero ($208.27 in chips)
8180aa36: posts small blind $1
46c1765d: posts big blind $2
*** HOLE CARDS ***
Dealt to 96d4c69c 
Dealt to 551f77f5 
Dealt to a02bcc2c 
Dealt to 8180aa36 
Dealt to 46c1765d 
Dealt to bafc1d49 
Dealt to Hero [6s 4h]
Hero: folds
96d4c69c: raises $3 to $5
551f77f5: calls $5
bafc1d49: folds
a02bcc2c: folds
8180aa36: folds
46c1765d: calls $3
*** FLOP *** [4s 2c 5h]
46c1765d: bets $12
96d4c69c: calls $12
551f77f5: raises $39 to $51
46c1765d: calls $39
96d4c69c: folds
*** TURN *** [4s 2c 5h] [Td]
46c1765d: checks
551f77f5: bets $130
46c1765d: folds
Uncalled bet ($130) returned to 551f77f5
*** SHOWDOWN ***
551f77f5 collected $130 from pot
*** SUMMARY ***
Total pot $130
Board [4s 2c 5h Td]
Seat 6: 96d4c69c folded on the Flop
Seat 7: 551f77f5won ($130) with Three Twos
Seat 2: a02bcc2c folded before Flop (didn't bet)
Seat 3: 8180aa36(small blind) folded before Flop
Seat 4: 46c1765d(big blind) folded on the Turn
Seat 1: bafc1d49 folded before Flop (didn't bet)
Seat 5: Hero folded before Flop (didn't bet)



Poker Hand #ring_836356400: NLH No Limit ($1/$2) - 2025/04/22 12:11:42
Table 'MR NLH 1/2' 7-max Seat #1 is the button
Seat 6: 96d4c69c ($303.02 in chips)
Seat 7: 551f77f5 ($344.94 in chips)
Seat 2: a02bcc2c ($534 in chips)
Seat 3: 8180aa36 ($387 in chips)
Seat 4: 46c1765d ($532.07 in chips)
Seat 1: bafc1d49 ($418.3 in chips)
Seat 5: Hero ($237.27 in chips)
a02bcc2c: posts small blind $1
8180aa36: posts big blind $2
*** HOLE CARDS ***
Dealt to 96d4c69c 
Dealt to 551f77f5 
Dealt to a02bcc2c 
Dealt to 8180aa36 
Dealt to 46c1765d 
Dealt to bafc1d49 
Dealt to Hero [8h Kh]
46c1765d: calls $2
Hero: calls $2
96d4c69c: folds
551f77f5: raises $9 to $11
bafc1d49: folds
a02bcc2c: folds
8180aa36: folds
46c1765d: calls $9
Hero: calls $9
*** FLOP *** [Tc 2h 6c]
46c1765d: checks
Hero: bets $18
551f77f5: calls $18
46c1765d: calls $18
*** TURN *** [Tc 2h 6c] [5h]
46c1765d: bets $90
Hero: folds
551f77f5: folds
Uncalled bet ($90) returned to 46c1765d
*** SHOWDOWN ***
46c1765d collected $90 from pot
*** SUMMARY ***
Total pot $90
Board [Tc 2h 6c 5h]
Seat 6: 96d4c69c folded before Flop (didn't bet)
Seat 7: 551f77f5 folded on the Turn
Seat 2: a02bcc2c(small blind) folded before Flop
Seat 3: 8180aa36(big blind) folded before Flop
Seat 4: 46c1765dwon ($90) with Pair of Fives and Pair of Twos
Seat 1: bafc1d49 folded before Flop (didn't bet)
Seat 5: Hero folded on the Turn



Poker Hand #ring_836355617: NLH No Limit ($1/$2) - 2025/04/22 12:10:52
Table 'MR NLH 1/2' 7-max Seat #7 is the button
Seat 6: 96d4c69c ($303.02 in chips)
Seat 7: 551f77f5 ($324.83 in chips)
Seat 2: a02bcc2c ($536 in chips)
Seat 3: 8180aa36 ($387 in chips)
Seat 4: 46c1765d ($551.57 in chips)
Seat 1: bafc1d49 ($419.3 in chips)
Seat 5: Hero ($237.27 in chips)
bafc1d49: posts small blind $1
a02bcc2c: posts big blind $2
*** HOLE CARDS ***
Dealt to 96d4c69c 
Dealt to 551f77f5 
Dealt to a02bcc2c 
Dealt to 8180aa36 
Dealt to 46c1765d 
Dealt to bafc1d49 
Dealt to Hero [3h 9d]
8180aa36: folds
46c1765d: calls $2
Hero: folds
96d4c69c: folds
551f77f5: raises $7 to $9
bafc1d49: folds
a02bcc2c: folds
46c1765d: calls $7
*** FLOP *** [4h Qh Ks]
46c1765d: checks
551f77f5: checks
*** TURN *** [4h Qh Ks] [5s]
46c1765d: bets $10.5
551f77f5: calls $10.5
*** RIVER *** [4h Qh Ks 5s] [5d]
46c1765d: checks
551f77f5: bets $31.5
46c1765d: folds
Uncalled bet ($31.5) returned to 551f77f5
*** SHOWDOWN ***
551f77f5 collected $42 from pot
*** SUMMARY ***
Total pot $42
Board [4h Qh Ks 5s 5d]
Seat 6: 96d4c69c folded before Flop (didn't bet)
Seat 7: 551f77f5won ($42) with Pair of Fives
Seat 2: a02bcc2c(big blind) folded before Flop
Seat 3: 8180aa36 folded before Flop (didn't bet)
Seat 4: 46c1765d folded on the River
Seat 1: bafc1d49(small blind) folded before Flop
Seat 5: Hero folded before Flop (didn't bet)



Poker Hand #ring_836354861: NLH No Limit ($1/$2) - 2025/04/22 12:10:03
Table 'MR NLH 1/2' 7-max Seat #6 is the button
Seat 6: 96d4c69c ($303.02 in chips)
Seat 7: 551f77f5 ($313.59 in chips)
Seat 2: a02bcc2c ($536 in chips)
Seat 3: 8180aa36 ($392 in chips)
Seat 4: 46c1765d ($551.57 in chips)
Seat 1: bafc1d49 ($421.3 in chips)
Seat 5: Hero ($242.27 in chips)
551f77f5: posts small blind $1
bafc1d49: posts big blind $2
*** HOLE CARDS ***
Dealt to 96d4c69c 
Dealt to 551f77f5 
Dealt to a02bcc2c 
Dealt to 8180aa36 
Dealt to 46c1765d 
Dealt to bafc1d49 
Dealt to Hero [7c 6c]
a02bcc2c: folds
8180aa36: raises $3 to $5
46c1765d: folds
Hero: calls $5
96d4c69c: folds
551f77f5: calls $4
bafc1d49: folds
*** FLOP *** [Jd Qd Jc]
551f77f5: checks
8180aa36: checks
Hero: checks
*** TURN *** [Jd Qd Jc] [2h]
551f77f5: bets $12.75
8180aa36: folds
Hero: folds
Uncalled bet ($12.75) returned to 551f77f5
*** SHOWDOWN ***
551f77f5 collected $17 from pot
*** SUMMARY ***
Total pot $17
Board [Jd Qd Jc 2h]
Seat 6: 96d4c69c folded before Flop (didn't bet)
Seat 7: 551f77f5(small blind)won ($17) with Twos Full over Jacks
Seat 2: a02bcc2c folded before Flop (didn't bet)
Seat 3: 8180aa36 folded on the Turn
Seat 4: 46c1765d folded before Flop (didn't bet)
Seat 1: bafc1d49(big blind) folded before Flop
Seat 5: Hero folded on the Turn



Poker Hand #ring_836353992: NLH No Limit ($1/$2) - 2025/04/22 12:09:09
Table 'MR NLH 1/2' 7-max Seat #5 is the button
Seat 6: 96d4c69c ($304.02 in chips)
Seat 7: 551f77f5 ($315.59 in chips)
Seat 2: a02bcc2c ($571.85 in chips)
Seat 3: 8180aa36 ($392 in chips)
Seat 4: 46c1765d ($516.58 in chips)
Seat 1: bafc1d49 ($421.3 in chips)
Seat 5: Hero ($242.27 in chips)
96d4c69c: posts small blind $1
551f77f5: posts big blind $2
*** HOLE CARDS ***
Dealt to 96d4c69c 
Dealt to 551f77f5 
Dealt to a02bcc2c 
Dealt to 8180aa36 
Dealt to 46c1765d 
Dealt to bafc1d49 
Dealt to Hero [As 5c]
bafc1d49: folds
a02bcc2c: raises $4 to $6
8180aa36: folds
46c1765d: raises $15 to $21
Hero: folds
96d4c69c: folds
551f77f5: folds
a02bcc2c: calls $15
*** FLOP *** [Qh 9d Ah]
a02bcc2c: checks
46c1765d: checks
*** TURN *** [Qh 9d Ah] [Qc]
a02bcc2c: checks
46c1765d: checks
*** RIVER *** [Qh 9d Ah Qc] [Qs]
a02bcc2c: bets $14.85
46c1765d: calls $14.85
a02bcc2c: shows [Td Tc]
46c1765d: shows [Jc Jh]
*** SHOWDOWN ***
46c1765d collected $74.7 from pot
*** SUMMARY ***
Total pot $74.7
Board [Qh 9d Ah Qc Qs]
Seat 6: 96d4c69c(small blind) folded before Flop
Seat 7: 551f77f5(big blind) folded before Flop
Seat 2: a02bcc2c showed [Td Tc] and lost with Queens Full over Tens
Seat 3: 8180aa36 folded before Flop (didn't bet)
Seat 4: 46c1765d showed [Jc Jh] and won ($74.7) with Queens Full over Jacks
Seat 1: bafc1d49 folded before Flop (didn't bet)
Seat 5: Hero folded before Flop (didn't bet)



Poker Hand #ring_836353261: NLH No Limit ($1/$2) - 2025/04/22 12:08:25
Table 'MR NLH 1/2' 7-max Seat #4 is the button
Seat 6: 96d4c69c ($293.02 in chips)
Seat 7: 551f77f5 ($315.59 in chips)
Seat 2: a02bcc2c ($571.85 in chips)
Seat 3: 8180aa36 ($397 in chips)
Seat 4: 46c1765d ($521.58 in chips)
Seat 1: bafc1d49 ($421.3 in chips)
Seat 5: Hero ($243.27 in chips)
Hero: posts small blind $1
96d4c69c: posts big blind $2
*** HOLE CARDS ***
Dealt to 96d4c69c 
Dealt to 551f77f5 
Dealt to a02bcc2c 
Dealt to 8180aa36 
Dealt to 46c1765d 
Dealt to bafc1d49 
Dealt to Hero [4c Td]
551f77f5: folds
bafc1d49: folds
a02bcc2c: folds
8180aa36: raises $3 to $5
46c1765d: calls $5
Hero: folds
96d4c69c: raises $21 to $26
8180aa36: folds
46c1765d: folds
Uncalled bet ($21) returned to 96d4c69c
*** SHOWDOWN ***
96d4c69c collected $16 from pot
*** SUMMARY ***
Total pot $16
Seat 6: 96d4c69c(big blind)won ($16)
Seat 7: 551f77f5 folded before Flop (didn't bet)
Seat 2: a02bcc2c folded before Flop (didn't bet)
Seat 3: 8180aa36 folded before Flop
Seat 4: 46c1765d folded before Flop
Seat 1: bafc1d49 folded before Flop (didn't bet)
Seat 5: Hero(small blind) folded before Flop



Poker Hand #ring_836352249: NLH No Limit ($1/$2) - 2025/04/22 12:07:23
Table 'MR NLH 1/2' 7-max Seat #3 is the button
Seat 6: 96d4c69c ($293.02 in chips)
Seat 7: 551f77f5 ($315.59 in chips)
Seat 2: a02bcc2c ($555.75 in chips)
Seat 3: 8180aa36 ($397 in chips)
Seat 4: 46c1765d ($533.52 in chips)
Seat 1: bafc1d49 ($421.3 in chips)
Seat 5: Hero ($249.27 in chips)
46c1765d: posts small blind $1
Hero: posts big blind $2
*** HOLE CARDS ***
Dealt to 96d4c69c 
Dealt to 551f77f5 
Dealt to a02bcc2c 
Dealt to 8180aa36 
Dealt to 46c1765d 
Dealt to bafc1d49 
Dealt to Hero [7s Qs]
96d4c69c: folds
551f77f5: folds
bafc1d49: folds
a02bcc2c: raises $4 to $6
8180aa36: folds
46c1765d: calls $5
Hero: calls $4
*** FLOP *** [Kd 8c Jd]
46c1765d: checks
Hero: checks
a02bcc2c: bets $5.94
46c1765d: calls $5.94
Hero: folds
*** TURN *** [Kd 8c Jd] [4c]
46c1765d: checks
a02bcc2c: bets $8
46c1765d: folds
Uncalled bet ($8) returned to a02bcc2c
*** SHOWDOWN ***
a02bcc2c collected $29.88 from pot
*** SUMMARY ***
Total pot $29.88
Board [Kd 8c Jd 4c]
Seat 6: 96d4c69c folded before Flop (didn't bet)
Seat 7: 551f77f5 folded before Flop (didn't bet)
Seat 2: a02bcc2cwon ($29.88) with Pair of Jacks
Seat 3: 8180aa36 folded before Flop (didn't bet)
Seat 4: 46c1765d(small blind) folded on the Turn
Seat 1: bafc1d49 folded before Flop (didn't bet)
Seat 5: Hero(big blind) folded on the Flop



Poker Hand #ring_836351370: NLH No Limit ($1/$2) - 2025/04/22 12:06:28
Table 'MR NLH 1/2' 7-max Seat #2 is the button
Seat 6: 96d4c69c ($287.51 in chips)
Seat 7: 551f77f5 ($315.59 in chips)
Seat 2: a02bcc2c ($555.75 in chips)
Seat 3: 8180aa36 ($398 in chips)
Seat 4: 46c1765d ($538.52 in chips)
Seat 1: bafc1d49 ($421.3 in chips)
Seat 5: Hero ($249.27 in chips)
8180aa36: posts small blind $1
46c1765d: posts big blind $2
*** HOLE CARDS ***
Dealt to 96d4c69c 
Dealt to 551f77f5 
Dealt to a02bcc2c 
Dealt to 8180aa36 
Dealt to 46c1765d 
Dealt to bafc1d49 
Dealt to Hero [Qs Th]
Hero: folds
96d4c69c: raises $3 to $5
551f77f5: folds
bafc1d49: folds
a02bcc2c: folds
8180aa36: folds
46c1765d: calls $3
*** FLOP *** [2h Ts Qd]
46c1765d: checks
96d4c69c: bets $3.63
46c1765d: folds
Uncalled bet ($3.63) returned to 96d4c69c
*** SHOWDOWN ***
96d4c69c collected $11 from pot
*** SUMMARY ***
Total pot $11
Board [2h Ts Qd]
Seat 6: 96d4c69cwon ($11) with King-High
Seat 7: 551f77f5 folded before Flop (didn't bet)
Seat 2: a02bcc2c folded before Flop (didn't bet)
Seat 3: 8180aa36(small blind) folded before Flop
Seat 4: 46c1765d(big blind) folded on the Flop
Seat 1: bafc1d49 folded before Flop (didn't bet)
Seat 5: Hero folded before Flop (didn't bet)



Poker Hand #ring_836350780: NLH No Limit ($1/$2) - 2025/04/22 12:05:51
Table 'MR NLH 1/2' 7-max Seat #1 is the button
Seat 6: 96d4c69c ($287.51 in chips)
Seat 7: 551f77f5 ($312.59 in chips)
Seat 2: a02bcc2c ($556.75 in chips)
Seat 3: 8180aa36 ($400 in chips)
Seat 4: 46c1765d ($538.52 in chips)
Seat 1: bafc1d49 ($421.3 in chips)
Seat 5: Hero ($249.27 in chips)
a02bcc2c: posts small blind $1
8180aa36: posts big blind $2
*** HOLE CARDS ***
Dealt to 96d4c69c 
Dealt to 551f77f5 
Dealt to a02bcc2c 
Dealt to 8180aa36 
Dealt to 46c1765d 
Dealt to bafc1d49 
Dealt to Hero [2s 5d]
46c1765d: folds
Hero: folds
96d4c69c: folds
551f77f5: raises $4 to $6
bafc1d49: folds
a02bcc2c: folds
8180aa36: folds
Uncalled bet ($4) returned to 551f77f5
*** SHOWDOWN ***
551f77f5 collected $5 from pot
*** SUMMARY ***
Total pot $5
Seat 6: 96d4c69c folded before Flop (didn't bet)
Seat 7: 551f77f5won ($5)
Seat 2: a02bcc2c(small blind) folded before Flop
Seat 3: 8180aa36(big blind) folded before Flop
Seat 4: 46c1765d folded before Flop (didn't bet)
Seat 1: bafc1d49 folded before Flop (didn't bet)
Seat 5: Hero folded before Flop (didn't bet)



Poker Hand #ring_836349872: NLH No Limit ($1/$2) - 2025/04/22 12:04:52
Table 'MR NLH 1/2' 7-max Seat #7 is the button
Seat 6: 96d4c69c ($271.72 in chips)
Seat 7: 551f77f5 ($327.34 in chips)
Seat 2: a02bcc2c ($558.75 in chips)
Seat 4: 46c1765d ($538.52 in chips)
Seat 1: bafc1d49 ($422.3 in chips)
Seat 5: Hero ($249.27 in chips)
bafc1d49: posts small blind $1
a02bcc2c: posts big blind $2
*** HOLE CARDS ***
Dealt to 96d4c69c 
Dealt to 551f77f5 
Dealt to a02bcc2c 
Dealt to 46c1765d 
Dealt to bafc1d49 
Dealt to Hero [9h 4c]
46c1765d: folds
Hero: folds
96d4c69c: raises $3 to $5
551f77f5: calls $5
bafc1d49: folds
a02bcc2c: folds
*** FLOP *** [Ah Jc 4d]
96d4c69c: checks
551f77f5: bets $9.75
96d4c69c: calls $9.75
*** TURN *** [Ah Jc 4d] [3c]
96d4c69c: checks
551f77f5: checks
*** RIVER *** [Ah Jc 4d 3c] [Td]
96d4c69c: bets $32.5
551f77f5: folds
Uncalled bet ($32.5) returned to 96d4c69c
*** SHOWDOWN ***
96d4c69c collected $32.5 from pot
*** SUMMARY ***
Total pot $32.5
Board [Ah Jc 4d 3c Td]
Seat 6: 96d4c69cwon ($32.5) with Aces-High Straight
Seat 7: 551f77f5 folded on the River
Seat 2: a02bcc2c(big blind) folded before Flop
Seat 4: 46c1765d folded before Flop (didn't bet)
Seat 1: bafc1d49(small blind) folded before Flop
Seat 5: Hero folded before Flop (didn't bet)



Poker Hand #ring_836349062: NLH No Limit ($1/$2) - 2025/04/22 12:04:02
Table 'MR NLH 1/2' 7-max Seat #6 is the button
Seat 6: 96d4c69c ($271.72 in chips)
Seat 7: 551f77f5 ($328.34 in chips)
Seat 2: a02bcc2c ($558.75 in chips)
Seat 4: 46c1765d ($556.52 in chips)
Seat 1: bafc1d49 ($429.3 in chips)
Seat 5: Hero ($225.75 in chips)
551f77f5: posts small blind $1
bafc1d49: posts big blind $2
*** HOLE CARDS ***
Dealt to 96d4c69c 
Dealt to 551f77f5 
Dealt to a02bcc2c 
Dealt to 46c1765d 
Dealt to bafc1d49 
Dealt to Hero [Tc 9c]
a02bcc2c: folds
46c1765d: calls $2
Hero: raises $5 to $7
96d4c69c: folds
551f77f5: folds
bafc1d49: calls $5
46c1765d: calls $5
*** FLOP *** [4c 8d 9d]
bafc1d49: checks
46c1765d: checks
Hero: bets $11
bafc1d49: folds
46c1765d: calls $11
*** TURN *** [4c 8d 9d] [Qc]
46c1765d: checks
Hero: bets $29
46c1765d: folds
Uncalled bet ($29) returned to Hero
*** SHOWDOWN ***
Hero collected $44 from pot
*** SUMMARY ***
Total pot $44
Board [4c 8d 9d Qc]
Seat 6: 96d4c69c folded before Flop (didn't bet)
Seat 7: 551f77f5(small blind) folded before Flop
Seat 2: a02bcc2c folded before Flop (didn't bet)
Seat 4: 46c1765d folded on the Turn
Seat 1: bafc1d49(big blind) folded on the Flop
Seat 5: Herowon ($44) with Pair of Nines



Poker Hand #ring_836348296: NLH No Limit ($1/$2) - 2025/04/22 12:03:14
Table 'MR NLH 1/2' 7-max Seat #5 is the button
Seat 6: 96d4c69c ($261.12 in chips)
Seat 7: 551f77f5 ($330.34 in chips)
Seat 2: a02bcc2c ($558.75 in chips)
Seat 4: 46c1765d ($564.52 in chips)
Seat 1: bafc1d49 ($429.3 in chips)
Seat 5: Hero ($227.75 in chips)
96d4c69c: posts small blind $1
551f77f5: posts big blind $2
*** HOLE CARDS ***
Dealt to 96d4c69c 
Dealt to 551f77f5 
Dealt to a02bcc2c 
Dealt to 46c1765d 
Dealt to bafc1d49 
Dealt to Hero [Qd 7d]
bafc1d49: folds
a02bcc2c: folds
46c1765d: calls $2
Hero: calls $2
96d4c69c: calls $1
551f77f5: checks
*** FLOP *** [3c 8d 4s]
96d4c69c: bets $6
551f77f5: folds
46c1765d: calls $6
Hero: folds
*** TURN *** [3c 8d 4s] [Jc]
96d4c69c: checks
46c1765d: checks
*** RIVER *** [3c 8d 4s Jc] [4d]
96d4c69c: bets $15
46c1765d: folds
Uncalled bet ($15) returned to 96d4c69c
*** SHOWDOWN ***
96d4c69c collected $20 from pot
*** SUMMARY ***
Total pot $20
Board [3c 8d 4s Jc 4d]
Seat 6: 96d4c69c(small blind)won ($20) with Pair of Eights and Pair of Fours
Seat 7: 551f77f5(big blind) folded on the Flop
Seat 2: a02bcc2c folded before Flop (didn't bet)
Seat 4: 46c1765d folded on the River
Seat 1: bafc1d49 folded before Flop (didn't bet)
Seat 5: Hero folded on the Flop



Poker Hand #ring_836347634: NLH No Limit ($1/$2) - 2025/04/22 12:02:33
Table 'MR NLH 1/2' 7-max Seat #4 is the button
Seat 6: 96d4c69c ($263.12 in chips)
Seat 7: 551f77f5 ($330.34 in chips)
Seat 2: a02bcc2c ($558.75 in chips)
Seat 4: 46c1765d ($560.79 in chips)
Seat 1: bafc1d49 ($429.3 in chips)
Seat 5: Hero ($229.75 in chips)
Hero: posts small blind $1
96d4c69c: posts big blind $2
*** HOLE CARDS ***
Dealt to 96d4c69c 
Dealt to 551f77f5 
Dealt to a02bcc2c 
Dealt to 46c1765d 
Dealt to bafc1d49 
Dealt to Hero [9c Ks]
551f77f5: folds
bafc1d49: folds
a02bcc2c: folds
46c1765d: calls $2
Hero: calls $1
96d4c69c: checks
*** FLOP *** [Js Qh Qd]
Hero: checks
96d4c69c: checks
46c1765d: bets $6
Hero: folds
96d4c69c: folds
Uncalled bet ($6) returned to 46c1765d
*** SHOWDOWN ***
46c1765d collected $6 from pot
*** SUMMARY ***
Total pot $6
Board [Js Qh Qd]
Seat 6: 96d4c69c(big blind) folded on the Flop
Seat 7: 551f77f5 folded before Flop (didn't bet)
Seat 2: a02bcc2c folded before Flop (didn't bet)
Seat 4: 46c1765dwon ($6) with Pair of Queens and Pair of Jacks
Seat 1: bafc1d49 folded before Flop (didn't bet)
Seat 5: Hero(small blind) folded on the Flop



Poker Hand #ring_836347049: NLH No Limit ($1/$2) - 2025/04/22 12:01:56
Table 'MR NLH 1/2' 7-max Seat #0 is the button
Seat 6: 96d4c69c ($268.12 in chips)
Seat 7: 551f77f5 ($330.34 in chips)
Seat 2: a02bcc2c ($558.75 in chips)
Seat 4: 46c1765d ($554.33 in chips)
Seat 1: bafc1d49 ($429.3 in chips)
Seat 5: Hero ($231.75 in chips)
46c1765d: posts small blind $1
Hero: posts big blind $2
*** HOLE CARDS ***
Dealt to 96d4c69c 
Dealt to 551f77f5 
Dealt to a02bcc2c 
Dealt to 46c1765d 
Dealt to bafc1d49 
Dealt to Hero [3c 2h]
96d4c69c: raises $3 to $5
551f77f5: folds
bafc1d49: folds
a02bcc2c: folds
46c1765d: calls $4
Hero: folds
*** FLOP *** [8c 9c 6d]
46c1765d: checks
96d4c69c: checks
*** TURN *** [8c 9c 6d] [2d]
46c1765d: checks
96d4c69c: checks
*** RIVER *** [8c 9c 6d 2d] [7h]
46c1765d: bets $9
96d4c69c: folds
Uncalled bet ($9) returned to 46c1765d
*** SHOWDOWN ***
46c1765d collected $12 from pot
*** SUMMARY ***
Total pot $12
Board [8c 9c 6d 2d 7h]
Seat 6: 96d4c69c folded on the River
Seat 7: 551f77f5 folded before Flop (didn't bet)
Seat 2: a02bcc2c folded before Flop (didn't bet)
Seat 4: 46c1765d(small blind)won ($12) with Nines-High Straight
Seat 1: bafc1d49 folded before Flop (didn't bet)
Seat 5: Hero(big blind) folded before Flop



Poker Hand #ring_836346358: NLH No Limit ($1/$2) - 2025/04/22 12:01:13
Table 'MR NLH 1/2' 7-max Seat #2 is the button
Seat 6: 96d4c69c ($268.12 in chips)
Seat 7: 551f77f5 ($330.34 in chips)
Seat 2: a02bcc2c ($553.29 in chips)
Seat 4: 46c1765d ($560.33 in chips)
Seat 1: bafc1d49 ($429.3 in chips)
Seat 5: Hero ($231.75 in chips)
46c1765d: posts big blind $2
*** HOLE CARDS ***
Dealt to 96d4c69c 
Dealt to 551f77f5 
Dealt to a02bcc2c 
Dealt to 46c1765d 
Dealt to bafc1d49 
Dealt to Hero [Qs 2d]
Hero: folds
96d4c69c: folds
551f77f5: folds
bafc1d49: folds
a02bcc2c: raises $4 to $6
46c1765d: calls $4
*** FLOP *** [2c Ad Ah]
46c1765d: checks
a02bcc2c: bets $3.96
46c1765d: folds
Uncalled bet ($3.96) returned to a02bcc2c
*** SHOWDOWN ***
a02bcc2c collected $12 from pot
*** SUMMARY ***
Total pot $12
Board [2c Ad Ah]
Seat 6: 96d4c69c folded before Flop (didn't bet)
Seat 7: 551f77f5 folded before Flop (didn't bet)
Seat 2: a02bcc2cwon ($12) with Pair of Aces
Seat 4: 46c1765d(big blind) folded on the Flop
Seat 1: bafc1d49 folded before Flop (didn't bet)
Seat 5: Hero folded before Flop (didn't bet)



Poker Hand #ring_836345949: NLH No Limit ($1/$2) - 2025/04/22 12:00:48
Table 'MR NLH 1/2' 7-max Seat #1 is the button
Seat 6: 96d4c69c ($268.12 in chips)
Seat 7: 551f77f5 ($330.34 in chips)
Seat 2: a02bcc2c ($554.29 in chips)
Seat 3: 92925a8c ($605.43 in chips)
Seat 4: 46c1765d ($560.33 in chips)
Seat 1: bafc1d49 ($429.3 in chips)
Seat 5: Hero ($228.75 in chips)
a02bcc2c: posts small blind $1
92925a8c: posts big blind $2
*** HOLE CARDS ***
Dealt to 96d4c69c 
Dealt to 551f77f5 
Dealt to a02bcc2c 
Dealt to 92925a8c 
Dealt to 46c1765d 
Dealt to bafc1d49 
Dealt to Hero [7h 5h]
46c1765d: folds
Hero: raises $4 to $6
96d4c69c: folds
551f77f5: folds
bafc1d49: folds
a02bcc2c: folds
92925a8c: folds
Uncalled bet ($4) returned to Hero
*** SHOWDOWN ***
Hero collected $5 from pot
*** SUMMARY ***
Total pot $5
Seat 6: 96d4c69c folded before Flop (didn't bet)
Seat 7: 551f77f5 folded before Flop (didn't bet)
Seat 2: a02bcc2c(small blind) folded before Flop
Seat 3: 92925a8c(big blind) folded before Flop
Seat 4: 46c1765d folded before Flop (didn't bet)
Seat 1: bafc1d49 folded before Flop (didn't bet)
Seat 5: Herowon ($5)



Poker Hand #ring_836344359: NLH No Limit ($1/$2) - 2025/04/22 11:59:06
Table 'MR NLH 1/2' 7-max Seat #7 is the button
Seat 6: 96d4c69c ($268.12 in chips)
Seat 7: 551f77f5 ($330.34 in chips)
Seat 2: a02bcc2c ($516.71 in chips)
Seat 3: 92925a8c ($611.43 in chips)
Seat 4: 46c1765d ($560.33 in chips)
Seat 1: bafc1d49 ($430.3 in chips)
Seat 5: Hero ($263.25 in chips)
bafc1d49: posts small blind $1
a02bcc2c: posts big blind $2
*** HOLE CARDS ***
Dealt to 96d4c69c 
Dealt to 551f77f5 
Dealt to a02bcc2c 
Dealt to 92925a8c 
Dealt to 46c1765d 
Dealt to bafc1d49 
Dealt to Hero [Tc Td]
92925a8c: raises $4 to $6
46c1765d: folds
Hero: calls $6
96d4c69c: folds
551f77f5: folds
bafc1d49: folds
a02bcc2c: calls $4
*** FLOP *** [2d 6s Jd]
a02bcc2c: checks
92925a8c: checks
Hero: bets $9.5
a02bcc2c: raises $19 to $28.5
92925a8c: folds
Hero: calls $19
*** TURN *** [2d 6s Jd] [9h]
a02bcc2c: checks
Hero: checks
*** RIVER *** [2d 6s Jd 9h] [9d]
a02bcc2c: bets $38
Hero: folds
Uncalled bet ($38) returned to a02bcc2c
*** SHOWDOWN ***
a02bcc2c collected $76 from pot
*** SUMMARY ***
Total pot $76
Board [2d 6s Jd 9h 9d]
Seat 6: 96d4c69c folded before Flop (didn't bet)
Seat 7: 551f77f5 folded before Flop (didn't bet)
Seat 2: a02bcc2c(big blind)won ($76) with Pair of Jacks and Pair of Nines
Seat 3: 92925a8c folded on the Flop
Seat 4: 46c1765d folded before Flop (didn't bet)
Seat 1: bafc1d49(small blind) folded before Flop
Seat 5: Hero folded on the River



Poker Hand #ring_836343561: NLH No Limit ($1/$2) - 2025/04/22 11:58:18
Table 'MR NLH 1/2' 7-max Seat #6 is the button
Seat 6: 96d4c69c ($268.12 in chips)
Seat 7: 551f77f5 ($331.34 in chips)
Seat 2: a02bcc2c ($516.71 in chips)
Seat 3: 92925a8c ($617.43 in chips)
Seat 4: 46c1765d ($548.18 in chips)
Seat 1: bafc1d49 ($436.3 in chips)
Seat 5: Hero ($263.25 in chips)
551f77f5: posts small blind $1
bafc1d49: posts big blind $2
*** HOLE CARDS ***
Dealt to 96d4c69c 
Dealt to 551f77f5 
Dealt to a02bcc2c 
Dealt to 92925a8c 
Dealt to 46c1765d 
Dealt to bafc1d49 
Dealt to Hero [Kh 9s]
a02bcc2c: folds
92925a8c: raises $4 to $6
46c1765d: calls $6
Hero: folds
96d4c69c: folds
551f77f5: folds
bafc1d49: calls $4
*** FLOP *** [8c 9h 8s]
bafc1d49: checks
92925a8c: checks
46c1765d: checks
*** TURN *** [8c 9h 8s] [Tc]
bafc1d49: checks
92925a8c: checks
46c1765d: checks
*** RIVER *** [8c 9h 8s Tc] [9d]
bafc1d49: checks
92925a8c: checks
46c1765d: checks
bafc1d49: shows [2s 2c]
92925a8c: shows [4s 4c]
46c1765d: shows [As 5s]
*** SHOWDOWN ***
46c1765d collected $19 from pot
*** SUMMARY ***
Total pot $19
Board [8c 9h 8s Tc 9d]
Seat 6: 96d4c69c folded before Flop (didn't bet)
Seat 7: 551f77f5(small blind) folded before Flop
Seat 2: a02bcc2c folded before Flop (didn't bet)
Seat 3: 92925a8c showed [4s 4c] and lost with Pair of Nines and Pair of Eights
Seat 4: 46c1765d showed [As 5s] and won ($19) with Pair of Nines and Pair of Eights
Seat 1: bafc1d49(big blind) showed [2s 2c] and lost with Pair of Nines and Pair of Eights
Seat 5: Hero folded before Flop (didn't bet)



Poker Hand #ring_836342506: NLH No Limit ($1/$2) - 2025/04/22 11:57:12
Table 'MR NLH 1/2' 7-max Seat #5 is the button
Seat 6: 96d4c69c ($269.12 in chips)
Seat 7: 551f77f5 ($315.87 in chips)
Seat 2: a02bcc2c ($516.71 in chips)
Seat 3: 92925a8c ($617.43 in chips)
Seat 4: 46c1765d ($564.68 in chips)
Seat 1: bafc1d49 ($436.3 in chips)
Seat 5: Hero ($263.25 in chips)
96d4c69c: posts small blind $1
551f77f5: posts big blind $2
*** HOLE CARDS ***
Dealt to 96d4c69c 
Dealt to 551f77f5 
Dealt to a02bcc2c 
Dealt to 92925a8c 
Dealt to 46c1765d 
Dealt to bafc1d49 
Dealt to Hero [2s Tc]
bafc1d49: folds
a02bcc2c: folds
92925a8c: folds
46c1765d: calls $2
Hero: folds
96d4c69c: folds
551f77f5: raises $6 to $8
46c1765d: calls $6
*** FLOP *** [Jd 5s 7h]
551f77f5: bets $8.5
46c1765d: calls $8.5
*** TURN *** [Jd 5s 7h] [8c]
551f77f5: bets $17
46c1765d: folds
Uncalled bet ($17) returned to 551f77f5
*** SHOWDOWN ***
551f77f5 collected $34 from pot
*** SUMMARY ***
Total pot $34
Board [Jd 5s 7h 8c]
Seat 6: 96d4c69c(small blind) folded before Flop
Seat 7: 551f77f5(big blind)won ($34) with Ace-High
Seat 2: a02bcc2c folded before Flop (didn't bet)
Seat 3: 92925a8c folded before Flop (didn't bet)
Seat 4: 46c1765d folded on the Turn
Seat 1: bafc1d49 folded before Flop (didn't bet)
Seat 5: Hero folded before Flop (didn't bet)



Poker Hand #ring_836341803: NLH No Limit ($1/$2) - 2025/04/22 11:56:28
Table 'MR NLH 1/2' 7-max Seat #4 is the button
Seat 6: 96d4c69c ($271.12 in chips)
Seat 7: 551f77f5 ($329.37 in chips)
Seat 2: a02bcc2c ($516.71 in chips)
Seat 3: 92925a8c ($617.43 in chips)
Seat 4: 46c1765d ($550.03 in chips)
Seat 1: bafc1d49 ($436.3 in chips)
Seat 5: Hero ($264.25 in chips)
Hero: posts small blind $1
96d4c69c: posts big blind $2
*** HOLE CARDS ***
Dealt to 96d4c69c 
Dealt to 551f77f5 
Dealt to a02bcc2c 
Dealt to 92925a8c 
Dealt to 46c1765d 
Dealt to bafc1d49 
Dealt to Hero [6c 5s]
551f77f5: raises $4 to $6
bafc1d49: folds
a02bcc2c: folds
92925a8c: folds
46c1765d: calls $6
Hero: folds
96d4c69c: folds
*** FLOP *** [9d Tc Kc]
551f77f5: bets $7.5
46c1765d: calls $7.5
*** TURN *** [9d Tc Kc] [4d]
551f77f5: checks
46c1765d: checks
*** RIVER *** [9d Tc Kc 4d] [7h]
551f77f5: checks
46c1765d: checks
46c1765d: shows [3s Ks]
551f77f5: shows [As Qs]
*** SHOWDOWN ***
46c1765d collected $30 from pot
*** SUMMARY ***
Total pot $30
Board [9d Tc Kc 4d 7h]
Seat 6: 96d4c69c(big blind) folded before Flop
Seat 7: 551f77f5 showed [As Qs] and lost with Ace-High
Seat 2: a02bcc2c folded before Flop (didn't bet)
Seat 3: 92925a8c folded before Flop (didn't bet)
Seat 4: 46c1765d showed [3s Ks] and won ($30) with Pair of Kings
Seat 1: bafc1d49 folded before Flop (didn't bet)
Seat 5: Hero(small blind) folded before Flop



Poker Hand #ring_836340931: NLH No Limit ($1/$2) - 2025/04/22 11:55:33
Table 'MR NLH 1/2' 7-max Seat #3 is the button
Seat 6: 96d4c69c ($217.12 in chips)
Seat 7: 551f77f5 ($329.37 in chips)
Seat 2: a02bcc2c ($516.71 in chips)
Seat 3: 92925a8c ($617.43 in chips)
Seat 4: 46c1765d ($591.03 in chips)
Seat 1: bafc1d49 ($452.3 in chips)
Seat 5: Hero ($266.25 in chips)
46c1765d: posts small blind $1
Hero: posts big blind $2
*** HOLE CARDS ***
Dealt to 96d4c69c 
Dealt to 551f77f5 
Dealt to a02bcc2c 
Dealt to 92925a8c 
Dealt to 46c1765d 
Dealt to bafc1d49 
Dealt to Hero [5s 3s]
96d4c69c: raises $3 to $5
551f77f5: folds
bafc1d49: raises $11 to $16
a02bcc2c: folds
92925a8c: folds
46c1765d: calls $15
Hero: folds
96d4c69c: calls $11
*** FLOP *** [Th 3h 6d]
46c1765d: checks
96d4c69c: checks
bafc1d49: checks
*** TURN *** [Th 3h 6d] [Tc]
46c1765d: bets $25
96d4c69c: calls $25
bafc1d49: folds
*** RIVER *** [Th 3h 6d Tc] [Js]
46c1765d: checks
96d4c69c: checks
46c1765d: shows [3c 4h]
96d4c69c: shows [7d 7s]
*** SHOWDOWN ***
96d4c69c collected $100 from pot
*** SUMMARY ***
Total pot $100
Board [Th 3h 6d Tc Js]
Seat 6: 96d4c69c showed [7d 7s] and won ($100) with Pair of Tens and Pair of Sevens
Seat 7: 551f77f5 folded before Flop (didn't bet)
Seat 2: a02bcc2c folded before Flop (didn't bet)
Seat 3: 92925a8c folded before Flop (didn't bet)
Seat 4: 46c1765d(small blind) showed [3c 4h] and lost with Pair of Tens and Pair of Treys
Seat 1: bafc1d49 folded on the Turn
Seat 5: Hero(big blind) folded before Flop



Poker Hand #ring_836340265: NLH No Limit ($1/$2) - 2025/04/22 11:54:51
Table 'MR NLH 1/2' 7-max Seat #2 is the button
Seat 6: 96d4c69c ($231.87 in chips)
Seat 7: 551f77f5 ($313.58 in chips)
Seat 2: a02bcc2c ($516.71 in chips)
Seat 3: 92925a8c ($618.43 in chips)
Seat 4: 46c1765d ($593.03 in chips)
Seat 1: bafc1d49 ($452.3 in chips)
Seat 5: Hero ($266.25 in chips)
92925a8c: posts small blind $1
46c1765d: posts big blind $2
*** HOLE CARDS ***
Dealt to 96d4c69c 
Dealt to 551f77f5 
Dealt to a02bcc2c 
Dealt to 92925a8c 
Dealt to 46c1765d 
Dealt to bafc1d49 
Dealt to Hero [6s Ts]
Hero: folds
96d4c69c: raises $3 to $5
551f77f5: raises $9.75 to $14.75
bafc1d49: folds
a02bcc2c: folds
92925a8c: folds
46c1765d: folds
96d4c69c: calls $9.75
*** FLOP *** [6c As 5d]
96d4c69c: checks
551f77f5: bets $16.25
96d4c69c: folds
Uncalled bet ($16.25) returned to 551f77f5
*** SHOWDOWN ***
551f77f5 collected $32.5 from pot
*** SUMMARY ***
Total pot $32.5
Board [6c As 5d]
Seat 6: 96d4c69c folded on the Flop
Seat 7: 551f77f5won ($32.5) with Pair of Aces
Seat 2: a02bcc2c folded before Flop (didn't bet)
Seat 3: 92925a8c(small blind) folded before Flop
Seat 4: 46c1765d(big blind) folded before Flop
Seat 1: bafc1d49 folded before Flop (didn't bet)
Seat 5: Hero folded before Flop (didn't bet)



Poker Hand #ring_836339138: NLH No Limit ($1/$2) - 2025/04/22 11:53:38
Table 'MR NLH 1/2' 7-max Seat #1 is the button
Seat 6: 96d4c69c ($196 in chips)
Seat 7: 551f77f5 ($313.58 in chips)
Seat 2: a02bcc2c ($517.71 in chips)
Seat 3: 92925a8c ($620.43 in chips)
Seat 4: 46c1765d ($627.74 in chips)
Seat 1: bafc1d49 ($452.3 in chips)
Seat 5: Hero ($268.25 in chips)
a02bcc2c: posts small blind $1
92925a8c: posts big blind $2
*** HOLE CARDS ***
Dealt to 96d4c69c 
Dealt to 551f77f5 
Dealt to a02bcc2c 
Dealt to 92925a8c 
Dealt to 46c1765d 
Dealt to bafc1d49 
Dealt to Hero [5s 3s]
46c1765d: calls $2
Hero: calls $2
96d4c69c: raises $9 to $11
551f77f5: folds
bafc1d49: folds
a02bcc2c: folds
92925a8c: folds
46c1765d: calls $9
Hero: folds
*** FLOP *** [2c 5d Js]
46c1765d: bets $8.91
96d4c69c: calls $8.91
*** TURN *** [2c 5d Js] [Th]
46c1765d: bets $14.8
96d4c69c: calls $14.8
*** RIVER *** [2c 5d Js Th] [5h]
46c1765d: checks
96d4c69c: bets $24.56
46c1765d: folds
Uncalled bet ($24.56) returned to 96d4c69c
*** SHOWDOWN ***
96d4c69c collected $74.42 from pot
*** SUMMARY ***
Total pot $74.42
Board [2c 5d Js Th 5h]
Seat 6: 96d4c69cwon ($74.42) with Jacks Full over Fives
Seat 7: 551f77f5 folded before Flop (didn't bet)
Seat 2: a02bcc2c(small blind) folded before Flop
Seat 3: 92925a8c(big blind) folded before Flop
Seat 4: 46c1765d folded on the River
Seat 1: bafc1d49 folded before Flop (didn't bet)
Seat 5: Hero folded before Flop



Poker Hand #ring_836338234: NLH No Limit ($1/$2) - 2025/04/22 11:52:40
Table 'MR NLH 1/2' 7-max Seat #7 is the button
Seat 6: 96d4c69c ($196 in chips)
Seat 7: 551f77f5 ($340.58 in chips)
Seat 2: a02bcc2c ($519.71 in chips)
Seat 3: 92925a8c ($647.43 in chips)
Seat 4: 46c1765d ($549.23 in chips)
Seat 1: bafc1d49 ($453.3 in chips)
Seat 5: Hero ($295.25 in chips)
bafc1d49: posts small blind $1
a02bcc2c: posts big blind $2
*** HOLE CARDS ***
Dealt to 96d4c69c 
Dealt to 551f77f5 
Dealt to a02bcc2c 
Dealt to 92925a8c 
Dealt to 46c1765d 
Dealt to bafc1d49 
Dealt to Hero [Qd Qh]
92925a8c: raises $4 to $6
46c1765d: calls $6
Hero: raises $21 to $27
96d4c69c: folds
551f77f5: calls $27
bafc1d49: folds
a02bcc2c: folds
92925a8c: calls $21
46c1765d: calls $21
*** FLOP *** [Ad 9h 5h]
92925a8c: checks
46c1765d: checks
Hero: checks
551f77f5: checks
*** TURN *** [Ad 9h 5h] [9c]
92925a8c: checks
46c1765d: bets $111
Hero: folds
551f77f5: folds
92925a8c: folds
Uncalled bet ($111) returned to 46c1765d
*** SHOWDOWN ***
46c1765d collected $111 from pot
*** SUMMARY ***
Total pot $111
Board [Ad 9h 5h 9c]
Seat 6: 96d4c69c folded before Flop (didn't bet)
Seat 7: 551f77f5 folded on the Turn
Seat 2: a02bcc2c(big blind) folded before Flop
Seat 3: 92925a8c folded on the Turn
Seat 4: 46c1765dwon ($111) with Three Nines
Seat 1: bafc1d49(small blind) folded before Flop
Seat 5: Hero folded on the Turn



Poker Hand #ring_836336964: NLH No Limit ($1/$2) - 2025/04/22 11:51:19
Table 'MR NLH 1/2' 7-max Seat #6 is the button
Seat 6: 96d4c69c ($197 in chips)
Seat 7: 551f77f5 ($341.58 in chips)
Seat 2: a02bcc2c ($519.71 in chips)
Seat 3: 92925a8c ($600.33 in chips)
Seat 4: 46c1765d ($549.23 in chips)
Seat 1: bafc1d49 ($455.3 in chips)
Seat 5: Hero ($343.35 in chips)
551f77f5: posts small blind $1
bafc1d49: posts big blind $2
96d4c69c: posts big blind $0
96d4c69c: posts small blind $1
*** HOLE CARDS ***
Dealt to 96d4c69c 
Dealt to 551f77f5 
Dealt to a02bcc2c 
Dealt to 92925a8c 
Dealt to 46c1765d 
Dealt to bafc1d49 
Dealt to Hero [Qs As]
a02bcc2c: folds
92925a8c: raises $4 to $6
46c1765d: folds
Hero: raises $17.05 to $23.05
96d4c69c: folds
551f77f5: folds
bafc1d49: folds
92925a8c: calls $17.05
*** FLOP *** [3c 5d 9d]
92925a8c: checks
Hero: bets $25.05
92925a8c: calls $25.05
*** TURN *** [3c 5d 9d] [2h]
92925a8c: checks
Hero: checks
*** RIVER *** [3c 5d 9d 2h] [2d]
92925a8c: bets $50.1
Hero: folds
Uncalled bet ($50.1) returned to 92925a8c
*** SHOWDOWN ***
92925a8c collected $100.2 from pot
*** SUMMARY ***
Total pot $99.2
Board [3c 5d 9d 2h 2d]
Seat 6: 96d4c69c folded before Flop (didn't bet)
Seat 7: 551f77f5(small blind) folded before Flop
Seat 2: a02bcc2c folded before Flop (didn't bet)
Seat 3: 92925a8cwon ($100.2) with Sixes-High Straight
Seat 4: 46c1765d folded before Flop (didn't bet)
Seat 1: bafc1d49(big blind) folded before Flop
Seat 5: Hero folded on the River



Poker Hand #ring_836335577: NLH No Limit ($1/$2) - 2025/04/22 11:49:50
Table 'MR NLH 1/2' 7-max Seat #5 is the button
Seat 7: 551f77f5 ($215.58 in chips)
Seat 2: a02bcc2c ($519.71 in chips)
Seat 3: 92925a8c ($600.33 in chips)
Seat 4: 46c1765d ($549.23 in chips)
Seat 1: bafc1d49 ($455.3 in chips)
Seat 5: Hero ($283.79 in chips)
551f77f5: posts big blind $2
*** HOLE CARDS ***
Dealt to 551f77f5 
Dealt to a02bcc2c 
Dealt to 92925a8c 
Dealt to 46c1765d 
Dealt to bafc1d49 
Dealt to Hero [Ah Tc]
bafc1d49: folds
a02bcc2c: folds
92925a8c: folds
46c1765d: folds
Hero: raises $2.4 to $4.4
551f77f5: raises $8.8 to $13.2
Hero: calls $8.8
*** FLOP *** [2c Ac As]
551f77f5: bets $19.8
Hero: calls $19.8
*** TURN *** [2c Ac As] [Th]
551f77f5: bets $33
Hero: calls $33
*** RIVER *** [2c Ac As Th] [6d]
551f77f5: checks
Hero: bets $51
551f77f5: folds
Uncalled bet ($51) returned to Hero
*** SHOWDOWN ***
Hero collected $132 from pot
*** SUMMARY ***
Total pot $132
Board [2c Ac As Th 6d]
Seat 7: 551f77f5(big blind) folded on the River
Seat 2: a02bcc2c folded before Flop (didn't bet)
Seat 3: 92925a8c folded before Flop (didn't bet)
Seat 4: 46c1765d folded before Flop (didn't bet)
Seat 1: bafc1d49 folded before Flop (didn't bet)
Seat 5: Herowon ($132) with Aces Full over Tens



Poker Hand #ring_836334990: NLH No Limit ($1/$2) - 2025/04/22 11:49:15
Table 'MR NLH 1/2' 7-max Seat #4 is the button
Seat 6: 96d4c69c ($199 in chips)
Seat 7: 551f77f5 ($215.58 in chips)
Seat 2: a02bcc2c ($519.71 in chips)
Seat 3: 92925a8c ($600.33 in chips)
Seat 4: 46c1765d ($549.23 in chips)
Seat 1: bafc1d49 ($452.3 in chips)
Seat 5: Hero ($284.79 in chips)
Hero: posts small blind $1
96d4c69c: posts big blind $2
*** HOLE CARDS ***
Dealt to 96d4c69c 
Dealt to 551f77f5 
Dealt to a02bcc2c 
Dealt to 92925a8c 
Dealt to 46c1765d 
Dealt to bafc1d49 
Dealt to Hero [2s 4c]
551f77f5: folds
bafc1d49: raises $3 to $5
a02bcc2c: folds
92925a8c: folds
46c1765d: folds
Hero: folds
96d4c69c: folds
Uncalled bet ($3) returned to bafc1d49
*** SHOWDOWN ***
bafc1d49 collected $5 from pot
*** SUMMARY ***
Total pot $5
Seat 6: 96d4c69c(big blind) folded before Flop
Seat 7: 551f77f5 folded before Flop (didn't bet)
Seat 2: a02bcc2c folded before Flop (didn't bet)
Seat 3: 92925a8c folded before Flop (didn't bet)
Seat 4: 46c1765d folded before Flop (didn't bet)
Seat 1: bafc1d49won ($5)
Seat 5: Hero(small blind) folded before Flop



Poker Hand #ring_836334000: NLH No Limit ($1/$2) - 2025/04/22 11:48:12
Table 'MR NLH 1/2' 7-max Seat #3 is the button
Seat 6: 96d4c69c ($199 in chips)
Seat 7: 551f77f5 ($259.38 in chips)
Seat 2: a02bcc2c ($519.71 in chips)
Seat 3: 92925a8c ($606.33 in chips)
Seat 4: 46c1765d ($498.41 in chips)
Seat 1: bafc1d49 ($452.3 in chips)
Seat 5: Hero ($290.79 in chips)
46c1765d: posts small blind $1
Hero: posts big blind $2
*** HOLE CARDS ***
Dealt to 96d4c69c 
Dealt to 551f77f5 
Dealt to a02bcc2c 
Dealt to 92925a8c 
Dealt to 46c1765d 
Dealt to bafc1d49 
Dealt to Hero [Th 8c]
96d4c69c: folds
551f77f5: raises $4 to $6
bafc1d49: folds
a02bcc2c: folds
92925a8c: calls $6
46c1765d: calls $5
Hero: calls $4
*** FLOP *** [Jd 4s 3s]
46c1765d: bets $7.92
Hero: folds
551f77f5: calls $7.92
92925a8c: folds
*** TURN *** [Jd 4s 3s] [7d]
46c1765d: bets $29.88
551f77f5: calls $29.88
*** RIVER *** [Jd 4s 3s 7d] [Ks]
46c1765d: bets $99.6
551f77f5: folds
Uncalled bet ($99.6) returned to 46c1765d
*** SHOWDOWN ***
46c1765d collected $99.6 from pot
*** SUMMARY ***
Total pot $99.6
Board [Jd 4s 3s 7d Ks]
Seat 6: 96d4c69c folded before Flop (didn't bet)
Seat 7: 551f77f5 folded on the River
Seat 2: a02bcc2c folded before Flop (didn't bet)
Seat 3: 92925a8c folded on the Flop
Seat 4: 46c1765d(small blind)won ($99.6) with Sevens-High Straight
Seat 1: bafc1d49 folded before Flop (didn't bet)
Seat 5: Hero(big blind) folded on the Flop



Poker Hand #ring_836333344: NLH No Limit ($1/$2) - 2025/04/22 11:47:28
Table 'MR NLH 1/2' 7-max Seat #2 is the button
Seat 6: 96d4c69c ($199 in chips)
Seat 7: 551f77f5 ($259.38 in chips)
Seat 2: a02bcc2c ($519.71 in chips)
Seat 3: 92925a8c ($600.87 in chips)
Seat 4: 46c1765d ($504.41 in chips)
Seat 1: bafc1d49 ($452.3 in chips)
Seat 5: Hero ($290.79 in chips)
92925a8c: posts small blind $1
46c1765d: posts big blind $2
*** HOLE CARDS ***
Dealt to 96d4c69c 
Dealt to 551f77f5 
Dealt to a02bcc2c 
Dealt to 92925a8c 
Dealt to 46c1765d 
Dealt to bafc1d49 
Dealt to Hero [8d 4h]
Hero: folds
96d4c69c: folds
551f77f5: folds
bafc1d49: folds
a02bcc2c: folds
92925a8c: raises $4 to $6
46c1765d: calls $4
*** FLOP *** [3s Qh 7h]
92925a8c: bets $12
46c1765d: folds
Uncalled bet ($12) returned to 92925a8c
*** SHOWDOWN ***
92925a8c collected $12 from pot
*** SUMMARY ***
Total pot $12
Board [3s Qh 7h]
Seat 6: 96d4c69c folded before Flop (didn't bet)
Seat 7: 551f77f5 folded before Flop (didn't bet)
Seat 2: a02bcc2c folded before Flop (didn't bet)
Seat 3: 92925a8c(small blind)won ($12) with Pair of Queens
Seat 4: 46c1765d(big blind) folded on the Flop
Seat 1: bafc1d49 folded before Flop (didn't bet)
Seat 5: Hero folded before Flop (didn't bet)



Poker Hand #ring_836332528: NLH No Limit ($1/$2) - 2025/04/22 11:46:36
Table 'MR NLH 1/2' 7-max Seat #1 is the button
Seat 6: 96d4c69c ($199 in chips)
Seat 7: 551f77f5 ($265.38 in chips)
Seat 2: a02bcc2c ($520.71 in chips)
Seat 3: 92925a8c ($580.58 in chips)
Seat 4: 46c1765d ($519.91 in chips)
Seat 1: bafc1d49 ($452.3 in chips)
Seat 5: Hero ($290.79 in chips)
a02bcc2c: posts small blind $1
92925a8c: posts big blind $2
*** HOLE CARDS ***
Dealt to 96d4c69c 
Dealt to 551f77f5 
Dealt to a02bcc2c 
Dealt to 92925a8c 
Dealt to 46c1765d 
Dealt to bafc1d49 
Dealt to Hero [Qh Jc]
46c1765d: calls $2
Hero: folds
96d4c69c: folds
551f77f5: raises $4 to $6
bafc1d49: folds
a02bcc2c: folds
92925a8c: calls $4
46c1765d: calls $4
*** FLOP *** [Ah Jd 5h]
92925a8c: checks
46c1765d: checks
551f77f5: checks
*** TURN *** [Ah Jd 5h] [8s]
92925a8c: bets $9.5
46c1765d: calls $9.5
551f77f5: folds
*** RIVER *** [Ah Jd 5h 8s] [Ad]
92925a8c: checks
46c1765d: checks
92925a8c: shows [Ts 8c]
46c1765d: shows [Qd Th]
*** SHOWDOWN ***
92925a8c collected $38 from pot
*** SUMMARY ***
Total pot $38
Board [Ah Jd 5h 8s Ad]
Seat 6: 96d4c69c folded before Flop (didn't bet)
Seat 7: 551f77f5 folded on the Turn
Seat 2: a02bcc2c(small blind) folded before Flop
Seat 3: 92925a8c(big blind) showed [Ts 8c] and won ($38) with Pair of Aces and Pair of Eights
Seat 4: 46c1765d showed [Qd Th] and lost with Pair of Aces
Seat 1: bafc1d49 folded before Flop (didn't bet)
Seat 5: Hero folded before Flop (didn't bet)



Poker Hand #ring_836331875: NLH No Limit ($1/$2) - 2025/04/22 11:45:53
Table 'MR NLH 1/2' 7-max Seat #7 is the button
Seat 7: 551f77f5 ($207.02 in chips)
Seat 2: a02bcc2c ($522.71 in chips)
Seat 3: 92925a8c ($597.49 in chips)
Seat 4: 46c1765d ($563.69 in chips)
Seat 1: bafc1d49 ($453.3 in chips)
Seat 5: Hero ($290.79 in chips)
bafc1d49: posts small blind $1
a02bcc2c: posts big blind $2
*** HOLE CARDS ***
Dealt to 551f77f5 
Dealt to a02bcc2c 
Dealt to 92925a8c 
Dealt to 46c1765d 
Dealt to bafc1d49 
Dealt to Hero [4d Ah]
92925a8c: raises $6 to $8
46c1765d: calls $8
Hero: folds
551f77f5: calls $8
bafc1d49: folds
a02bcc2c: folds
*** FLOP *** [Qd Jc 2h]
92925a8c: bets $8.91
46c1765d: calls $8.91
551f77f5: calls $8.91
*** TURN *** [Qd Jc 2h] [9h]
92925a8c: checks
46c1765d: bets $26.87
551f77f5: calls $26.87
92925a8c: folds
*** RIVER *** [Qd Jc 2h 9h] [7d]
46c1765d: checks
551f77f5: checks
46c1765d: shows [5c Qc]
551f77f5: shows [Qs Td]
*** SHOWDOWN ***
551f77f5 collected $107.47 from pot
*** SUMMARY ***
Total pot $107.47
Board [Qd Jc 2h 9h 7d]
Seat 7: 551f77f5 showed [Qs Td] and won ($107.47) with Pair of Queens
Seat 2: a02bcc2c(big blind) folded before Flop
Seat 3: 92925a8c folded on the Turn
Seat 4: 46c1765d showed [5c Qc] and lost with Pair of Queens
Seat 1: bafc1d49(small blind) folded before Flop
Seat 5: Hero folded before Flop (didn't bet)



Poker Hand #ring_836330738: NLH No Limit ($1/$2) - 2025/04/22 11:44:41
Table 'MR NLH 1/2' 7-max Seat #6 is the button
Seat 6: 96d4c69c ($199 in chips)
Seat 7: 551f77f5 ($208.02 in chips)
Seat 2: a02bcc2c ($522.71 in chips)
Seat 3: 92925a8c ($580.2 in chips)
Seat 4: 46c1765d ($571.69 in chips)
Seat 1: bafc1d49 ($455.3 in chips)
Seat 5: Hero ($298.79 in chips)
551f77f5: posts small blind $1
bafc1d49: posts big blind $2
*** HOLE CARDS ***
Dealt to 96d4c69c 
Dealt to 551f77f5 
Dealt to a02bcc2c 
Dealt to 92925a8c 
Dealt to 46c1765d 
Dealt to bafc1d49 
Dealt to Hero [4h Ah]
a02bcc2c: folds
92925a8c: raises $6 to $8
46c1765d: calls $8
Hero: calls $8
96d4c69c: folds
551f77f5: folds
bafc1d49: folds
*** FLOP *** [5h 6c Kd]
92925a8c: checks
46c1765d: checks
Hero: checks
*** TURN *** [5h 6c Kd] [Kc]
92925a8c: checks
46c1765d: checks
Hero: checks
*** RIVER *** [5h 6c Kd Kc] [9c]
92925a8c: checks
46c1765d: checks
Hero: checks
92925a8c: shows [Ac 9d]
46c1765d: shows [Qd Tc]
Hero: shows [4h Ah]
*** SHOWDOWN ***
92925a8c collected $27 from pot
*** SUMMARY ***
Total pot $27
Board [5h 6c Kd Kc 9c]
Seat 6: 96d4c69c folded before Flop (didn't bet)
Seat 7: 551f77f5(small blind) folded before Flop
Seat 2: a02bcc2c folded before Flop (didn't bet)
Seat 3: 92925a8c showed [Ac 9d] and won ($27) with Pair of Kings and Pair of Nines
Seat 4: 46c1765d showed [Qd Tc] and lost with Pair of Kings
Seat 1: bafc1d49(big blind) folded before Flop
Seat 5: Hero showed [4h Ah] and lost with Pair of Kings



Poker Hand #ring_836330383: NLH No Limit ($1/$2) - 2025/04/22 11:44:17
Table 'MR NLH 1/2' 7-max Seat #5 is the button
Seat 6: 96d4c69c ($200 in chips)
Seat 7: 551f77f5 ($210.02 in chips)
Seat 2: a02bcc2c ($522.71 in chips)
Seat 3: 92925a8c ($580.2 in chips)
Seat 4: 46c1765d ($568.69 in chips)
Seat 1: bafc1d49 ($455.3 in chips)
Seat 5: Hero ($298.79 in chips)
96d4c69c: posts small blind $1
551f77f5: posts big blind $2
*** HOLE CARDS ***
Dealt to 96d4c69c 
Dealt to 551f77f5 
Dealt to a02bcc2c 
Dealt to 92925a8c 
Dealt to 46c1765d 
Dealt to bafc1d49 
Dealt to Hero [8h Ac]
bafc1d49: folds
a02bcc2c: folds
92925a8c: folds
46c1765d: raises $6 to $8
Hero: folds
96d4c69c: folds
551f77f5: folds
Uncalled bet ($6) returned to 46c1765d
*** SHOWDOWN ***
46c1765d collected $5 from pot
*** SUMMARY ***
Total pot $5
Seat 6: 96d4c69c(small blind) folded before Flop
Seat 7: 551f77f5(big blind) folded before Flop
Seat 2: a02bcc2c folded before Flop (didn't bet)
Seat 3: 92925a8c folded before Flop (didn't bet)
Seat 4: 46c1765dwon ($5)
Seat 1: bafc1d49 folded before Flop (didn't bet)
Seat 5: Hero folded before Flop (didn't bet)



Poker Hand #ring_836329634: NLH No Limit ($1/$2) - 2025/04/22 11:43:29
Table 'MR NLH 1/2' 7-max Seat #4 is the button
Seat 6: 96d4c69c ($202 in chips)
Seat 7: 551f77f5 ($228.02 in chips)
Seat 2: a02bcc2c ($486.77 in chips)
Seat 3: 92925a8c ($598.2 in chips)
Seat 4: 46c1765d ($568.69 in chips)
Seat 1: bafc1d49 ($455.3 in chips)
Seat 5: Hero ($299.79 in chips)
Hero: posts small blind $1
96d4c69c: posts big blind $2
*** HOLE CARDS ***
Dealt to 96d4c69c 
Dealt to 551f77f5 
Dealt to a02bcc2c 
Dealt to 92925a8c 
Dealt to 46c1765d 
Dealt to bafc1d49 
Dealt to Hero [2c 5c]
551f77f5: raises $4 to $6
bafc1d49: folds
a02bcc2c: raises $12 to $18
92925a8c: calls $18
46c1765d: folds
Hero: folds
96d4c69c: folds
551f77f5: calls $12
*** FLOP *** [7d 4s 2s]
551f77f5: checks
a02bcc2c: bets $32
92925a8c: folds
551f77f5: folds
Uncalled bet ($32) returned to a02bcc2c
*** SHOWDOWN ***
a02bcc2c collected $57 from pot
*** SUMMARY ***
Total pot $57
Board [7d 4s 2s]
Seat 6: 96d4c69c(big blind) folded before Flop
Seat 7: 551f77f5 folded on the Flop
Seat 2: a02bcc2cwon ($57) with Pair of Nines
Seat 3: 92925a8c folded on the Flop
Seat 4: 46c1765d folded before Flop (didn't bet)
Seat 1: bafc1d49 folded before Flop (didn't bet)
Seat 5: Hero(small blind) folded before Flop



Poker Hand #ring_836329052: NLH No Limit ($1/$2) - 2025/04/22 11:42:50
Table 'MR NLH 1/2' 7-max Seat #3 is the button
Seat 6: 96d4c69c ($202 in chips)
Seat 7: 551f77f5 ($290.02 in chips)
Seat 2: a02bcc2c ($486.77 in chips)
Seat 3: 92925a8c ($598.2 in chips)
Seat 4: 46c1765d ($510.86 in chips)
Seat 1: bafc1d49 ($455.3 in chips)
Seat 5: Hero ($301.79 in chips)
46c1765d: posts small blind $1
Hero: posts big blind $2
*** HOLE CARDS ***
Dealt to 96d4c69c 
Dealt to 551f77f5 
Dealt to a02bcc2c 
Dealt to 92925a8c 
Dealt to 46c1765d 
Dealt to bafc1d49 
Dealt to Hero [5d Kh]
96d4c69c: folds
551f77f5: raises $4 to $6
bafc1d49: folds
a02bcc2c: folds
92925a8c: folds
46c1765d: calls $5
Hero: folds
*** FLOP *** [Ks Ad 3c]
46c1765d: checks
551f77f5: checks
*** TURN *** [Ks Ad 3c] [9d]
46c1765d: bets $14
551f77f5: calls $14
*** RIVER *** [Ks Ad 3c 9d] [Jd]
46c1765d: bets $42
551f77f5: calls $42
46c1765d: shows [Kd 7d]
551f77f5: shows [Qh Ac]
*** SHOWDOWN ***
46c1765d collected $126 from pot
*** SUMMARY ***
Total pot $126
Board [Ks Ad 3c 9d Jd]
Seat 6: 96d4c69c folded before Flop (didn't bet)
Seat 7: 551f77f5 showed [Qh Ac] and lost with Pair of Aces
Seat 2: a02bcc2c folded before Flop (didn't bet)
Seat 3: 92925a8c folded before Flop (didn't bet)
Seat 4: 46c1765d(small blind) showed [Kd 7d] and won ($126) with Ace High Flush
Seat 1: bafc1d49 folded before Flop (didn't bet)
Seat 5: Hero(big blind) folded before Flop



Poker Hand #ring_836328259: NLH No Limit ($1/$2) - 2025/04/22 11:41:58
Table 'MR NLH 1/2' 7-max Seat #2 is the button
Seat 6: 96d4c69c ($204 in chips)
Seat 7: 551f77f5 ($290.02 in chips)
Seat 2: a02bcc2c ($486.77 in chips)
Seat 3: 92925a8c ($599.2 in chips)
Seat 4: 46c1765d ($458.67 in chips)
Seat 1: bafc1d49 ($455.3 in chips)
Seat 5: Hero ($356.54 in chips)
92925a8c: posts small blind $1
46c1765d: posts big blind $2
96d4c69c: posts big blind $2
*** HOLE CARDS ***
Dealt to 96d4c69c 
Dealt to 551f77f5 
Dealt to a02bcc2c 
Dealt to 92925a8c 
Dealt to 46c1765d 
Dealt to bafc1d49 
Dealt to Hero [Jc Kd]
Hero: raises $4 to $6
96d4c69c: folds
551f77f5: folds
bafc1d49: folds
a02bcc2c: folds
92925a8c: folds
46c1765d: calls $4
*** FLOP *** [Tc 2c Th]
46c1765d: checks
Hero: checks
*** TURN *** [Tc 2c Th] [Jd]
46c1765d: bets $11.25
Hero: calls $11.25
*** RIVER *** [Tc 2c Th Jd] [2d]
46c1765d: bets $37.5
Hero: calls $37.5
46c1765d: shows [7c Td]
Hero: shows [Jc Kd]
*** SHOWDOWN ***
46c1765d collected $112.5 from pot
*** SUMMARY ***
Total pot $112.5
Board [Tc 2c Th Jd 2d]
Seat 6: 96d4c69c folded before Flop
Seat 7: 551f77f5 folded before Flop (didn't bet)
Seat 2: a02bcc2c folded before Flop (didn't bet)
Seat 3: 92925a8c(small blind) folded before Flop
Seat 4: 46c1765d(big blind) showed [7c Td] and won ($112.5) with Tens Full over Twos
Seat 1: bafc1d49 folded before Flop (didn't bet)
Seat 5: Hero showed [Jc Kd] and lost with Pair of Jacks and Pair of Tens



Poker Hand #ring_836327694: NLH No Limit ($1/$2) - 2025/04/22 11:41:22
Table 'MR NLH 1/2' 7-max Seat #1 is the button
Seat 7: 551f77f5 ($290.02 in chips)
Seat 2: a02bcc2c ($487.77 in chips)
Seat 3: 92925a8c ($558.25 in chips)
Seat 4: 46c1765d ($503.17 in chips)
Seat 1: bafc1d49 ($455.3 in chips)
Seat 5: Hero ($356.54 in chips)
a02bcc2c: posts small blind $1
92925a8c: posts big blind $2
*** HOLE CARDS ***
Dealt to 551f77f5 
Dealt to a02bcc2c 
Dealt to 92925a8c 
Dealt to 46c1765d 
Dealt to bafc1d49 
Dealt to Hero [2c Ts]
46c1765d: calls $2
Hero: folds
551f77f5: folds
bafc1d49: folds
a02bcc2c: folds
92925a8c: checks
*** FLOP *** [Qd 3d Jc]
92925a8c: bets $2.5
46c1765d: raises $10 to $12.5
92925a8c: calls $10
*** TURN *** [Qd 3d Jc] [7h]
92925a8c: checks
46c1765d: bets $30
92925a8c: calls $30
*** RIVER *** [Qd 3d Jc 7h] [7d]
92925a8c: checks
46c1765d: checks
92925a8c: shows [7c Js]
46c1765d: shows [8d Qh]
*** SHOWDOWN ***
92925a8c collected $90 from pot
*** SUMMARY ***
Total pot $90
Board [Qd 3d Jc 7h 7d]
Seat 7: 551f77f5 folded before Flop (didn't bet)
Seat 2: a02bcc2c(small blind) folded before Flop
Seat 3: 92925a8c(big blind) showed [7c Js] and won ($90) with Sevens Full over Jacks
Seat 4: 46c1765d showed [8d Qh] and lost with Pair of Queens and Pair of Sevens
Seat 1: bafc1d49 folded before Flop (didn't bet)
Seat 5: Hero folded before Flop (didn't bet)



Poker Hand #ring_836326550: NLH No Limit ($1/$2) - 2025/04/22 11:40:09
Table 'MR NLH 1/2' 7-max Seat #7 is the button
Seat 7: 551f77f5 ($154.02 in chips)
Seat 2: a02bcc2c ($489.77 in chips)
Seat 3: 92925a8c ($558.25 in chips)
Seat 6: 36274fd8 ($163.61 in chips)
Seat 4: 46c1765d ($511.17 in chips)
Seat 1: bafc1d49 ($456.3 in chips)
Seat 5: Hero ($190 in chips)
bafc1d49: posts small blind $1
a02bcc2c: posts big blind $2
*** HOLE CARDS ***
Dealt to 551f77f5 
Dealt to a02bcc2c 
Dealt to 92925a8c 
Dealt to 36274fd8 
Dealt to 46c1765d 
Dealt to bafc1d49 
Dealt to Hero [Jc Js]
92925a8c: folds
46c1765d: calls $2
Hero: raises $6 to $8
36274fd8: calls $8
551f77f5: calls $8
bafc1d49: folds
a02bcc2c: folds
46c1765d: calls $6
*** FLOP *** [8d Jh 7h]
46c1765d: checks
Hero: bets $17.5
36274fd8: calls $17.5
551f77f5: folds
46c1765d: folds
*** TURN *** [8d Jh 7h] [Kd]
Hero: bets $41
36274fd8: raises $97.11 to $138.11 and is all-in
Hero: calls $97.11
Hero: shows [Jc Js]
36274fd8: shows [Qs Kh]
*** RIVER *** [8d Jh 7h Kd] [7c]
*** SHOWDOWN ***
Hero collected $346.22 from pot
*** SUMMARY ***
Total pot $346.22
Board [8d Jh 7h Kd 7c]
Seat 7: 551f77f5 folded on the Flop
Seat 2: a02bcc2c(big blind) folded before Flop
Seat 3: 92925a8c folded before Flop (didn't bet)
Seat 6: 36274fd8 showed [Qs Kh] and lost with Pair of Kings and Pair of Sevens
Seat 4: 46c1765d folded on the Flop
Seat 1: bafc1d49(small blind) folded before Flop
Seat 5: Hero showed [Jc Js] and won ($346.22) with Jacks Full over Sevens



Poker Hand #ring_836325875: NLH No Limit ($1/$2) - 2025/04/22 11:39:25
Table 'MR NLH 1/2' 7-max Seat #6 is the button
Seat 7: 551f77f5 ($238.02 in chips)
Seat 2: a02bcc2c ($489.77 in chips)
Seat 3: 92925a8c ($642.25 in chips)
Seat 6: 36274fd8 ($169.61 in chips)
Seat 4: 46c1765d ($347.37 in chips)
Seat 1: bafc1d49 ($458.3 in chips)
Seat 5: Hero ($190 in chips)
551f77f5: posts small blind $1
bafc1d49: posts big blind $2
*** HOLE CARDS ***
Dealt to 551f77f5 
Dealt to a02bcc2c 
Dealt to 92925a8c 
Dealt to 36274fd8 
Dealt to 46c1765d 
Dealt to bafc1d49 
Dealt to Hero [6d 5s]
a02bcc2c: folds
92925a8c: raises $4 to $6
46c1765d: calls $6
Hero: folds
36274fd8: calls $6
551f77f5: raises $26 to $32
bafc1d49: folds
92925a8c: calls $26
46c1765d: calls $26
36274fd8: folds
*** FLOP *** [Kd 2s 5d]
551f77f5: bets $52
92925a8c: calls $52
46c1765d: raises $260 to $312
551f77f5: folds
92925a8c: folds
Uncalled bet ($260) returned to 46c1765d
*** SHOWDOWN ***
46c1765d collected $260 from pot
*** SUMMARY ***
Total pot $260
Board [Kd 2s 5d]
Seat 7: 551f77f5(small blind) folded on the Flop
Seat 2: a02bcc2c folded before Flop (didn't bet)
Seat 3: 92925a8c folded on the Flop
Seat 6: 36274fd8 folded before Flop
Seat 4: 46c1765dwon ($260) with King-High
Seat 1: bafc1d49(big blind) folded before Flop
Seat 5: Hero folded before Flop (didn't bet)



Poker Hand #ring_836324889: NLH No Limit ($1/$2) - 2025/04/22 11:38:23
Table 'MR NLH 1/2' 7-max Seat #5 is the button
Seat 7: 551f77f5 ($256.02 in chips)
Seat 2: a02bcc2c ($489.77 in chips)
Seat 3: 92925a8c ($642.25 in chips)
Seat 6: 36274fd8 ($170.61 in chips)
Seat 4: 46c1765d ($323.85 in chips)
Seat 1: bafc1d49 ($458.3 in chips)
Seat 5: Hero ($197 in chips)
36274fd8: posts small blind $1
551f77f5: posts big blind $2
*** HOLE CARDS ***
Dealt to 551f77f5 
Dealt to a02bcc2c 
Dealt to 92925a8c 
Dealt to 36274fd8 
Dealt to 46c1765d 
Dealt to bafc1d49 
Dealt to Hero [7c 5c]
bafc1d49: folds
a02bcc2c: folds
92925a8c: folds
46c1765d: raises $5 to $7
Hero: calls $7
36274fd8: folds
551f77f5: calls $5
*** FLOP *** [Jd 3h As]
551f77f5: checks
46c1765d: bets $11
Hero: folds
551f77f5: calls $11
*** TURN *** [Jd 3h As] [9d]
551f77f5: checks
46c1765d: checks
*** RIVER *** [Jd 3h As 9d] [4s]
551f77f5: checks
46c1765d: bets $33
551f77f5: folds
Uncalled bet ($33) returned to 46c1765d
*** SHOWDOWN ***
46c1765d collected $44 from pot
*** SUMMARY ***
Total pot $44
Board [Jd 3h As 9d 4s]
Seat 7: 551f77f5(big blind) folded on the River
Seat 2: a02bcc2c folded before Flop (didn't bet)
Seat 3: 92925a8c folded before Flop (didn't bet)
Seat 6: 36274fd8(small blind) folded before Flop
Seat 4: 46c1765dwon ($44) with Ace-High
Seat 1: bafc1d49 folded before Flop (didn't bet)
Seat 5: Hero folded on the Flop



Poker Hand #ring_836324425: NLH No Limit ($1/$2) - 2025/04/22 11:37:53
Table 'MR NLH 1/2' 7-max Seat #4 is the button
Seat 7: 551f77f5 ($262.02 in chips)
Seat 2: a02bcc2c ($489.77 in chips)
Seat 3: 92925a8c ($642.25 in chips)
Seat 6: 36274fd8 ($172.61 in chips)
Seat 4: 46c1765d ($323.85 in chips)
Seat 1: bafc1d49 ($449.3 in chips)
Seat 5: Hero ($198 in chips)
Hero: posts small blind $1
36274fd8: posts big blind $2
*** HOLE CARDS ***
Dealt to 551f77f5 
Dealt to a02bcc2c 
Dealt to 92925a8c 
Dealt to 36274fd8 
Dealt to 46c1765d 
Dealt to bafc1d49 
Dealt to Hero [7h 3c]
551f77f5: raises $4 to $6
bafc1d49: raises $12 to $18
a02bcc2c: folds
92925a8c: folds
46c1765d: folds
Hero: folds
36274fd8: folds
551f77f5: folds
Uncalled bet ($12) returned to bafc1d49
*** SHOWDOWN ***
bafc1d49 collected $15 from pot
*** SUMMARY ***
Total pot $15
Seat 7: 551f77f5 folded before Flop
Seat 2: a02bcc2c folded before Flop (didn't bet)
Seat 3: 92925a8c folded before Flop (didn't bet)
Seat 6: 36274fd8(big blind) folded before Flop
Seat 4: 46c1765d folded before Flop (didn't bet)
Seat 1: bafc1d49won ($15)
Seat 5: Hero(small blind) folded before Flop



Poker Hand #ring_836323673: NLH No Limit ($1/$2) - 2025/04/22 11:37:04
Table 'MR NLH 1/2' 7-max Seat #3 is the button
Seat 7: 551f77f5 ($262.02 in chips)
Seat 2: a02bcc2c ($489.77 in chips)
Seat 3: 92925a8c ($642.25 in chips)
Seat 6: 36274fd8 ($174.61 in chips)
Seat 4: 46c1765d ($320.12 in chips)
Seat 1: bafc1d49 ($449.3 in chips)
Seat 5: Hero ($200 in chips)
46c1765d: posts small blind $1
Hero: posts big blind $2
*** HOLE CARDS ***
Dealt to 551f77f5 
Dealt to a02bcc2c 
Dealt to 92925a8c 
Dealt to 36274fd8 
Dealt to 46c1765d 
Dealt to bafc1d49 
Dealt to Hero [Js 6d]
36274fd8: calls $2
551f77f5: folds
bafc1d49: folds
a02bcc2c: folds
92925a8c: folds
46c1765d: calls $1
Hero: checks
*** FLOP *** [Kd 2d 5d]
46c1765d: bets $6
Hero: folds
36274fd8: folds
Uncalled bet ($6) returned to 46c1765d
*** SHOWDOWN ***
46c1765d collected $6 from pot
*** SUMMARY ***
Total pot $6
Board [Kd 2d 5d]
Seat 7: 551f77f5 folded before Flop (didn't bet)
Seat 2: a02bcc2c folded before Flop (didn't bet)
Seat 3: 92925a8c folded before Flop (didn't bet)
Seat 6: 36274fd8 folded on the Flop
Seat 4: 46c1765d(small blind)won ($6) with Pair of Kings
Seat 1: bafc1d49 folded before Flop (didn't bet)
Seat 5: Hero(big blind) folded on the Flop



