Poker Hand #ring_828187820: NLH No Limit ($1/$2) - 2025/04/17 17:01:38
Table 'MR NLH 1/2' 7-max Seat #4 is the button
Seat 4: e0fec7ef ($205.33 in chips)
Seat 7: 238cd84a ($144.67 in chips)
Seat 1: 7fa6bb1f ($128.12 in chips)
Seat 2: Hero ($245.65 in chips)
238cd84a: posts small blind $1
7fa6bb1f: posts big blind $2
*** HOLE CARDS ***
Dealt to e0fec7ef 
Dealt to 238cd84a 
Dealt to 7fa6bb1f 
Dealt to Hero [9h 2s]
Hero: folds
e0fec7ef: folds
238cd84a: calls $1
7fa6bb1f: raises $4 to $6
238cd84a: calls $4
*** FLOP *** [8s 8d 4d]
238cd84a: checks
7fa6bb1f: bets $6
238cd84a: folds
Uncalled bet ($6) returned to 7fa6bb1f
*** SHOWDOWN ***
7fa6bb1f collected $12 from pot
*** SUMMARY ***
Total pot $12
Board [8s 8d 4d]
Seat 4: e0fec7ef folded before Flop (didn't bet)
Seat 7: 238cd84a(small blind) folded on the Flop
Seat 1: 7fa6bb1f(big blind)won ($12) with Pair of Eights
Seat 2: Hero folded before Flop (didn't bet)



Poker Hand #ring_828187284: NLH No Limit ($1/$2) - 2025/04/17 17:01:13
Table 'MR NLH 1/2' 7-max Seat #2 is the button
Seat 4: e0fec7ef ($211.33 in chips)
Seat 7: 238cd84a ($138.67 in chips)
Seat 1: 7fa6bb1f ($128.12 in chips)
Seat 2: Hero ($245.65 in chips)
e0fec7ef: posts small blind $1
238cd84a: posts big blind $2
*** HOLE CARDS ***
Dealt to e0fec7ef 
Dealt to 238cd84a 
Dealt to 7fa6bb1f 
Dealt to Hero [5c 9s]
7fa6bb1f: folds
Hero: folds
e0fec7ef: raises $4 to $6
238cd84a: raises $9 to $15
e0fec7ef: folds
Uncalled bet ($9) returned to 238cd84a
*** SHOWDOWN ***
238cd84a collected $12 from pot
*** SUMMARY ***
Total pot $12
Seat 4: e0fec7ef(small blind) folded before Flop
Seat 7: 238cd84a(big blind)won ($12)
Seat 1: 7fa6bb1f folded before Flop (didn't bet)
Seat 2: Hero folded before Flop (didn't bet)



Poker Hand #ring_828187013: NLH No Limit ($1/$2) - 2025/04/17 17:01:00
Table 'MR NLH 1/2' 7-max Seat #1 is the button
Seat 4: e0fec7ef ($213.33 in chips)
Seat 7: 238cd84a ($135.67 in chips)
Seat 1: 7fa6bb1f ($128.12 in chips)
Seat 2: Hero ($246.65 in chips)
Hero: posts small blind $1
e0fec7ef: posts big blind $2
*** HOLE CARDS ***
Dealt to e0fec7ef 
Dealt to 238cd84a 
Dealt to 7fa6bb1f 
Dealt to Hero [9c 3d]
238cd84a: raises $6 to $8
7fa6bb1f: folds
Hero: folds
e0fec7ef: folds
Uncalled bet ($6) returned to 238cd84a
*** SHOWDOWN ***
238cd84a collected $5 from pot
*** SUMMARY ***
Total pot $5
Seat 4: e0fec7ef(big blind) folded before Flop
Seat 7: 238cd84awon ($5)
Seat 1: 7fa6bb1f folded before Flop (didn't bet)
Seat 2: Hero(small blind) folded before Flop



Poker Hand #ring_828185891: NLH No Limit ($1/$2) - 2025/04/17 17:00:06
Table 'MR NLH 1/2' 7-max Seat #7 is the button
Seat 4: e0fec7ef ($213.33 in chips)
Seat 7: 238cd84a ($140.17 in chips)
Seat 1: 7fa6bb1f ($129.12 in chips)
Seat 2: Hero ($241.6 in chips)
7fa6bb1f: posts small blind $1
Hero: posts big blind $2
*** HOLE CARDS ***
Dealt to e0fec7ef 
Dealt to 238cd84a 
Dealt to 7fa6bb1f 
Dealt to Hero [Qs 3d]
e0fec7ef: folds
238cd84a: calls $2
7fa6bb1f: folds
Hero: checks
*** FLOP *** [5c 3s 5s]
Hero: checks
238cd84a: checks
*** TURN *** [5c 3s 5s] [As]
Hero: checks
238cd84a: bets $2.5
Hero: calls $2.5
*** RIVER *** [5c 3s 5s As] [Qc]
Hero: checks
238cd84a: checks
Hero: shows [Qs 3d]
238cd84a: shows [4h 6s]
*** SHOWDOWN ***
Hero collected $10 from pot
*** SUMMARY ***
Total pot $10
Board [5c 3s 5s As Qc]
Seat 4: e0fec7ef folded before Flop (didn't bet)
Seat 7: 238cd84a showed [4h 6s] and lost with Pair of Fives
Seat 1: 7fa6bb1f(small blind) folded before Flop
Seat 2: Hero(big blind) showed [Qs 3d] and won ($10) with Pair of Queens and Pair of Fives



Poker Hand #ring_828184793: NLH No Limit ($1/$2) - 2025/04/17 16:59:12
Table 'MR NLH 1/2' 7-max Seat #4 is the button
Seat 4: e0fec7ef ($213.33 in chips)
Seat 7: 238cd84a ($141.17 in chips)
Seat 1: 7fa6bb1f ($139.62 in chips)
Seat 2: Hero ($231.59 in chips)
238cd84a: posts small blind $1
7fa6bb1f: posts big blind $2
*** HOLE CARDS ***
Dealt to e0fec7ef 
Dealt to 238cd84a 
Dealt to 7fa6bb1f 
Dealt to Hero [5h As]
Hero: raises $3 to $5
e0fec7ef: folds
238cd84a: folds
7fa6bb1f: calls $3
*** FLOP *** [9s 2c Ah]
7fa6bb1f: checks
Hero: checks
*** TURN *** [9s 2c Ah] [Tc]
7fa6bb1f: bets $5.5
Hero: calls $5.5
*** RIVER *** [9s 2c Ah Tc] [Qs]
7fa6bb1f: checks
Hero: bets $11
7fa6bb1f: folds
Uncalled bet ($11) returned to Hero
*** SHOWDOWN ***
Hero collected $22 from pot
*** SUMMARY ***
Total pot $22
Board [9s 2c Ah Tc Qs]
Seat 4: e0fec7ef folded before Flop (didn't bet)
Seat 7: 238cd84a(small blind) folded before Flop
Seat 1: 7fa6bb1f(big blind) folded on the River
Seat 2: Herowon ($22) with Pair of Aces



Poker Hand #ring_828183814: NLH No Limit ($1/$2) - 2025/04/17 16:58:23
Table 'MR NLH 1/2' 7-max Seat #3 is the button
Seat 4: e0fec7ef ($214.33 in chips)
Seat 7: 238cd84a ($138.39 in chips)
Seat 1: 7fa6bb1f ($141.62 in chips)
Seat 3: 471b9528 ($105.65 in chips)
Seat 2: Hero ($231.59 in chips)
e0fec7ef: posts small blind $1
238cd84a: posts big blind $2
*** HOLE CARDS ***
Dealt to e0fec7ef 
Dealt to 238cd84a 
Dealt to 7fa6bb1f 
Dealt to 471b9528 
Dealt to Hero [Qd 4s]
7fa6bb1f: calls $2
Hero: folds
471b9528: folds
e0fec7ef: folds
238cd84a: checks
*** FLOP *** [Kh 5h 3h]
238cd84a: bets $3.75
7fa6bb1f: folds
Uncalled bet ($3.75) returned to 238cd84a
*** SHOWDOWN ***
238cd84a collected $5 from pot
*** SUMMARY ***
Total pot $5
Board [Kh 5h 3h]
Seat 4: e0fec7ef(small blind) folded before Flop
Seat 7: 238cd84a(big blind)won ($5) with Pair of Kings
Seat 1: 7fa6bb1f folded on the Flop
Seat 3: 471b9528 folded before Flop (didn't bet)
Seat 2: Hero folded before Flop (didn't bet)



Poker Hand #ring_828182649: NLH No Limit ($1/$2) - 2025/04/17 16:57:25
Table 'MR NLH 1/2' 7-max Seat #2 is the button
Seat 4: e0fec7ef ($216.33 in chips)
Seat 7: 238cd84a ($133.7 in chips)
Seat 1: 7fa6bb1f ($143.62 in chips)
Seat 3: 471b9528 ($106.65 in chips)
Seat 2: Hero ($231.59 in chips)
471b9528: posts small blind $1
e0fec7ef: posts big blind $2
*** HOLE CARDS ***
Dealt to e0fec7ef 
Dealt to 238cd84a 
Dealt to 7fa6bb1f 
Dealt to 471b9528 
Dealt to Hero [5s 7c]
238cd84a: calls $2
7fa6bb1f: calls $2
Hero: folds
471b9528: folds
e0fec7ef: checks
*** FLOP *** [Qd 8d 5c]
e0fec7ef: checks
238cd84a: checks
7fa6bb1f: checks
*** TURN *** [Qd 8d 5c] [8c]
e0fec7ef: checks
238cd84a: checks
7fa6bb1f: checks
*** RIVER *** [Qd 8d 5c 8c] [6s]
e0fec7ef: checks
238cd84a: bets $5.25
7fa6bb1f: folds
e0fec7ef: folds
Uncalled bet ($5.25) returned to 238cd84a
*** SHOWDOWN ***
238cd84a collected $7 from pot
*** SUMMARY ***
Total pot $7
Board [Qd 8d 5c 8c 6s]
Seat 4: e0fec7ef(big blind) folded on the River
Seat 7: 238cd84awon ($7) with Pair of Eights and Pair of Sixes
Seat 1: 7fa6bb1f folded on the River
Seat 3: 471b9528(small blind) folded before Flop
Seat 2: Hero folded before Flop (didn't bet)



Poker Hand #ring_828181669: NLH No Limit ($1/$2) - 2025/04/17 16:56:37
Table 'MR NLH 1/2' 7-max Seat #1 is the button
Seat 4: e0fec7ef ($203.31 in chips)
Seat 7: 238cd84a ($133.7 in chips)
Seat 1: 7fa6bb1f ($143.62 in chips)
Seat 3: 471b9528 ($120.45 in chips)
Seat 2: Hero ($232.59 in chips)
Hero: posts small blind $1
471b9528: posts big blind $2
*** HOLE CARDS ***
Dealt to e0fec7ef 
Dealt to 238cd84a 
Dealt to 7fa6bb1f 
Dealt to 471b9528 
Dealt to Hero [4d 8s]
e0fec7ef: raises $4 to $6
238cd84a: folds
7fa6bb1f: folds
Hero: folds
471b9528: calls $4
*** FLOP *** [2d 8h Kc]
471b9528: checks
e0fec7ef: bets $7.8
471b9528: calls $7.8
*** TURN *** [2d 8h Kc] [Qs]
471b9528: checks
e0fec7ef: bets $21.45
471b9528: folds
Uncalled bet ($21.45) returned to e0fec7ef
*** SHOWDOWN ***
e0fec7ef collected $28.6 from pot
*** SUMMARY ***
Total pot $28.6
Board [2d 8h Kc Qs]
Seat 4: e0fec7efwon ($28.6) with Pair of Kings and Pair of Queens
Seat 7: 238cd84a folded before Flop (didn't bet)
Seat 1: 7fa6bb1f folded before Flop (didn't bet)
Seat 3: 471b9528(big blind) folded on the Turn
Seat 2: Hero(small blind) folded before Flop



Poker Hand #ring_828180676: NLH No Limit ($1/$2) - 2025/04/17 16:55:47
Table 'MR NLH 1/2' 7-max Seat #7 is the button
Seat 4: e0fec7ef ($203.31 in chips)
Seat 7: 238cd84a ($142.2 in chips)
Seat 1: 7fa6bb1f ($144.62 in chips)
Seat 2: Hero ($223.9 in chips)
7fa6bb1f: posts small blind $1
Hero: posts big blind $2
*** HOLE CARDS ***
Dealt to e0fec7ef 
Dealt to 238cd84a 
Dealt to 7fa6bb1f 
Dealt to Hero [6d Qs]
e0fec7ef: folds
238cd84a: raises $2 to $4
7fa6bb1f: folds
Hero: calls $2
*** FLOP *** [6c 3s As]
Hero: checks
238cd84a: checks
*** TURN *** [6c 3s As] [Td]
Hero: checks
238cd84a: checks
*** RIVER *** [6c 3s As Td] [5d]
Hero: bets $4.5
238cd84a: calls $4.5
Hero: shows [6d Qs]
238cd84a: shows [3h 4h]
*** SHOWDOWN ***
Hero collected $18 from pot
*** SUMMARY ***
Total pot $18
Board [6c 3s As Td 5d]
Seat 4: e0fec7ef folded before Flop (didn't bet)
Seat 7: 238cd84a showed [3h 4h] and lost with Pair of Treys
Seat 1: 7fa6bb1f(small blind) folded before Flop
Seat 2: Hero(big blind) showed [6d Qs] and won ($18) with Pair of Sixes



Poker Hand #ring_828179589: NLH No Limit ($1/$2) - 2025/04/17 16:54:53
Table 'MR NLH 1/2' 7-max Seat #4 is the button
Seat 4: e0fec7ef ($203.31 in chips)
Seat 7: 238cd84a ($147.2 in chips)
Seat 1: 7fa6bb1f ($140.07 in chips)
Seat 2: Hero ($223.9 in chips)
238cd84a: posts small blind $1
7fa6bb1f: posts big blind $2
*** HOLE CARDS ***
Dealt to e0fec7ef 
Dealt to 238cd84a 
Dealt to 7fa6bb1f 
Dealt to Hero [9c 3d]
Hero: folds
e0fec7ef: folds
238cd84a: calls $1
7fa6bb1f: checks
*** FLOP *** [3s Ts 8c]
238cd84a: checks
7fa6bb1f: checks
*** TURN *** [3s Ts 8c] [As]
238cd84a: checks
7fa6bb1f: checks
*** RIVER *** [3s Ts 8c As] [8s]
238cd84a: bets $3
7fa6bb1f: calls $3
7fa6bb1f: shows [Td 4s]
238cd84a: shows [Ac 2d]
*** SHOWDOWN ***
7fa6bb1f collected $10 from pot
*** SUMMARY ***
Total pot $10
Board [3s Ts 8c As 8s]
Seat 4: e0fec7ef folded before Flop (didn't bet)
Seat 7: 238cd84a(small blind) showed [Ac 2d] and lost with Pair of Aces and Pair of Eights
Seat 1: 7fa6bb1f(big blind) showed [Td 4s] and won ($10) with Ace High Flush
Seat 2: Hero folded before Flop (didn't bet)



Poker Hand #ring_828178588: NLH No Limit ($1/$2) - 2025/04/17 16:54:04
Table 'MR NLH 1/2' 7-max Seat #2 is the button
Seat 4: e0fec7ef ($204.31 in chips)
Seat 7: 238cd84a ($155.83 in chips)
Seat 1: 7fa6bb1f ($140.07 in chips)
Seat 2: Hero ($215.09 in chips)
e0fec7ef: posts small blind $1
238cd84a: posts big blind $2
*** HOLE CARDS ***
Dealt to e0fec7ef 
Dealt to 238cd84a 
Dealt to 7fa6bb1f 
Dealt to Hero [5d 7h]
7fa6bb1f: folds
Hero: raises $3 to $5
e0fec7ef: folds
238cd84a: calls $3
*** FLOP *** [3c Ks Kd]
238cd84a: checks
Hero: checks
*** TURN *** [3c Ks Kd] [5c]
238cd84a: bets $3.63
Hero: calls $3.63
*** RIVER *** [3c Ks Kd 5c] [6s]
238cd84a: checks
Hero: bets $6.2
238cd84a: folds
Uncalled bet ($6.2) returned to Hero
*** SHOWDOWN ***
Hero collected $18.26 from pot
*** SUMMARY ***
Total pot $18.26
Board [3c Ks Kd 5c 6s]
Seat 4: e0fec7ef(small blind) folded before Flop
Seat 7: 238cd84a(big blind) folded on the River
Seat 1: 7fa6bb1f folded before Flop (didn't bet)
Seat 2: Herowon ($18.26) with Pair of Kings and Pair of Fives



Poker Hand #ring_828177610: NLH No Limit ($1/$2) - 2025/04/17 16:53:15
Table 'MR NLH 1/2' 7-max Seat #1 is the button
Seat 4: e0fec7ef ($206.31 in chips)
Seat 7: 238cd84a ($138.96 in chips)
Seat 1: 7fa6bb1f ($156 in chips)
Seat 2: Hero ($216.09 in chips)
Hero: posts small blind $1
e0fec7ef: posts big blind $2
*** HOLE CARDS ***
Dealt to e0fec7ef 
Dealt to 238cd84a 
Dealt to 7fa6bb1f 
Dealt to Hero [3c 6h]
238cd84a: calls $2
7fa6bb1f: raises $7 to $9
Hero: folds
e0fec7ef: folds
238cd84a: calls $7
*** FLOP *** [4h 7d Kc]
238cd84a: bets $6.93
7fa6bb1f: calls $6.93
*** TURN *** [4h 7d Kc] [5h]
238cd84a: checks
7fa6bb1f: checks
*** RIVER *** [4h 7d Kc 5h] [4d]
238cd84a: bets $11.5
7fa6bb1f: folds
Uncalled bet ($11.5) returned to 238cd84a
*** SHOWDOWN ***
238cd84a collected $34.86 from pot
*** SUMMARY ***
Total pot $34.86
Board [4h 7d Kc 5h 4d]
Seat 4: e0fec7ef(big blind) folded before Flop
Seat 7: 238cd84awon ($34.86) with Pair of Fours and Pair of Twos
Seat 1: 7fa6bb1f folded on the River
Seat 2: Hero(small blind) folded before Flop



Poker Hand #ring_828176803: NLH No Limit ($1/$2) - 2025/04/17 16:52:33
Table 'MR NLH 1/2' 7-max Seat #7 is the button
Seat 4: e0fec7ef ($212.31 in chips)
Seat 7: 238cd84a ($126.36 in chips)
Seat 1: 7fa6bb1f ($162 in chips)
Seat 2: Hero ($218.09 in chips)
7fa6bb1f: posts small blind $1
Hero: posts big blind $2
*** HOLE CARDS ***
Dealt to e0fec7ef 
Dealt to 238cd84a 
Dealt to 7fa6bb1f 
Dealt to Hero [Qc 4d]
e0fec7ef: raises $4 to $6
238cd84a: calls $6
7fa6bb1f: calls $5
Hero: folds
*** FLOP *** [5s 2c 7s]
7fa6bb1f: checks
e0fec7ef: checks
238cd84a: checks
*** TURN *** [5s 2c 7s] [4s]
7fa6bb1f: checks
e0fec7ef: checks
238cd84a: bets $10
7fa6bb1f: folds
e0fec7ef: folds
Uncalled bet ($10) returned to 238cd84a
*** SHOWDOWN ***
238cd84a collected $20 from pot
*** SUMMARY ***
Total pot $20
Board [5s 2c 7s 4s]
Seat 4: e0fec7ef folded on the Turn
Seat 7: 238cd84awon ($20) with Ace-High
Seat 1: 7fa6bb1f(small blind) folded on the Turn
Seat 2: Hero(big blind) folded before Flop



Poker Hand #ring_828175731: NLH No Limit ($1/$2) - 2025/04/17 16:51:39
Table 'MR NLH 1/2' 7-max Seat #4 is the button
Seat 4: e0fec7ef ($112.31 in chips)
Seat 7: 238cd84a ($132.36 in chips)
Seat 1: 7fa6bb1f ($168 in chips)
Seat 3: f299c9d6 ($120.45 in chips)
Seat 2: Hero ($206.9 in chips)
238cd84a: posts small blind $1
7fa6bb1f: posts big blind $2
*** HOLE CARDS ***
Dealt to e0fec7ef 
Dealt to 238cd84a 
Dealt to 7fa6bb1f 
Dealt to f299c9d6 
Dealt to Hero [7d 7c]
Hero: raises $4 to $6
f299c9d6: folds
e0fec7ef: folds
238cd84a: calls $5
7fa6bb1f: calls $4
*** FLOP *** [3s Ac Ad]
238cd84a: checks
7fa6bb1f: checks
Hero: bets $5.4
238cd84a: folds
7fa6bb1f: folds
Uncalled bet ($5.4) returned to Hero
*** SHOWDOWN ***
Hero collected $18 from pot
*** SUMMARY ***
Total pot $18
Board [3s Ac Ad]
Seat 4: e0fec7ef folded before Flop (didn't bet)
Seat 7: 238cd84a(small blind) folded on the Flop
Seat 1: 7fa6bb1f(big blind) folded on the Flop
Seat 3: f299c9d6 folded before Flop (didn't bet)
Seat 2: Herowon ($18) with Pair of Aces and Pair of Sevens



Poker Hand #ring_828174576: NLH No Limit ($1/$2) - 2025/04/17 16:50:41
Table 'MR NLH 1/2' 7-max Seat #3 is the button
Seat 4: e0fec7ef ($113.31 in chips)
Seat 7: 238cd84a ($102.78 in chips)
Seat 3: f299c9d6 ($120.45 in chips)
Seat 2: Hero ($238.9 in chips)
e0fec7ef: posts small blind $1
238cd84a: posts big blind $2
*** HOLE CARDS ***
Dealt to e0fec7ef 
Dealt to 238cd84a 
Dealt to f299c9d6 
Dealt to Hero [4d 5d]
Hero: raises $4 to $6
f299c9d6: folds
e0fec7ef: folds
238cd84a: calls $4
*** FLOP *** [5c 2d 8c]
238cd84a: bets $9.75
Hero: calls $9.75
*** TURN *** [5c 2d 8c] [9d]
238cd84a: bets $16.25
Hero: calls $16.25
*** RIVER *** [5c 2d 8c 9d] [3c]
238cd84a: checks
Hero: checks
Hero: shows [4d 5d]
238cd84a: shows [8s 6s]
*** SHOWDOWN ***
238cd84a collected $65 from pot
*** SUMMARY ***
Total pot $65
Board [5c 2d 8c 9d 3c]
Seat 4: e0fec7ef(small blind) folded before Flop
Seat 7: 238cd84a(big blind) showed [8s 6s] and won ($65) with Pair of Eights
Seat 3: f299c9d6 folded before Flop (didn't bet)
Seat 2: Hero showed [4d 5d] and lost with Pair of Fives



Poker Hand #ring_828173741: NLH No Limit ($1/$2) - 2025/04/17 16:49:59
Table 'MR NLH 1/2' 7-max Seat #2 is the button
Seat 4: e0fec7ef ($115.31 in chips)
Seat 7: 238cd84a ($100 in chips)
Seat 3: f299c9d6 ($121.45 in chips)
Seat 5: 677fe069 ($399 in chips)
Seat 2: Hero ($238.9 in chips)
f299c9d6: posts small blind $1
e0fec7ef: posts big blind $2
238cd84a: posts big blind $2
*** HOLE CARDS ***
Dealt to e0fec7ef 
Dealt to 238cd84a 
Dealt to f299c9d6 
Dealt to 677fe069 
Dealt to Hero [As 4d]
677fe069: folds
238cd84a: checks
Hero: folds
f299c9d6: folds
e0fec7ef: checks
*** FLOP *** [5h 7h 4s]
e0fec7ef: checks
238cd84a: bets $2.5
e0fec7ef: folds
Uncalled bet ($2.5) returned to 238cd84a
*** SHOWDOWN ***
238cd84a collected $5 from pot
*** SUMMARY ***
Total pot $5
Board [5h 7h 4s]
Seat 4: e0fec7ef(big blind) folded on the Flop
Seat 7: 238cd84awon ($5) with Pair of Fives
Seat 3: f299c9d6(small blind) folded before Flop
Seat 5: 677fe069 folded before Flop (didn't bet)
Seat 2: Hero folded before Flop (didn't bet)



Poker Hand #ring_828172314: NLH No Limit ($1/$2) - 2025/04/17 16:48:57
Table 'MR NLH 1/2' 7-max Seat #5 is the button
Seat 4: e0fec7ef ($89.28 in chips)
Seat 3: f299c9d6 ($149.55 in chips)
Seat 5: 677fe069 ($399 in chips)
Seat 2: Hero ($139.9 in chips)
Hero: posts small blind $1
f299c9d6: posts big blind $2
*** HOLE CARDS ***
Dealt to e0fec7ef 
Dealt to f299c9d6 
Dealt to 677fe069 
Dealt to Hero [4h 9d]
e0fec7ef: raises $4 to $6
677fe069: folds
Hero: folds
f299c9d6: calls $4
*** FLOP *** [8d 6c 3s]
f299c9d6: checks
e0fec7ef: bets $7.8
f299c9d6: raises $14.3 to $22.1
e0fec7ef: calls $14.3
*** TURN *** [8d 6c 3s] [Jd]
f299c9d6: checks
e0fec7ef: bets $18.88
f299c9d6: folds
Uncalled bet ($18.88) returned to e0fec7ef
*** SHOWDOWN ***
e0fec7ef collected $57.2 from pot
*** SUMMARY ***
Total pot $57.2
Board [8d 6c 3s Jd]
Seat 4: e0fec7efwon ($57.2) with Pair of Jacks
Seat 3: f299c9d6(big blind) folded on the Turn
Seat 5: 677fe069 folded before Flop (didn't bet)
Seat 2: Hero(small blind) folded before Flop



Poker Hand #ring_828171865: NLH No Limit ($1/$2) - 2025/04/17 16:48:34
Table 'MR NLH 1/2' 7-max Seat #4 is the button
Seat 4: e0fec7ef ($86.28 in chips)
Seat 3: f299c9d6 ($149.55 in chips)
Seat 5: 677fe069 ($400 in chips)
Seat 2: Hero ($107.9 in chips)
677fe069: posts small blind $1
Hero: posts big blind $2
*** HOLE CARDS ***
Dealt to e0fec7ef 
Dealt to f299c9d6 
Dealt to 677fe069 
Dealt to Hero [8d 2c]
f299c9d6: folds
e0fec7ef: raises $4 to $6
677fe069: folds
Hero: folds
Uncalled bet ($4) returned to e0fec7ef
*** SHOWDOWN ***
e0fec7ef collected $5 from pot
*** SUMMARY ***
Total pot $5
Seat 4: e0fec7efwon ($5)
Seat 3: f299c9d6 folded before Flop (didn't bet)
Seat 5: 677fe069(small blind) folded before Flop
Seat 2: Hero(big blind) folded before Flop



Poker Hand #ring_828171485: NLH No Limit ($1/$2) - 2025/04/17 16:48:15
Table 'MR NLH 1/2' 7-max Seat #3 is the button
Seat 4: e0fec7ef ($84.28 in chips)
Seat 3: f299c9d6 ($149.55 in chips)
Seat 5: 677fe069 ($400 in chips)
Seat 2: Hero ($107.9 in chips)
e0fec7ef: posts small blind $1
677fe069: posts big blind $2
*** HOLE CARDS ***
Dealt to e0fec7ef 
Dealt to f299c9d6 
Dealt to 677fe069 
Dealt to Hero [Ts 2d]
Hero: folds
f299c9d6: folds
e0fec7ef: raises $4 to $6
677fe069: folds
Uncalled bet ($4) returned to e0fec7ef
*** SHOWDOWN ***
e0fec7ef collected $4 from pot
*** SUMMARY ***
Total pot $4
Seat 4: e0fec7ef(small blind)won ($4)
Seat 3: f299c9d6 folded before Flop (didn't bet)
Seat 5: 677fe069(big blind) folded before Flop
Seat 2: Hero folded before Flop (didn't bet)



Poker Hand #ring_828170402: NLH No Limit ($1/$2) - 2025/04/17 16:47:32
Table 'MR NLH 1/2' 7-max Seat #2 is the button
Seat 4: e0fec7ef ($90.28 in chips)
Seat 3: f299c9d6 ($144.09 in chips)
Seat 2: Hero ($107.9 in chips)
f299c9d6: posts small blind $1
e0fec7ef: posts big blind $2
*** HOLE CARDS ***
Dealt to e0fec7ef 
Dealt to f299c9d6 
Dealt to Hero [Jc 7s]
Hero: folds
f299c9d6: raises $4 to $6
e0fec7ef: calls $4
*** FLOP *** [5h 9s 3d]
f299c9d6: bets $8
e0fec7ef: folds
Uncalled bet ($8) returned to f299c9d6
*** SHOWDOWN ***
f299c9d6 collected $12 from pot
*** SUMMARY ***
Total pot $12
Board [5h 9s 3d]
Seat 4: e0fec7ef(big blind) folded on the Flop
Seat 3: f299c9d6(small blind)won ($12) with Ace-High
Seat 2: Hero folded before Flop (didn't bet)



Poker Hand #ring_828169963: NLH No Limit ($1/$2) - 2025/04/17 16:47:10
Table 'MR NLH 1/2' 7-max Seat #4 is the button
Seat 4: e0fec7ef ($87.28 in chips)
Seat 3: f299c9d6 ($146.09 in chips)
Seat 2: Hero ($108.9 in chips)
Hero: posts small blind $1
f299c9d6: posts big blind $2
*** HOLE CARDS ***
Dealt to e0fec7ef 
Dealt to f299c9d6 
Dealt to Hero [2d Kc]
e0fec7ef: raises $4 to $6
Hero: folds
f299c9d6: folds
Uncalled bet ($4) returned to e0fec7ef
*** SHOWDOWN ***
e0fec7ef collected $5 from pot
*** SUMMARY ***
Total pot $5
Seat 4: e0fec7efwon ($5)
Seat 3: f299c9d6(big blind) folded before Flop
Seat 2: Hero(small blind) folded before Flop



Poker Hand #ring_828168569: NLH No Limit ($1/$2) - 2025/04/17 16:46:00
Table 'MR NLH 1/2' 7-max Seat #3 is the button
Seat 4: e0fec7ef ($88.28 in chips)
Seat 3: f299c9d6 ($107.73 in chips)
Seat 2: Hero ($150 in chips)
e0fec7ef: posts small blind $1
Hero: posts big blind $2
*** HOLE CARDS ***
Dealt to e0fec7ef 
Dealt to f299c9d6 
Dealt to Hero [9d Ah]
f299c9d6: raises $4 to $6
e0fec7ef: folds
Hero: calls $4
*** FLOP *** [7s Js Jc]
Hero: checks
f299c9d6: checks
*** TURN *** [7s Js Jc] [Th]
Hero: checks
f299c9d6: bets $6.5
Hero: raises $13 to $19.5
f299c9d6: calls $13
*** RIVER *** [7s Js Jc Th] [Tc]
Hero: bets $15.6
f299c9d6: raises $66.63 to $82.23 and is all-in
Hero: folds
Uncalled bet ($66.63) returned to f299c9d6
*** SHOWDOWN ***
f299c9d6 collected $83.2 from pot
*** SUMMARY ***
Total pot $83.2
Board [7s Js Jc Th Tc]
Seat 4: e0fec7ef(small blind) folded before Flop
Seat 3: f299c9d6won ($83.2) with Jacks Full over Tens
Seat 2: Hero(big blind) folded on the River



