Poker Hand #ring_824697309: NLH No Limit ($1/$2) - 2025/04/15 17:05:02
Table 'MR NLH 1/2' 7-max Seat #2 is the button
Seat 4: 32e16f56 ($400 in chips)
Seat 2: e3c38b73 ($582.34 in chips)
Seat 5: Hero ($191.42 in chips)
Seat 6: 732f0f9e ($184 in chips)
Seat 7: 7c8dd528 ($559.49 in chips)
Seat 3: 9064c67e ($377.33 in chips)
9064c67e: posts small blind $1
32e16f56: posts big blind $2
*** HOLE CARDS ***
Dealt to 32e16f56 
Dealt to e3c38b73 
Dealt to Hero [7s 8d]
Dealt to 732f0f9e 
Dealt to 7c8dd528 
Dealt to 9064c67e 
Hero: folds
732f0f9e: folds
7c8dd528: calls $2
e3c38b73: folds
9064c67e: raises $8 to $10
32e16f56: folds
7c8dd528: calls $8
*** FLOP *** [8s 6s 2s]
9064c67e: bets $16.5
7c8dd528: folds
Uncalled bet ($16.5) returned to 9064c67e
7c8dd528: shows [6c Tc]
*** SHOWDOWN ***
9064c67e collected $22 from pot
*** SUMMARY ***
Total pot $22
Board [8s 6s 2s]
Seat 4: 32e16f56(big blind) folded before Flop
Seat 2: e3c38b73 folded before Flop (didn't bet)
Seat 5: Hero folded before Flop (didn't bet)
Seat 6: 732f0f9e folded before Flop (didn't bet)
Seat 7: 7c8dd528 folded on the Flop
Seat 3: 9064c67e(small blind)won ($22) with King-High



Poker Hand #ring_824696442: NLH No Limit ($1/$2) - 2025/04/15 17:04:17
Table 'MR NLH 1/2' 7-max Seat #7 is the button
Seat 4: 32e16f56 ($400 in chips)
Seat 2: e3c38b73 ($535.16 in chips)
Seat 5: Hero ($191.42 in chips)
Seat 6: 732f0f9e ($184 in chips)
Seat 7: 7c8dd528 ($567.49 in chips)
Seat 3: 9064c67e ($421.33 in chips)
e3c38b73: posts small blind $1
9064c67e: posts big blind $2
*** HOLE CARDS ***
Dealt to 32e16f56 
Dealt to e3c38b73 
Dealt to Hero [5c As]
Dealt to 732f0f9e 
Dealt to 7c8dd528 
Dealt to 9064c67e 
32e16f56: folds
Hero: folds
732f0f9e: folds
7c8dd528: calls $2
e3c38b73: raises $6 to $8
9064c67e: calls $6
7c8dd528: calls $6
*** FLOP *** [6h Js Ks]
e3c38b73: bets $12
9064c67e: calls $12
7c8dd528: folds
*** TURN *** [6h Js Ks] [8h]
e3c38b73: bets $24
9064c67e: calls $24
*** RIVER *** [6h Js Ks 8h] [7c]
e3c38b73: checks
9064c67e: checks
e3c38b73: shows [Kh Th]
9064c67e: shows [9d Kd]
*** SHOWDOWN ***
e3c38b73 collected $96 from pot
*** SUMMARY ***
Total pot $96
Board [6h Js Ks 8h 7c]
Seat 4: 32e16f56 folded before Flop (didn't bet)
Seat 2: e3c38b73(small blind) showed [Kh Th] and won ($96) with Pair of Kings
Seat 5: Hero folded before Flop (didn't bet)
Seat 6: 732f0f9e folded before Flop (didn't bet)
Seat 7: 7c8dd528 folded on the Flop
Seat 3: 9064c67e(big blind) showed [9d Kd] and lost with Pair of Kings



Poker Hand #ring_824695969: NLH No Limit ($1/$2) - 2025/04/15 17:03:52
Table 'MR NLH 1/2' 7-max Seat #6 is the button
Seat 4: 32e16f56 ($400 in chips)
Seat 2: e3c38b73 ($537.16 in chips)
Seat 5: Hero ($191.42 in chips)
Seat 6: 732f0f9e ($190 in chips)
Seat 7: 7c8dd528 ($560.12 in chips)
7c8dd528: posts small blind $1
e3c38b73: posts big blind $2
*** HOLE CARDS ***
Dealt to 32e16f56 
Dealt to e3c38b73 
Dealt to Hero [2c 5s]
Dealt to 732f0f9e 
Dealt to 7c8dd528 
32e16f56: folds
Hero: folds
732f0f9e: raises $4 to $6
7c8dd528: calls $5
e3c38b73: folds
*** FLOP *** [Jh Qc 9h]
7c8dd528: bets $4.62
732f0f9e: folds
Uncalled bet ($4.62) returned to 7c8dd528
*** SHOWDOWN ***
7c8dd528 collected $14 from pot
*** SUMMARY ***
Total pot $14
Board [Jh Qc 9h]
Seat 4: 32e16f56 folded before Flop (didn't bet)
Seat 2: e3c38b73(big blind) folded before Flop
Seat 5: Hero folded before Flop (didn't bet)
Seat 6: 732f0f9e folded on the Flop
Seat 7: 7c8dd528(small blind)won ($14) with Pair of Jacks



Poker Hand #ring_824695693: NLH No Limit ($1/$2) - 2025/04/15 17:03:39
Table 'MR NLH 1/2' 7-max Seat #5 is the button
Seat 4: 32e16f56 ($400 in chips)
Seat 2: e3c38b73 ($537.16 in chips)
Seat 5: Hero ($191.42 in chips)
Seat 6: 732f0f9e ($191 in chips)
Seat 7: 7c8dd528 ($559.12 in chips)
732f0f9e: posts small blind $1
7c8dd528: posts big blind $2
*** HOLE CARDS ***
Dealt to 32e16f56 
Dealt to e3c38b73 
Dealt to Hero [Jc 5s]
Dealt to 732f0f9e 
Dealt to 7c8dd528 
e3c38b73: folds
32e16f56: folds
Hero: folds
732f0f9e: folds
7c8dd528: shows [2c]
*** SHOWDOWN ***
7c8dd528 collected $3 from pot
*** SUMMARY ***
Total pot $3
Seat 4: 32e16f56 folded before Flop (didn't bet)
Seat 2: e3c38b73 folded before Flop (didn't bet)
Seat 5: Hero folded before Flop (didn't bet)
Seat 6: 732f0f9e(small blind) folded before Flop
Seat 7: 7c8dd528(big blind) showed [2c] and won ($3)



Poker Hand #ring_824694854: NLH No Limit ($1/$2) - 2025/04/15 17:02:55
Table 'MR NLH 1/2' 7-max Seat #4 is the button
Seat 4: 32e16f56 ($400 in chips)
Seat 2: e3c38b73 ($537.16 in chips)
Seat 5: Hero ($180 in chips)
Seat 6: 732f0f9e ($193 in chips)
Seat 7: 7c8dd528 ($570.12 in chips)
Hero: posts small blind $1
732f0f9e: posts big blind $2
*** HOLE CARDS ***
Dealt to 32e16f56 
Dealt to e3c38b73 
Dealt to Hero [9d 6d]
Dealt to 732f0f9e 
Dealt to 7c8dd528 
7c8dd528: calls $2
e3c38b73: folds
32e16f56: folds
Hero: calls $1
732f0f9e: checks
*** FLOP *** [2h 3d 6c]
Hero: bets $3
732f0f9e: folds
7c8dd528: calls $3
*** TURN *** [2h 3d 6c] [7c]
Hero: bets $6
7c8dd528: calls $6
*** RIVER *** [2h 3d 6c 7c] [Js]
Hero: bets $7
7c8dd528: folds
Uncalled bet ($7) returned to Hero
7c8dd528: shows [4c Tc]
*** SHOWDOWN ***
Hero collected $24 from pot
*** SUMMARY ***
Total pot $24
Board [2h 3d 6c 7c Js]
Seat 4: 32e16f56 folded before Flop (didn't bet)
Seat 2: e3c38b73 folded before Flop (didn't bet)
Seat 5: Hero(small blind)won ($24) with Pair of Sixes
Seat 6: 732f0f9e(big blind) folded on the Flop
Seat 7: 7c8dd528 folded on the River



Poker Hand #ring_824693797: NLH No Limit ($1/$2) - 2025/04/15 17:01:58
Table 'MR NLH 1/2' 7-max Seat #0 is the button
Seat 4: 32e16f56 ($411.02 in chips)
Seat 2: e3c38b73 ($537.16 in chips)
Seat 5: Hero ($182 in chips)
Seat 6: 732f0f9e ($193 in chips)
Seat 7: 7c8dd528 ($549.23 in chips)
32e16f56: posts small blind $1
Hero: posts big blind $2
*** HOLE CARDS ***
Dealt to 32e16f56 
Dealt to e3c38b73 
Dealt to Hero [9d 4s]
Dealt to 732f0f9e 
Dealt to 7c8dd528 
732f0f9e: folds
7c8dd528: calls $2
e3c38b73: folds
32e16f56: raises $11 to $13
Hero: folds
7c8dd528: calls $11
*** FLOP *** [6h 8c 2s]
32e16f56: bets $8.4
7c8dd528: calls $8.4
*** TURN *** [6h 8c 2s] [5c]
32e16f56: checks
7c8dd528: checks
*** RIVER *** [6h 8c 2s 5c] [7h]
32e16f56: checks
7c8dd528: bets $44.8
32e16f56: folds
Uncalled bet ($44.8) returned to 7c8dd528
7c8dd528: shows [Ac Th]
*** SHOWDOWN ***
7c8dd528 collected $44.8 from pot
*** SUMMARY ***
Total pot $44.8
Board [6h 8c 2s 5c 7h]
Seat 4: 32e16f56(small blind) folded on the River
Seat 2: e3c38b73 folded before Flop (didn't bet)
Seat 5: Hero(big blind) folded before Flop
Seat 6: 732f0f9e folded before Flop (didn't bet)
Seat 7: 7c8dd528 showed [Ac Th] and won ($44.8) with Ace-High



