Poker Hand #ring_830419109: NLH No Limit ($1/$2) - 2025/04/18 22:54:05
Table 'MR NLH 1/2' 7-max Seat #6 is the button
Seat 6: bbaa243 ($184.42 in chips)
Seat 7: cd334fe ($370.55 in chips)
Seat 1: 27e25776 ($453.7 in chips)
Seat 2: Hero ($201.55 in chips)
Seat 4: c9a39f6d ($334.43 in chips)
Seat 3: 4eab7ee3 ($479.42 in chips)
cd334fe: posts small blind $1
27e25776: posts big blind $2
*** HOLE CARDS ***
Dealt to bbaa243 
Dealt to cd334fe 
Dealt to 27e25776 
Dealt to Hero [2s Qh]
Dealt to c9a39f6d 
Dealt to 4eab7ee3 
Hero: folds
4eab7ee3: folds
c9a39f6d: raises $3 to $5
bbaa243: folds
cd334fe: folds
27e25776: calls $3
*** FLOP *** [4s 5c 9d]
27e25776: checks
c9a39f6d: bets $3.63
27e25776: raises $7.37 to $11
c9a39f6d: calls $7.37
*** TURN *** [4s 5c 9d] [2d]
27e25776: bets $22.2
c9a39f6d: folds
Uncalled bet ($22.2) returned to 27e25776
*** SHOWDOWN ***
27e25776 collected $33 from pot
*** SUMMARY ***
Total pot $33
Board [4s 5c 9d 2d]
Seat 6: bbaa243 folded before Flop (didn't bet)
Seat 7: cd334fe(small blind) folded before Flop
Seat 1: 27e25776(big blind)won ($33) with Ace-High
Seat 2: Hero folded before Flop (didn't bet)
Seat 4: c9a39f6d folded on the Turn
Seat 3: 4eab7ee3 folded before Flop (didn't bet)



Poker Hand #ring_830418346: NLH No Limit ($1/$2) - 2025/04/18 22:53:37
Table 'MR NLH 1/2' 7-max Seat #4 is the button
Seat 6: bbaa243 ($185.42 in chips)
Seat 7: cd334fe ($369.55 in chips)
Seat 1: 27e25776 ($453.7 in chips)
Seat 2: Hero ($201.55 in chips)
Seat 4: c9a39f6d ($334.43 in chips)
Seat 3: 4eab7ee3 ($479.42 in chips)
bbaa243: posts small blind $1
cd334fe: posts big blind $2
*** HOLE CARDS ***
Dealt to bbaa243 
Dealt to cd334fe 
Dealt to 27e25776 
Dealt to Hero [9d 5h]
Dealt to c9a39f6d 
Dealt to 4eab7ee3 
27e25776: folds
Hero: folds
4eab7ee3: folds
c9a39f6d: folds
bbaa243: folds
*** SHOWDOWN ***
cd334fe collected $3 from pot
*** SUMMARY ***
Total pot $3
Seat 6: bbaa243(small blind) folded before Flop
Seat 7: cd334fe(big blind)won ($3)
Seat 1: 27e25776 folded before Flop (didn't bet)
Seat 2: Hero folded before Flop (didn't bet)
Seat 4: c9a39f6d folded before Flop (didn't bet)
Seat 3: 4eab7ee3 folded before Flop (didn't bet)



Poker Hand #ring_830417658: NLH No Limit ($1/$2) - 2025/04/18 22:53:09
Table 'MR NLH 1/2' 7-max Seat #3 is the button
Seat 6: bbaa243 ($179 in chips)
Seat 7: cd334fe ($369.55 in chips)
Seat 1: 27e25776 ($453.7 in chips)
Seat 2: Hero ($201.55 in chips)
Seat 4: c9a39f6d ($335.43 in chips)
Seat 3: 4eab7ee3 ($485.42 in chips)
c9a39f6d: posts small blind $1
bbaa243: posts big blind $2
*** HOLE CARDS ***
Dealt to bbaa243 
Dealt to cd334fe 
Dealt to 27e25776 
Dealt to Hero [Ts 4s]
Dealt to c9a39f6d 
Dealt to 4eab7ee3 
cd334fe: folds
27e25776: folds
Hero: folds
4eab7ee3: raises $4 to $6
c9a39f6d: folds
bbaa243: calls $4
*** FLOP *** [Jc 8h 5s]
bbaa243: bets $6.5
4eab7ee3: folds
Uncalled bet ($6.5) returned to bbaa243
*** SHOWDOWN ***
bbaa243 collected $13 from pot
*** SUMMARY ***
Total pot $13
Board [Jc 8h 5s]
Seat 6: bbaa243(big blind)won ($13) with Pair of Eights
Seat 7: cd334fe folded before Flop (didn't bet)
Seat 1: 27e25776 folded before Flop (didn't bet)
Seat 2: Hero folded before Flop (didn't bet)
Seat 4: c9a39f6d(small blind) folded before Flop
Seat 3: 4eab7ee3 folded on the Flop



Poker Hand #ring_830417088: NLH No Limit ($1/$2) - 2025/04/18 22:52:49
Table 'MR NLH 1/2' 7-max Seat #2 is the button
Seat 6: bbaa243 ($179 in chips)
Seat 7: cd334fe ($369.55 in chips)
Seat 1: 27e25776 ($453.7 in chips)
Seat 2: Hero ($201.55 in chips)
Seat 4: c9a39f6d ($334.43 in chips)
Seat 3: 4eab7ee3 ($486.42 in chips)
4eab7ee3: posts small blind $1
c9a39f6d: posts big blind $2
*** HOLE CARDS ***
Dealt to bbaa243 
Dealt to cd334fe 
Dealt to 27e25776 
Dealt to Hero [8h Qs]
Dealt to c9a39f6d 
Dealt to 4eab7ee3 
bbaa243: folds
cd334fe: folds
27e25776: folds
Hero: folds
4eab7ee3: folds
*** SHOWDOWN ***
c9a39f6d collected $3 from pot
*** SUMMARY ***
Total pot $3
Seat 6: bbaa243 folded before Flop (didn't bet)
Seat 7: cd334fe folded before Flop (didn't bet)
Seat 1: 27e25776 folded before Flop (didn't bet)
Seat 2: Hero folded before Flop (didn't bet)
Seat 4: c9a39f6d(big blind)won ($3)
Seat 3: 4eab7ee3(small blind) folded before Flop



Poker Hand #ring_830416103: NLH No Limit ($1/$2) - 2025/04/18 22:52:11
Table 'MR NLH 1/2' 7-max Seat #1 is the button
Seat 6: bbaa243 ($179 in chips)
Seat 7: cd334fe ($369.55 in chips)
Seat 1: 27e25776 ($453.7 in chips)
Seat 2: Hero ($202.55 in chips)
Seat 4: c9a39f6d ($334.43 in chips)
Seat 3: 4eab7ee3 ($485.42 in chips)
Hero: posts small blind $1
4eab7ee3: posts big blind $2
*** HOLE CARDS ***
Dealt to bbaa243 
Dealt to cd334fe 
Dealt to 27e25776 
Dealt to Hero [7s 5h]
Dealt to c9a39f6d 
Dealt to 4eab7ee3 
c9a39f6d: folds
bbaa243: folds
cd334fe: folds
27e25776: folds
Hero: folds
*** SHOWDOWN ***
4eab7ee3 collected $3 from pot
*** SUMMARY ***
Total pot $3
Seat 6: bbaa243 folded before Flop (didn't bet)
Seat 7: cd334fe folded before Flop (didn't bet)
Seat 1: 27e25776 folded before Flop (didn't bet)
Seat 2: Hero(small blind) folded before Flop
Seat 4: c9a39f6d folded before Flop (didn't bet)
Seat 3: 4eab7ee3(big blind)won ($3)



Poker Hand #ring_830414812: NLH No Limit ($1/$2) - 2025/04/18 22:51:23
Table 'MR NLH 1/2' 7-max Seat #7 is the button
Seat 6: bbaa243 ($179 in chips)
Seat 7: cd334fe ($360.22 in chips)
Seat 1: 27e25776 ($458.7 in chips)
Seat 2: Hero ($207.55 in chips)
Seat 4: c9a39f6d ($334.43 in chips)
Seat 3: 4eab7ee3 ($485.42 in chips)
27e25776: posts small blind $1
Hero: posts big blind $2
*** HOLE CARDS ***
Dealt to bbaa243 
Dealt to cd334fe 
Dealt to 27e25776 
Dealt to Hero [7c Td]
Dealt to c9a39f6d 
Dealt to 4eab7ee3 
4eab7ee3: folds
c9a39f6d: folds
bbaa243: folds
cd334fe: raises $3 to $5
27e25776: calls $4
Hero: calls $3
*** FLOP *** [3h 2h As]
27e25776: checks
Hero: checks
cd334fe: bets $11.1
27e25776: folds
Hero: folds
Uncalled bet ($11.1) returned to cd334fe
*** SHOWDOWN ***
cd334fe collected $15 from pot
*** SUMMARY ***
Total pot $15
Board [3h 2h As]
Seat 6: bbaa243 folded before Flop (didn't bet)
Seat 7: cd334fewon ($15) with Three Treys
Seat 1: 27e25776(small blind) folded on the Flop
Seat 2: Hero(big blind) folded on the Flop
Seat 4: c9a39f6d folded before Flop (didn't bet)
Seat 3: 4eab7ee3 folded before Flop (didn't bet)



Poker Hand #ring_830385510: NLH No Limit ($1/$2) - 2025/04/18 22:32:45
Table 'MR NLH 1/2' 7-max Seat #5 is the button
Seat 7: cd334fe ($365.98 in chips)
Seat 1: 27e25776 ($241.7 in chips)
Seat 5: 7b951bea ($238.22 in chips)
Seat 2: Hero ($207.55 in chips)
Seat 4: c9a39f6d ($423.62 in chips)
Seat 3: 4eab7ee3 ($446.21 in chips)
cd334fe: posts small blind $1
27e25776: posts big blind $2
*** HOLE CARDS ***
Dealt to cd334fe 
Dealt to 27e25776 
Dealt to 7b951bea 
Dealt to Hero [8s 5h]
Dealt to c9a39f6d 
Dealt to 4eab7ee3 
Hero: folds
4eab7ee3: folds
c9a39f6d: raises $3 to $5
7b951bea: folds
cd334fe: folds
27e25776: calls $3
*** FLOP *** [6h 8c Js]
27e25776: checks
c9a39f6d: bets $3.63
27e25776: raises $8.57 to $12.2
c9a39f6d: calls $8.57
*** TURN *** [6h 8c Js] [3c]
27e25776: bets $22.4
c9a39f6d: folds
Uncalled bet ($22.4) returned to 27e25776
*** SHOWDOWN ***
27e25776 collected $35.4 from pot
*** SUMMARY ***
Total pot $35.4
Board [6h 8c Js 3c]
Seat 7: cd334fe(small blind) folded before Flop
Seat 1: 27e25776(big blind)won ($35.4) with King-High
Seat 5: 7b951bea folded before Flop (didn't bet)
Seat 2: Hero folded before Flop (didn't bet)
Seat 4: c9a39f6d folded on the Turn
Seat 3: 4eab7ee3 folded before Flop (didn't bet)



Poker Hand #ring_830383819: NLH No Limit ($1/$2) - 2025/04/18 22:31:40
Table 'MR NLH 1/2' 7-max Seat #4 is the button
Seat 7: cd334fe ($367.98 in chips)
Seat 1: 27e25776 ($241.7 in chips)
Seat 5: 7b951bea ($239.22 in chips)
Seat 2: Hero ($237.17 in chips)
Seat 4: c9a39f6d ($423.62 in chips)
Seat 3: 4eab7ee3 ($416.89 in chips)
7b951bea: posts small blind $1
cd334fe: posts big blind $2
*** HOLE CARDS ***
Dealt to cd334fe 
Dealt to 27e25776 
Dealt to 7b951bea 
Dealt to Hero [9s 9h]
Dealt to c9a39f6d 
Dealt to 4eab7ee3 
27e25776: folds
Hero: raises $4 to $6
4eab7ee3: raises $11.25 to $17.25
c9a39f6d: folds
7b951bea: folds
cd334fe: folds
Hero: calls $11.25
*** FLOP *** [7c Ks 6s]
Hero: checks
4eab7ee3: bets $12.37
Hero: calls $12.37
*** TURN *** [7c Ks 6s] [Ah]
Hero: checks
4eab7ee3: bets $46.68
Hero: folds
Uncalled bet ($46.68) returned to 4eab7ee3
*** SHOWDOWN ***
4eab7ee3 collected $62.24 from pot
*** SUMMARY ***
Total pot $62.24
Board [7c Ks 6s Ah]
Seat 7: cd334fe(big blind) folded before Flop
Seat 1: 27e25776 folded before Flop (didn't bet)
Seat 5: 7b951bea(small blind) folded before Flop
Seat 2: Hero folded on the Turn
Seat 4: c9a39f6d folded before Flop (didn't bet)
Seat 3: 4eab7ee3won ($62.24) with Three Kings



Poker Hand #ring_830383189: NLH No Limit ($1/$2) - 2025/04/18 22:31:17
Table 'MR NLH 1/2' 7-max Seat #3 is the button
Seat 7: cd334fe ($367.98 in chips)
Seat 1: 27e25776 ($241.7 in chips)
Seat 5: 7b951bea ($241.22 in chips)
Seat 2: Hero ($237.17 in chips)
Seat 4: c9a39f6d ($421.62 in chips)
Seat 3: 4eab7ee3 ($416.89 in chips)
c9a39f6d: posts small blind $1
7b951bea: posts big blind $2
*** HOLE CARDS ***
Dealt to cd334fe 
Dealt to 27e25776 
Dealt to 7b951bea 
Dealt to Hero [2c Jc]
Dealt to c9a39f6d 
Dealt to 4eab7ee3 
cd334fe: folds
27e25776: folds
Hero: folds
4eab7ee3: folds
c9a39f6d: raises $4 to $6
7b951bea: folds
Uncalled bet ($4) returned to c9a39f6d
*** SHOWDOWN ***
c9a39f6d collected $4 from pot
*** SUMMARY ***
Total pot $4
Seat 7: cd334fe folded before Flop (didn't bet)
Seat 1: 27e25776 folded before Flop (didn't bet)
Seat 5: 7b951bea(big blind) folded before Flop
Seat 2: Hero folded before Flop (didn't bet)
Seat 4: c9a39f6d(small blind)won ($4)
Seat 3: 4eab7ee3 folded before Flop (didn't bet)



Poker Hand #ring_830381500: NLH No Limit ($1/$2) - 2025/04/18 22:30:11
Table 'MR NLH 1/2' 7-max Seat #2 is the button
Seat 7: cd334fe ($367.98 in chips)
Seat 1: 27e25776 ($246.7 in chips)
Seat 5: 7b951bea ($241.22 in chips)
Seat 2: Hero ($236.22 in chips)
Seat 4: c9a39f6d ($420.67 in chips)
Seat 3: 4eab7ee3 ($417.89 in chips)
Seat 6: 1e6617dd ($448.76 in chips)
4eab7ee3: posts small blind $1
c9a39f6d: posts big blind $2
*** HOLE CARDS ***
Dealt to cd334fe 
Dealt to 27e25776 
Dealt to 7b951bea 
Dealt to Hero [Tc Ad]
Dealt to c9a39f6d 
Dealt to 4eab7ee3 
Dealt to 1e6617dd 
7b951bea: folds
1e6617dd: folds
cd334fe: folds
27e25776: raises $3 to $5
Hero: calls $5
4eab7ee3: folds
c9a39f6d: calls $3
*** FLOP *** [Ah 8c 4c]
c9a39f6d: checks
27e25776: checks
Hero: checks
*** TURN *** [Ah 8c 4c] [6s]
c9a39f6d: bets $8
27e25776: folds
Hero: calls $8
*** RIVER *** [Ah 8c 4c 6s] [Kd]
c9a39f6d: bets $24
Hero: calls $24
Hero: shows [Tc Ad]
c9a39f6d: shows [Ac Ts]
*** SHOWDOWN ***
Hero collected $40 from pot
c9a39f6d collected $40 from pot
*** SUMMARY ***
Total pot $80
Board [Ah 8c 4c 6s Kd]
Seat 7: cd334fe folded before Flop (didn't bet)
Seat 1: 27e25776 folded on the Turn
Seat 5: 7b951bea folded before Flop (didn't bet)
Seat 2: Hero showed [Tc Ad] and won ($40) with Pair of Aces
Seat 4: c9a39f6d(big blind) showed [Ac Ts] and won ($40) with Pair of Aces
Seat 3: 4eab7ee3(small blind) folded before Flop
Seat 6: 1e6617dd folded before Flop (didn't bet)



Poker Hand #ring_830379892: NLH No Limit ($1/$2) - 2025/04/18 22:29:10
Table 'MR NLH 1/2' 7-max Seat #1 is the button
Seat 7: cd334fe ($367.98 in chips)
Seat 1: 27e25776 ($262.63 in chips)
Seat 5: 7b951bea ($224.35 in chips)
Seat 2: Hero ($237.22 in chips)
Seat 4: c9a39f6d ($420.67 in chips)
Seat 3: 4eab7ee3 ($419.89 in chips)
Seat 6: 1e6617dd ($448.76 in chips)
Hero: posts small blind $1
4eab7ee3: posts big blind $2
*** HOLE CARDS ***
Dealt to cd334fe 
Dealt to 27e25776 
Dealt to 7b951bea 
Dealt to Hero [Ac Th]
Dealt to c9a39f6d 
Dealt to 4eab7ee3 
Dealt to 1e6617dd 
c9a39f6d: folds
7b951bea: calls $2
1e6617dd: folds
cd334fe: folds
27e25776: raises $7 to $9
Hero: folds
4eab7ee3: folds
7b951bea: calls $7
*** FLOP *** [9c 3h 6s]
7b951bea: checks
27e25776: bets $6.93
7b951bea: calls $6.93
*** TURN *** [9c 3h 6s] [Td]
7b951bea: checks
27e25776: checks
*** RIVER *** [9c 3h 6s Td] [Jd]
7b951bea: checks
27e25776: checks
27e25776: shows [Qs Ah]
7b951bea: shows [7d 6d]
*** SHOWDOWN ***
7b951bea collected $34.86 from pot
*** SUMMARY ***
Total pot $34.86
Board [9c 3h 6s Td Jd]
Seat 7: cd334fe folded before Flop (didn't bet)
Seat 1: 27e25776 showed [Qs Ah] and lost with Ace-High
Seat 5: 7b951bea showed [7d 6d] and won ($34.86) with Pair of Sixes
Seat 2: Hero(small blind) folded before Flop
Seat 4: c9a39f6d folded before Flop (didn't bet)
Seat 3: 4eab7ee3(big blind) folded before Flop
Seat 6: 1e6617dd folded before Flop (didn't bet)



Poker Hand #ring_830379419: NLH No Limit ($1/$2) - 2025/04/18 22:28:50
Table 'MR NLH 1/2' 7-max Seat #7 is the button
Seat 7: cd334fe ($367.98 in chips)
Seat 1: 27e25776 ($263.63 in chips)
Seat 5: 7b951bea ($221.35 in chips)
Seat 2: Hero ($239.22 in chips)
Seat 4: c9a39f6d ($420.67 in chips)
Seat 3: 4eab7ee3 ($419.89 in chips)
Seat 6: 1e6617dd ($448.76 in chips)
27e25776: posts small blind $1
Hero: posts big blind $2
*** HOLE CARDS ***
Dealt to cd334fe 
Dealt to 27e25776 
Dealt to 7b951bea 
Dealt to Hero [4s Kh]
Dealt to c9a39f6d 
Dealt to 4eab7ee3 
Dealt to 1e6617dd 
4eab7ee3: folds
c9a39f6d: folds
7b951bea: raises $6 to $8
1e6617dd: folds
cd334fe: folds
27e25776: folds
Hero: folds
Uncalled bet ($6) returned to 7b951bea
*** SHOWDOWN ***
7b951bea collected $5 from pot
*** SUMMARY ***
Total pot $5
Seat 7: cd334fe folded before Flop (didn't bet)
Seat 1: 27e25776(small blind) folded before Flop
Seat 5: 7b951beawon ($5)
Seat 2: Hero(big blind) folded before Flop
Seat 4: c9a39f6d folded before Flop (didn't bet)
Seat 3: 4eab7ee3 folded before Flop (didn't bet)
Seat 6: 1e6617dd folded before Flop (didn't bet)



Poker Hand #ring_830378295: NLH No Limit ($1/$2) - 2025/04/18 22:28:08
Table 'MR NLH 1/2' 7-max Seat #6 is the button
Seat 7: cd334fe ($368.98 in chips)
Seat 1: 27e25776 ($265.63 in chips)
Seat 5: 7b951bea ($209.02 in chips)
Seat 2: Hero ($250.17 in chips)
Seat 4: c9a39f6d ($420.67 in chips)
Seat 3: 4eab7ee3 ($419.89 in chips)
Seat 6: 1e6617dd ($448.76 in chips)
cd334fe: posts small blind $1
27e25776: posts big blind $2
*** HOLE CARDS ***
Dealt to cd334fe 
Dealt to 27e25776 
Dealt to 7b951bea 
Dealt to Hero [Th Jh]
Dealt to c9a39f6d 
Dealt to 4eab7ee3 
Dealt to 1e6617dd 
Hero: raises $4 to $6
4eab7ee3: folds
c9a39f6d: folds
7b951bea: raises $4.95 to $10.95
1e6617dd: folds
cd334fe: folds
27e25776: folds
Hero: calls $4.95
*** FLOP *** [4d Qs 5h]
Hero: checks
7b951bea: bets $12.45
Hero: folds
Uncalled bet ($12.45) returned to 7b951bea
*** SHOWDOWN ***
7b951bea collected $24.9 from pot
*** SUMMARY ***
Total pot $24.9
Board [4d Qs 5h]
Seat 7: cd334fe(small blind) folded before Flop
Seat 1: 27e25776(big blind) folded before Flop
Seat 5: 7b951beawon ($24.9) with Pair of Queens
Seat 2: Hero folded on the Flop
Seat 4: c9a39f6d folded before Flop (didn't bet)
Seat 3: 4eab7ee3 folded before Flop (didn't bet)
Seat 6: 1e6617dd folded before Flop (didn't bet)



Poker Hand #ring_830376573: NLH No Limit ($1/$2) - 2025/04/18 22:27:02
Table 'MR NLH 1/2' 7-max Seat #5 is the button
Seat 7: cd334fe ($370.98 in chips)
Seat 1: 27e25776 ($235.17 in chips)
Seat 5: 7b951bea ($209.02 in chips)
Seat 2: Hero ($281.04 in chips)
Seat 4: c9a39f6d ($420.67 in chips)
Seat 3: 4eab7ee3 ($419.89 in chips)
Seat 6: 1e6617dd ($449.76 in chips)
1e6617dd: posts small blind $1
cd334fe: posts big blind $2
*** HOLE CARDS ***
Dealt to cd334fe 
Dealt to 27e25776 
Dealt to 7b951bea 
Dealt to Hero [Ac Qh]
Dealt to c9a39f6d 
Dealt to 4eab7ee3 
Dealt to 1e6617dd 
27e25776: raises $3 to $5
Hero: raises $13 to $18
4eab7ee3: folds
c9a39f6d: folds
7b951bea: folds
1e6617dd: folds
cd334fe: folds
27e25776: calls $13
*** FLOP *** [9d 2c 6c]
27e25776: checks
Hero: checks
*** TURN *** [9d 2c 6c] [5d]
27e25776: bets $12.87
Hero: calls $12.87
*** RIVER *** [9d 2c 6c 5d] [4d]
27e25776: checks
Hero: checks
27e25776: shows [9h 9c]
Hero: shows [Ac Qh]
*** SHOWDOWN ***
27e25776 collected $64.74 from pot
*** SUMMARY ***
Total pot $64.74
Board [9d 2c 6c 5d 4d]
Seat 7: cd334fe(big blind) folded before Flop
Seat 1: 27e25776 showed [9h 9c] and won ($64.74) with Three Nines
Seat 5: 7b951bea folded before Flop (didn't bet)
Seat 2: Hero showed [Ac Qh] and lost with Ace-High
Seat 4: c9a39f6d folded before Flop (didn't bet)
Seat 3: 4eab7ee3 folded before Flop (didn't bet)
Seat 6: 1e6617dd(small blind) folded before Flop



Poker Hand #ring_830375079: NLH No Limit ($1/$2) - 2025/04/18 22:26:05
Table 'MR NLH 1/2' 7-max Seat #4 is the button
Seat 7: cd334fe ($370.98 in chips)
Seat 1: 27e25776 ($235.17 in chips)
Seat 5: 7b951bea ($210.02 in chips)
Seat 2: Hero ($281.04 in chips)
Seat 4: c9a39f6d ($435.33 in chips)
Seat 3: 4eab7ee3 ($419.89 in chips)
Seat 6: 1e6617dd ($435.96 in chips)
7b951bea: posts small blind $1
1e6617dd: posts big blind $2
*** HOLE CARDS ***
Dealt to cd334fe 
Dealt to 27e25776 
Dealt to 7b951bea 
Dealt to Hero [7d 9c]
Dealt to c9a39f6d 
Dealt to 4eab7ee3 
Dealt to 1e6617dd 
cd334fe: folds
27e25776: folds
Hero: folds
4eab7ee3: folds
c9a39f6d: raises $3 to $5
7b951bea: folds
1e6617dd: calls $3
*** FLOP *** [8s Jh 2d]
1e6617dd: checks
c9a39f6d: bets $3.63
1e6617dd: calls $3.63
*** TURN *** [8s Jh 2d] [6c]
1e6617dd: bets $6.03
c9a39f6d: calls $6.03
*** RIVER *** [8s Jh 2d 6c] [3c]
1e6617dd: bets $10.01
c9a39f6d: folds
Uncalled bet ($10.01) returned to 1e6617dd
*** SHOWDOWN ***
1e6617dd collected $30.32 from pot
*** SUMMARY ***
Total pot $30.32
Board [8s Jh 2d 6c 3c]
Seat 7: cd334fe folded before Flop (didn't bet)
Seat 1: 27e25776 folded before Flop (didn't bet)
Seat 5: 7b951bea(small blind) folded before Flop
Seat 2: Hero folded before Flop (didn't bet)
Seat 4: c9a39f6d folded on the River
Seat 3: 4eab7ee3 folded before Flop (didn't bet)
Seat 6: 1e6617dd(big blind)won ($30.32) with Pair of Eights



Poker Hand #ring_830374243: NLH No Limit ($1/$2) - 2025/04/18 22:25:33
Table 'MR NLH 1/2' 7-max Seat #3 is the button
Seat 7: cd334fe ($370.98 in chips)
Seat 1: 27e25776 ($235.17 in chips)
Seat 5: 7b951bea ($209.02 in chips)
Seat 2: Hero ($281.04 in chips)
Seat 4: c9a39f6d ($436.33 in chips)
Seat 3: 4eab7ee3 ($419.89 in chips)
Seat 6: 1e6617dd ($435.96 in chips)
c9a39f6d: posts small blind $1
7b951bea: posts big blind $2
*** HOLE CARDS ***
Dealt to cd334fe 
Dealt to 27e25776 
Dealt to 7b951bea 
Dealt to Hero [Kh 6c]
Dealt to c9a39f6d 
Dealt to 4eab7ee3 
Dealt to 1e6617dd 
1e6617dd: folds
cd334fe: folds
27e25776: folds
Hero: folds
4eab7ee3: folds
c9a39f6d: folds
*** SHOWDOWN ***
7b951bea collected $3 from pot
*** SUMMARY ***
Total pot $3
Seat 7: cd334fe folded before Flop (didn't bet)
Seat 1: 27e25776 folded before Flop (didn't bet)
Seat 5: 7b951bea(big blind)won ($3)
Seat 2: Hero folded before Flop (didn't bet)
Seat 4: c9a39f6d(small blind) folded before Flop
Seat 3: 4eab7ee3 folded before Flop (didn't bet)
Seat 6: 1e6617dd folded before Flop (didn't bet)



Poker Hand #ring_830373575: NLH No Limit ($1/$2) - 2025/04/18 22:25:06
Table 'MR NLH 1/2' 7-max Seat #2 is the button
Seat 7: cd334fe ($370.98 in chips)
Seat 1: 27e25776 ($235.17 in chips)
Seat 5: 7b951bea ($206.02 in chips)
Seat 2: Hero ($281.04 in chips)
Seat 4: c9a39f6d ($438.33 in chips)
Seat 3: 4eab7ee3 ($420.89 in chips)
Seat 6: 1e6617dd ($435.96 in chips)
4eab7ee3: posts small blind $1
c9a39f6d: posts big blind $2
*** HOLE CARDS ***
Dealt to cd334fe 
Dealt to 27e25776 
Dealt to 7b951bea 
Dealt to Hero [8d 6h]
Dealt to c9a39f6d 
Dealt to 4eab7ee3 
Dealt to 1e6617dd 
7b951bea: raises $3 to $5
1e6617dd: folds
cd334fe: folds
27e25776: folds
Hero: folds
4eab7ee3: folds
c9a39f6d: folds
Uncalled bet ($3) returned to 7b951bea
7b951bea: shows [As]
*** SHOWDOWN ***
7b951bea collected $5 from pot
*** SUMMARY ***
Total pot $5
Seat 7: cd334fe folded before Flop (didn't bet)
Seat 1: 27e25776 folded before Flop (didn't bet)
Seat 5: 7b951bea showed [As] and won ($5)
Seat 2: Hero folded before Flop (didn't bet)
Seat 4: c9a39f6d(big blind) folded before Flop
Seat 3: 4eab7ee3(small blind) folded before Flop
Seat 6: 1e6617dd folded before Flop (didn't bet)



Poker Hand #ring_830372677: NLH No Limit ($1/$2) - 2025/04/18 22:24:33
Table 'MR NLH 1/2' 7-max Seat #1 is the button
Seat 7: cd334fe ($370.98 in chips)
Seat 1: 27e25776 ($235.17 in chips)
Seat 5: 7b951bea ($206.02 in chips)
Seat 2: Hero ($279.04 in chips)
Seat 4: c9a39f6d ($438.33 in chips)
Seat 3: 4eab7ee3 ($422.89 in chips)
Seat 6: 1e6617dd ($435.96 in chips)
Hero: posts small blind $1
4eab7ee3: posts big blind $2
*** HOLE CARDS ***
Dealt to cd334fe 
Dealt to 27e25776 
Dealt to 7b951bea 
Dealt to Hero [3c Qc]
Dealt to c9a39f6d 
Dealt to 4eab7ee3 
Dealt to 1e6617dd 
c9a39f6d: folds
7b951bea: folds
1e6617dd: folds
cd334fe: folds
27e25776: folds
Hero: raises $3 to $5
4eab7ee3: folds
Uncalled bet ($3) returned to Hero
*** SHOWDOWN ***
Hero collected $4 from pot
*** SUMMARY ***
Total pot $4
Seat 7: cd334fe folded before Flop (didn't bet)
Seat 1: 27e25776 folded before Flop (didn't bet)
Seat 5: 7b951bea folded before Flop (didn't bet)
Seat 2: Hero(small blind)won ($4)
Seat 4: c9a39f6d folded before Flop (didn't bet)
Seat 3: 4eab7ee3(big blind) folded before Flop
Seat 6: 1e6617dd folded before Flop (didn't bet)



Poker Hand #ring_830371488: NLH No Limit ($1/$2) - 2025/04/18 22:23:46
Table 'MR NLH 1/2' 7-max Seat #7 is the button
Seat 7: cd334fe ($370.98 in chips)
Seat 1: 27e25776 ($236.17 in chips)
Seat 5: 7b951bea ($190 in chips)
Seat 2: Hero ($281.04 in chips)
Seat 4: c9a39f6d ($453.33 in chips)
Seat 3: 4eab7ee3 ($422.89 in chips)
Seat 6: 1e6617dd ($435.96 in chips)
27e25776: posts small blind $1
Hero: posts big blind $2
*** HOLE CARDS ***
Dealt to cd334fe 
Dealt to 27e25776 
Dealt to 7b951bea 
Dealt to Hero [Ks 8s]
Dealt to c9a39f6d 
Dealt to 4eab7ee3 
Dealt to 1e6617dd 
4eab7ee3: folds
c9a39f6d: raises $3 to $5
7b951bea: raises $10 to $15
1e6617dd: folds
cd334fe: folds
27e25776: folds
Hero: folds
c9a39f6d: calls $10
*** FLOP *** [2s Th 4d]
c9a39f6d: checks
7b951bea: checks
*** TURN *** [2s Th 4d] [Kc]
c9a39f6d: checks
7b951bea: bets $15
c9a39f6d: folds
Uncalled bet ($15) returned to 7b951bea
*** SHOWDOWN ***
7b951bea collected $33 from pot
*** SUMMARY ***
Total pot $33
Board [2s Th 4d Kc]
Seat 7: cd334fe folded before Flop (didn't bet)
Seat 1: 27e25776(small blind) folded before Flop
Seat 5: 7b951beawon ($33) with Ace-High
Seat 2: Hero(big blind) folded before Flop
Seat 4: c9a39f6d folded on the Turn
Seat 3: 4eab7ee3 folded before Flop (didn't bet)
Seat 6: 1e6617dd folded before Flop (didn't bet)



Poker Hand #ring_830370084: NLH No Limit ($1/$2) - 2025/04/18 22:22:54
Table 'MR NLH 1/2' 7-max Seat #6 is the button
Seat 7: cd334fe ($371.98 in chips)
Seat 1: 27e25776 ($238.17 in chips)
Seat 5: 7b951bea ($209 in chips)
Seat 2: Hero ($261.38 in chips)
Seat 4: c9a39f6d ($453.33 in chips)
Seat 3: 4eab7ee3 ($422.89 in chips)
Seat 6: 1e6617dd ($435.96 in chips)
cd334fe: posts small blind $1
27e25776: posts big blind $2
*** HOLE CARDS ***
Dealt to cd334fe 
Dealt to 27e25776 
Dealt to 7b951bea 
Dealt to Hero [Tc Ah]
Dealt to c9a39f6d 
Dealt to 4eab7ee3 
Dealt to 1e6617dd 
Hero: raises $3 to $5
4eab7ee3: folds
c9a39f6d: folds
7b951bea: raises $4 to $9
1e6617dd: folds
cd334fe: folds
27e25776: folds
Hero: calls $4
*** FLOP *** [Jd Qs 4d]
Hero: checks
7b951bea: bets $10
Hero: calls $10
*** TURN *** [Jd Qs 4d] [4c]
Hero: checks
7b951bea: checks
*** RIVER *** [Jd Qs 4d 4c] [Ad]
Hero: checks
7b951bea: checks
Hero: shows [Tc Ah]
7b951bea: shows [Jc 6c]
*** SHOWDOWN ***
Hero collected $41 from pot
*** SUMMARY ***
Total pot $41
Board [Jd Qs 4d 4c Ad]
Seat 7: cd334fe(small blind) folded before Flop
Seat 1: 27e25776(big blind) folded before Flop
Seat 5: 7b951bea showed [Jc 6c] and lost with Pair of Jacks and Pair of Fours
Seat 2: Hero showed [Tc Ah] and won ($41) with Pair of Aces and Pair of Fours
Seat 4: c9a39f6d folded before Flop (didn't bet)
Seat 3: 4eab7ee3 folded before Flop (didn't bet)
Seat 6: 1e6617dd folded before Flop (didn't bet)



Poker Hand #ring_830369017: NLH No Limit ($1/$2) - 2025/04/18 22:22:11
Table 'MR NLH 1/2' 7-max Seat #5 is the button
Seat 7: cd334fe ($373.98 in chips)
Seat 1: 27e25776 ($227.35 in chips)
Seat 5: 7b951bea ($218.29 in chips)
Seat 2: Hero ($261.38 in chips)
Seat 4: c9a39f6d ($453.33 in chips)
Seat 3: 4eab7ee3 ($422.89 in chips)
Seat 6: 1e6617dd ($436.96 in chips)
1e6617dd: posts small blind $1
cd334fe: posts big blind $2
*** HOLE CARDS ***
Dealt to cd334fe 
Dealt to 27e25776 
Dealt to 7b951bea 
Dealt to Hero [Kc 2c]
Dealt to c9a39f6d 
Dealt to 4eab7ee3 
Dealt to 1e6617dd 
27e25776: raises $3 to $5
Hero: folds
4eab7ee3: folds
c9a39f6d: folds
7b951bea: calls $5
1e6617dd: folds
cd334fe: folds
*** FLOP *** [5c 6h 5h]
27e25776: bets $4.29
7b951bea: calls $4.29
*** TURN *** [5c 6h 5h] [4c]
27e25776: bets $24.4
7b951bea: folds
Uncalled bet ($24.4) returned to 27e25776
*** SHOWDOWN ***
27e25776 collected $21.58 from pot
*** SUMMARY ***
Total pot $21.58
Board [5c 6h 5h 4c]
Seat 7: cd334fe(big blind) folded before Flop
Seat 1: 27e25776won ($21.58) with Pair of Fives
Seat 5: 7b951bea folded on the Turn
Seat 2: Hero folded before Flop (didn't bet)
Seat 4: c9a39f6d folded before Flop (didn't bet)
Seat 3: 4eab7ee3 folded before Flop (didn't bet)
Seat 6: 1e6617dd(small blind) folded before Flop



Poker Hand #ring_830367828: NLH No Limit ($1/$2) - 2025/04/18 22:21:25
Table 'MR NLH 1/2' 7-max Seat #4 is the button
Seat 7: cd334fe ($373.98 in chips)
Seat 1: 27e25776 ($217.07 in chips)
Seat 5: 7b951bea ($219.29 in chips)
Seat 2: Hero ($266.38 in chips)
Seat 4: c9a39f6d ($453.33 in chips)
Seat 3: 4eab7ee3 ($422.89 in chips)
Seat 6: 1e6617dd ($441.96 in chips)
7b951bea: posts small blind $1
1e6617dd: posts big blind $2
*** HOLE CARDS ***
Dealt to cd334fe 
Dealt to 27e25776 
Dealt to 7b951bea 
Dealt to Hero [6c 4c]
Dealt to c9a39f6d 
Dealt to 4eab7ee3 
Dealt to 1e6617dd 
cd334fe: folds
27e25776: raises $3 to $5
Hero: calls $5
4eab7ee3: folds
c9a39f6d: folds
7b951bea: folds
1e6617dd: calls $3
*** FLOP *** [Qc 3s 3h]
1e6617dd: checks
27e25776: bets $5.28
Hero: folds
1e6617dd: folds
Uncalled bet ($5.28) returned to 27e25776
*** SHOWDOWN ***
27e25776 collected $16 from pot
*** SUMMARY ***
Total pot $16
Board [Qc 3s 3h]
Seat 7: cd334fe folded before Flop (didn't bet)
Seat 1: 27e25776won ($16) with Pair of Queens and Pair of Treys
Seat 5: 7b951bea(small blind) folded before Flop
Seat 2: Hero folded on the Flop
Seat 4: c9a39f6d folded before Flop (didn't bet)
Seat 3: 4eab7ee3 folded before Flop (didn't bet)
Seat 6: 1e6617dd(big blind) folded on the Flop



Poker Hand #ring_830366782: NLH No Limit ($1/$2) - 2025/04/18 22:20:45
Table 'MR NLH 1/2' 7-max Seat #3 is the button
Seat 7: cd334fe ($379.98 in chips)
Seat 1: 27e25776 ($217.07 in chips)
Seat 5: 7b951bea ($221.29 in chips)
Seat 2: Hero ($258.05 in chips)
Seat 4: c9a39f6d ($454.33 in chips)
Seat 3: 4eab7ee3 ($422.89 in chips)
Seat 6: 1e6617dd ($441.96 in chips)
c9a39f6d: posts small blind $1
7b951bea: posts big blind $2
*** HOLE CARDS ***
Dealt to cd334fe 
Dealt to 27e25776 
Dealt to 7b951bea 
Dealt to Hero [As Ts]
Dealt to c9a39f6d 
Dealt to 4eab7ee3 
Dealt to 1e6617dd 
1e6617dd: folds
cd334fe: raises $4 to $6
27e25776: folds
Hero: calls $6
4eab7ee3: folds
c9a39f6d: folds
7b951bea: folds
*** FLOP *** [6d Kh Qd]
cd334fe: checks
Hero: checks
*** TURN *** [6d Kh Qd] [8d]
cd334fe: checks
Hero: checks
*** RIVER *** [6d Kh Qd 8d] [2c]
cd334fe: checks
Hero: checks
Hero: shows [As Ts]
cd334fe: shows [Ac 7c]
*** SHOWDOWN ***
Hero collected $15 from pot
*** SUMMARY ***
Total pot $15
Board [6d Kh Qd 8d 2c]
Seat 7: cd334fe showed [Ac 7c] and lost with Ace-High
Seat 1: 27e25776 folded before Flop (didn't bet)
Seat 5: 7b951bea(big blind) folded before Flop
Seat 2: Hero showed [As Ts] and won ($15) with Ace-High
Seat 4: c9a39f6d(small blind) folded before Flop
Seat 3: 4eab7ee3 folded before Flop (didn't bet)
Seat 6: 1e6617dd folded before Flop (didn't bet)



Poker Hand #ring_830365977: NLH No Limit ($1/$2) - 2025/04/18 22:20:12
Table 'MR NLH 1/2' 7-max Seat #2 is the button
Seat 7: cd334fe ($376.98 in chips)
Seat 1: 27e25776 ($217.07 in chips)
Seat 5: 7b951bea ($221.29 in chips)
Seat 2: Hero ($258.05 in chips)
Seat 4: c9a39f6d ($456.33 in chips)
Seat 3: 4eab7ee3 ($423.89 in chips)
Seat 6: 1e6617dd ($441.96 in chips)
4eab7ee3: posts small blind $1
c9a39f6d: posts big blind $2
*** HOLE CARDS ***
Dealt to cd334fe 
Dealt to 27e25776 
Dealt to 7b951bea 
Dealt to Hero [7d Ks]
Dealt to c9a39f6d 
Dealt to 4eab7ee3 
Dealt to 1e6617dd 
7b951bea: folds
1e6617dd: folds
cd334fe: raises $4 to $6
27e25776: folds
Hero: folds
4eab7ee3: folds
c9a39f6d: folds
Uncalled bet ($4) returned to cd334fe
*** SHOWDOWN ***
cd334fe collected $5 from pot
*** SUMMARY ***
Total pot $5
Seat 7: cd334fewon ($5)
Seat 1: 27e25776 folded before Flop (didn't bet)
Seat 5: 7b951bea folded before Flop (didn't bet)
Seat 2: Hero folded before Flop (didn't bet)
Seat 4: c9a39f6d(big blind) folded before Flop
Seat 3: 4eab7ee3(small blind) folded before Flop
Seat 6: 1e6617dd folded before Flop (didn't bet)



Poker Hand #ring_830364641: NLH No Limit ($1/$2) - 2025/04/18 22:19:20
Table 'MR NLH 1/2' 7-max Seat #1 is the button
Seat 7: cd334fe ($376.98 in chips)
Seat 1: 27e25776 ($214.07 in chips)
Seat 5: 7b951bea ($221.29 in chips)
Seat 2: Hero ($259.05 in chips)
Seat 4: c9a39f6d ($456.33 in chips)
Seat 3: 4eab7ee3 ($425.89 in chips)
Seat 6: 1e6617dd ($441.96 in chips)
Hero: posts small blind $1
4eab7ee3: posts big blind $2
*** HOLE CARDS ***
Dealt to cd334fe 
Dealt to 27e25776 
Dealt to 7b951bea 
Dealt to Hero [Ks 7c]
Dealt to c9a39f6d 
Dealt to 4eab7ee3 
Dealt to 1e6617dd 
c9a39f6d: folds
7b951bea: folds
1e6617dd: folds
cd334fe: folds
27e25776: raises $3 to $5
Hero: folds
4eab7ee3: folds
Uncalled bet ($3) returned to 27e25776
*** SHOWDOWN ***
27e25776 collected $5 from pot
*** SUMMARY ***
Total pot $5
Seat 7: cd334fe folded before Flop (didn't bet)
Seat 1: 27e25776won ($5)
Seat 5: 7b951bea folded before Flop (didn't bet)
Seat 2: Hero(small blind) folded before Flop
Seat 4: c9a39f6d folded before Flop (didn't bet)
Seat 3: 4eab7ee3(big blind) folded before Flop
Seat 6: 1e6617dd folded before Flop (didn't bet)



Poker Hand #ring_830362745: NLH No Limit ($1/$2) - 2025/04/18 22:18:06
Table 'MR NLH 1/2' 7-max Seat #7 is the button
Seat 7: cd334fe ($376.98 in chips)
Seat 1: 27e25776 ($215.07 in chips)
Seat 5: 7b951bea ($207.69 in chips)
Seat 2: Hero ($273.49 in chips)
Seat 4: c9a39f6d ($456.33 in chips)
Seat 3: 4eab7ee3 ($425.89 in chips)
Seat 6: 1e6617dd ($441.96 in chips)
27e25776: posts small blind $1
Hero: posts big blind $2
*** HOLE CARDS ***
Dealt to cd334fe 
Dealt to 27e25776 
Dealt to 7b951bea 
Dealt to Hero [2d As]
Dealt to c9a39f6d 
Dealt to 4eab7ee3 
Dealt to 1e6617dd 
4eab7ee3: folds
c9a39f6d: folds
7b951bea: raises $2 to $4
1e6617dd: folds
cd334fe: folds
27e25776: folds
Hero: calls $2
*** FLOP *** [Qc 4c 3d]
Hero: checks
7b951bea: bets $2.97
Hero: calls $2.97
*** TURN *** [Qc 4c 3d] [7c]
Hero: checks
7b951bea: checks
*** RIVER *** [Qc 4c 3d 7c] [Qd]
Hero: checks
7b951bea: bets $7.47
Hero: calls $7.47
Hero: shows [2d As]
7b951bea: shows [Ac 8c]
*** SHOWDOWN ***
7b951bea collected $29.88 from pot
*** SUMMARY ***
Total pot $29.88
Board [Qc 4c 3d 7c Qd]
Seat 7: cd334fe folded before Flop (didn't bet)
Seat 1: 27e25776(small blind) folded before Flop
Seat 5: 7b951bea showed [Ac 8c] and won ($29.88) with Ace High Flush
Seat 2: Hero(big blind) showed [2d As] and lost with Pair of Queens
Seat 4: c9a39f6d folded before Flop (didn't bet)
Seat 3: 4eab7ee3 folded before Flop (didn't bet)
Seat 6: 1e6617dd folded before Flop (didn't bet)



Poker Hand #ring_830353541: NLH No Limit ($1/$2) - 2025/04/18 22:11:58
Table 'MR NLH 1/2' 7-max Seat #6 is the button
Seat 7: cd334fe ($316.62 in chips)
Seat 1: 27e25776 ($249.57 in chips)
Seat 5: 7b951bea ($229.22 in chips)
Seat 2: Hero ($273.49 in chips)
Seat 4: c9a39f6d ($433.07 in chips)
Seat 3: 4eab7ee3 ($423.06 in chips)
Seat 6: 1e6617dd ($487.62 in chips)
cd334fe: posts small blind $1
27e25776: posts big blind $2
*** HOLE CARDS ***
Dealt to cd334fe 
Dealt to 27e25776 
Dealt to 7b951bea 
Dealt to Hero [Js 7c]
Dealt to c9a39f6d 
Dealt to 4eab7ee3 
Dealt to 1e6617dd 
Hero: folds
4eab7ee3: raises $4 to $6
c9a39f6d: folds
7b951bea: folds
1e6617dd: folds
cd334fe: folds
27e25776: calls $4
*** FLOP *** [8d 6d 3c]
27e25776: checks
4eab7ee3: checks
*** TURN *** [8d 6d 3c] [2c]
27e25776: bets $6.5
4eab7ee3: calls $6.5
*** RIVER *** [8d 6d 3c 2c] [Jh]
27e25776: checks
4eab7ee3: bets $13
27e25776: folds
Uncalled bet ($13) returned to 4eab7ee3
*** SHOWDOWN ***
4eab7ee3 collected $26 from pot
*** SUMMARY ***
Total pot $26
Board [8d 6d 3c 2c Jh]
Seat 7: cd334fe(small blind) folded before Flop
Seat 1: 27e25776(big blind) folded on the River
Seat 5: 7b951bea folded before Flop (didn't bet)
Seat 2: Hero folded before Flop (didn't bet)
Seat 4: c9a39f6d folded before Flop (didn't bet)
Seat 3: 4eab7ee3won ($26) with Three Jacks
Seat 6: 1e6617dd folded before Flop (didn't bet)



Poker Hand #ring_830352324: NLH No Limit ($1/$2) - 2025/04/18 22:11:08
Table 'MR NLH 1/2' 7-max Seat #5 is the button
Seat 7: cd334fe ($306.8 in chips)
Seat 1: 27e25776 ($249.57 in chips)
Seat 5: 7b951bea ($229.22 in chips)
Seat 2: Hero ($273.49 in chips)
Seat 4: c9a39f6d ($433.07 in chips)
Seat 3: 4eab7ee3 ($433.35 in chips)
Seat 6: 1e6617dd ($488.62 in chips)
1e6617dd: posts small blind $1
cd334fe: posts big blind $2
*** HOLE CARDS ***
Dealt to cd334fe 
Dealt to 27e25776 
Dealt to 7b951bea 
Dealt to Hero [6s Kd]
Dealt to c9a39f6d 
Dealt to 4eab7ee3 
Dealt to 1e6617dd 
27e25776: folds
Hero: folds
4eab7ee3: raises $4 to $6
c9a39f6d: folds
7b951bea: folds
1e6617dd: folds
cd334fe: calls $4
*** FLOP *** [5s 2s Kh]
cd334fe: checks
4eab7ee3: bets $4.29
cd334fe: raises $15.97 to $20.26
4eab7ee3: folds
Uncalled bet ($15.97) returned to cd334fe
*** SHOWDOWN ***
cd334fe collected $21.58 from pot
*** SUMMARY ***
Total pot $21.58
Board [5s 2s Kh]
Seat 7: cd334fe(big blind)won ($21.58) with Ace-High
Seat 1: 27e25776 folded before Flop (didn't bet)
Seat 5: 7b951bea folded before Flop (didn't bet)
Seat 2: Hero folded before Flop (didn't bet)
Seat 4: c9a39f6d folded before Flop (didn't bet)
Seat 3: 4eab7ee3 folded on the Flop
Seat 6: 1e6617dd(small blind) folded before Flop



Poker Hand #ring_830351178: NLH No Limit ($1/$2) - 2025/04/18 22:10:23
Table 'MR NLH 1/2' 7-max Seat #4 is the button
Seat 7: cd334fe ($326.8 in chips)
Seat 1: 27e25776 ($249.57 in chips)
Seat 5: 7b951bea ($230.22 in chips)
Seat 2: Hero ($273.49 in chips)
Seat 4: c9a39f6d ($412.5 in chips)
Seat 3: 4eab7ee3 ($433.35 in chips)
Seat 6: 1e6617dd ($490.62 in chips)
7b951bea: posts small blind $1
1e6617dd: posts big blind $2
*** HOLE CARDS ***
Dealt to cd334fe 
Dealt to 27e25776 
Dealt to 7b951bea 
Dealt to Hero [3h 7s]
Dealt to c9a39f6d 
Dealt to 4eab7ee3 
Dealt to 1e6617dd 
cd334fe: raises $4 to $6
27e25776: folds
Hero: folds
4eab7ee3: folds
c9a39f6d: raises $14 to $20
7b951bea: folds
1e6617dd: folds
cd334fe: calls $14
*** FLOP *** [Qc Qs Tc]
cd334fe: checks
c9a39f6d: bets $14.19
cd334fe: folds
Uncalled bet ($14.19) returned to c9a39f6d
*** SHOWDOWN ***
c9a39f6d collected $43 from pot
*** SUMMARY ***
Total pot $43
Board [Qc Qs Tc]
Seat 7: cd334fe folded on the Flop
Seat 1: 27e25776 folded before Flop (didn't bet)
Seat 5: 7b951bea(small blind) folded before Flop
Seat 2: Hero folded before Flop (didn't bet)
Seat 4: c9a39f6dwon ($43) with Pair of Queens and Pair of Jacks
Seat 3: 4eab7ee3 folded before Flop (didn't bet)
Seat 6: 1e6617dd(big blind) folded before Flop



Poker Hand #ring_830350530: NLH No Limit ($1/$2) - 2025/04/18 22:09:56
Table 'MR NLH 1/2' 7-max Seat #3 is the button
Seat 7: cd334fe ($326.8 in chips)
Seat 1: 27e25776 ($249.57 in chips)
Seat 5: 7b951bea ($232.22 in chips)
Seat 2: Hero ($270.49 in chips)
Seat 4: c9a39f6d ($413.5 in chips)
Seat 3: 4eab7ee3 ($433.35 in chips)
Seat 6: 1e6617dd ($490.62 in chips)
c9a39f6d: posts small blind $1
7b951bea: posts big blind $2
*** HOLE CARDS ***
Dealt to cd334fe 
Dealt to 27e25776 
Dealt to 7b951bea 
Dealt to Hero [Ah Jh]
Dealt to c9a39f6d 
Dealt to 4eab7ee3 
Dealt to 1e6617dd 
1e6617dd: folds
cd334fe: folds
27e25776: folds
Hero: raises $4 to $6
4eab7ee3: folds
c9a39f6d: folds
7b951bea: folds
Uncalled bet ($4) returned to Hero
*** SHOWDOWN ***
Hero collected $5 from pot
*** SUMMARY ***
Total pot $5
Seat 7: cd334fe folded before Flop (didn't bet)
Seat 1: 27e25776 folded before Flop (didn't bet)
Seat 5: 7b951bea(big blind) folded before Flop
Seat 2: Herowon ($5)
Seat 4: c9a39f6d(small blind) folded before Flop
Seat 3: 4eab7ee3 folded before Flop (didn't bet)
Seat 6: 1e6617dd folded before Flop (didn't bet)



Poker Hand #ring_830348506: NLH No Limit ($1/$2) - 2025/04/18 22:08:36
Table 'MR NLH 1/2' 7-max Seat #2 is the button
Seat 7: cd334fe ($390.21 in chips)
Seat 1: 27e25776 ($249.57 in chips)
Seat 5: 7b951bea ($172.15 in chips)
Seat 2: Hero ($270.49 in chips)
Seat 4: c9a39f6d ($415.5 in chips)
Seat 3: 4eab7ee3 ($434.35 in chips)
Seat 6: 1e6617dd ($490.62 in chips)
4eab7ee3: posts small blind $1
c9a39f6d: posts big blind $2
*** HOLE CARDS ***
Dealt to cd334fe 
Dealt to 27e25776 
Dealt to 7b951bea 
Dealt to Hero [9s Ad]
Dealt to c9a39f6d 
Dealt to 4eab7ee3 
Dealt to 1e6617dd 
7b951bea: calls $2
1e6617dd: folds
cd334fe: raises $6 to $8
27e25776: folds
Hero: folds
4eab7ee3: folds
c9a39f6d: folds
7b951bea: calls $6
*** FLOP *** [Jd 6d 9c]
7b951bea: checks
cd334fe: checks
*** TURN *** [Jd 6d 9c] [Th]
7b951bea: bets $6.27
cd334fe: calls $6.27
*** RIVER *** [Jd 6d 9c Th] [Kc]
7b951bea: bets $10.4
cd334fe: raises $38.74 to $49.14
7b951bea: raises $42.84 to $91.98
cd334fe: folds
Uncalled bet ($42.84) returned to 7b951bea
7b951bea: shows [2h 3h]
*** SHOWDOWN ***
7b951bea collected $129.82 from pot
*** SUMMARY ***
Total pot $129.82
Board [Jd 6d 9c Th Kc]
Seat 7: cd334fe folded on the River
Seat 1: 27e25776 folded before Flop (didn't bet)
Seat 5: 7b951bea showed [2h 3h] and won ($129.82) with King-High
Seat 2: Hero folded before Flop (didn't bet)
Seat 4: c9a39f6d(big blind) folded before Flop
Seat 3: 4eab7ee3(small blind) folded before Flop
Seat 6: 1e6617dd folded before Flop (didn't bet)



Poker Hand #ring_830347237: NLH No Limit ($1/$2) - 2025/04/18 22:07:46
Table 'MR NLH 1/2' 7-max Seat #1 is the button
Seat 7: cd334fe ($390.21 in chips)
Seat 1: 27e25776 ($240.24 in chips)
Seat 5: 7b951bea ($172.15 in chips)
Seat 2: Hero ($275.49 in chips)
Seat 4: c9a39f6d ($415.5 in chips)
Seat 3: 4eab7ee3 ($439.35 in chips)
Seat 6: 1e6617dd ($490.62 in chips)
Hero: posts small blind $1
4eab7ee3: posts big blind $2
*** HOLE CARDS ***
Dealt to cd334fe 
Dealt to 27e25776 
Dealt to 7b951bea 
Dealt to Hero [Ad Th]
Dealt to c9a39f6d 
Dealt to 4eab7ee3 
Dealt to 1e6617dd 
c9a39f6d: folds
7b951bea: folds
1e6617dd: folds
cd334fe: folds
27e25776: raises $3 to $5
Hero: calls $4
4eab7ee3: calls $3
*** FLOP *** [2d 2c Js]
Hero: checks
4eab7ee3: checks
27e25776: bets $7.5
Hero: folds
4eab7ee3: folds
Uncalled bet ($7.5) returned to 27e25776
*** SHOWDOWN ***
27e25776 collected $15 from pot
*** SUMMARY ***
Total pot $15
Board [2d 2c Js]
Seat 7: cd334fe folded before Flop (didn't bet)
Seat 1: 27e25776won ($15) with Pair of Twos
Seat 5: 7b951bea folded before Flop (didn't bet)
Seat 2: Hero(small blind) folded on the Flop
Seat 4: c9a39f6d folded before Flop (didn't bet)
Seat 3: 4eab7ee3(big blind) folded on the Flop
Seat 6: 1e6617dd folded before Flop (didn't bet)



Poker Hand #ring_830345522: NLH No Limit ($1/$2) - 2025/04/18 22:06:39
Table 'MR NLH 1/2' 7-max Seat #7 is the button
Seat 7: cd334fe ($390.21 in chips)
Seat 1: 27e25776 ($274.24 in chips)
Seat 5: 7b951bea ($172.15 in chips)
Seat 2: Hero ($277.49 in chips)
Seat 4: c9a39f6d ($415.5 in chips)
Seat 3: 4eab7ee3 ($407 in chips)
Seat 6: 1e6617dd ($490.62 in chips)
27e25776: posts small blind $1
Hero: posts big blind $2
*** HOLE CARDS ***
Dealt to cd334fe 
Dealt to 27e25776 
Dealt to 7b951bea 
Dealt to Hero [Qd 4s]
Dealt to c9a39f6d 
Dealt to 4eab7ee3 
Dealt to 1e6617dd 
4eab7ee3: raises $4 to $6
c9a39f6d: folds
7b951bea: folds
1e6617dd: folds
cd334fe: folds
27e25776: calls $5
Hero: folds
*** FLOP *** [Qc 2s 9s]
27e25776: checks
4eab7ee3: bets $7
27e25776: calls $7
*** TURN *** [Qc 2s 9s] [Ah]
27e25776: checks
4eab7ee3: bets $21
27e25776: calls $21
*** RIVER *** [Qc 2s 9s Ah] [6h]
27e25776: checks
4eab7ee3: bets $29.4
27e25776: folds
Uncalled bet ($29.4) returned to 4eab7ee3
*** SHOWDOWN ***
4eab7ee3 collected $70 from pot
*** SUMMARY ***
Total pot $70
Board [Qc 2s 9s Ah 6h]
Seat 7: cd334fe folded before Flop (didn't bet)
Seat 1: 27e25776(small blind) folded on the River
Seat 5: 7b951bea folded before Flop (didn't bet)
Seat 2: Hero(big blind) folded before Flop
Seat 4: c9a39f6d folded before Flop (didn't bet)
Seat 3: 4eab7ee3won ($70) with Pair of Aces
Seat 6: 1e6617dd folded before Flop (didn't bet)



Poker Hand #ring_830344748: NLH No Limit ($1/$2) - 2025/04/18 22:06:08
Table 'MR NLH 1/2' 7-max Seat #6 is the button
Seat 7: cd334fe ($391.21 in chips)
Seat 1: 27e25776 ($276.24 in chips)
Seat 5: 7b951bea ($172.15 in chips)
Seat 2: Hero ($277.49 in chips)
Seat 4: c9a39f6d ($412.5 in chips)
Seat 3: 4eab7ee3 ($407 in chips)
Seat 6: 1e6617dd ($490.62 in chips)
cd334fe: posts small blind $1
27e25776: posts big blind $2
*** HOLE CARDS ***
Dealt to cd334fe 
Dealt to 27e25776 
Dealt to 7b951bea 
Dealt to Hero [7d 9c]
Dealt to c9a39f6d 
Dealt to 4eab7ee3 
Dealt to 1e6617dd 
Hero: folds
4eab7ee3: folds
c9a39f6d: raises $3 to $5
7b951bea: folds
1e6617dd: folds
cd334fe: folds
27e25776: folds
Uncalled bet ($3) returned to c9a39f6d
*** SHOWDOWN ***
c9a39f6d collected $5 from pot
*** SUMMARY ***
Total pot $5
Seat 7: cd334fe(small blind) folded before Flop
Seat 1: 27e25776(big blind) folded before Flop
Seat 5: 7b951bea folded before Flop (didn't bet)
Seat 2: Hero folded before Flop (didn't bet)
Seat 4: c9a39f6dwon ($5)
Seat 3: 4eab7ee3 folded before Flop (didn't bet)
Seat 6: 1e6617dd folded before Flop (didn't bet)



Poker Hand #ring_830344203: NLH No Limit ($1/$2) - 2025/04/18 22:05:47
Table 'MR NLH 1/2' 7-max Seat #5 is the button
Seat 7: cd334fe ($390.21 in chips)
Seat 1: 27e25776 ($276.24 in chips)
Seat 5: 7b951bea ($172.15 in chips)
Seat 2: Hero ($277.49 in chips)
Seat 4: c9a39f6d ($412.5 in chips)
Seat 3: 4eab7ee3 ($407 in chips)
Seat 6: 1e6617dd ($491.62 in chips)
1e6617dd: posts small blind $1
cd334fe: posts big blind $2
*** HOLE CARDS ***
Dealt to cd334fe 
Dealt to 27e25776 
Dealt to 7b951bea 
Dealt to Hero [3s 7s]
Dealt to c9a39f6d 
Dealt to 4eab7ee3 
Dealt to 1e6617dd 
27e25776: folds
Hero: folds
4eab7ee3: folds
c9a39f6d: folds
7b951bea: folds
1e6617dd: folds
*** SHOWDOWN ***
cd334fe collected $3 from pot
*** SUMMARY ***
Total pot $3
Seat 7: cd334fe(big blind)won ($3)
Seat 1: 27e25776 folded before Flop (didn't bet)
Seat 5: 7b951bea folded before Flop (didn't bet)
Seat 2: Hero folded before Flop (didn't bet)
Seat 4: c9a39f6d folded before Flop (didn't bet)
Seat 3: 4eab7ee3 folded before Flop (didn't bet)
Seat 6: 1e6617dd(small blind) folded before Flop



Poker Hand #ring_830343207: NLH No Limit ($1/$2) - 2025/04/18 22:05:08
Table 'MR NLH 1/2' 7-max Seat #4 is the button
Seat 7: cd334fe ($390.21 in chips)
Seat 1: 27e25776 ($276.24 in chips)
Seat 5: 7b951bea ($154.15 in chips)
Seat 2: Hero ($277.49 in chips)
Seat 4: c9a39f6d ($412.5 in chips)
Seat 3: 4eab7ee3 ($407 in chips)
Seat 6: 1e6617dd ($509.62 in chips)
7b951bea: posts small blind $1
1e6617dd: posts big blind $2
*** HOLE CARDS ***
Dealt to cd334fe 
Dealt to 27e25776 
Dealt to 7b951bea 
Dealt to Hero [Jh 2c]
Dealt to c9a39f6d 
Dealt to 4eab7ee3 
Dealt to 1e6617dd 
cd334fe: folds
27e25776: folds
Hero: folds
4eab7ee3: folds
c9a39f6d: folds
7b951bea: raises $4 to $6
1e6617dd: raises $12 to $18
7b951bea: raises $136.15 to $154.15 and is all-in
1e6617dd: folds
Uncalled bet ($136.15) returned to 7b951bea
*** SHOWDOWN ***
7b951bea collected $36 from pot
*** SUMMARY ***
Total pot $36
Seat 7: cd334fe folded before Flop (didn't bet)
Seat 1: 27e25776 folded before Flop (didn't bet)
Seat 5: 7b951bea(small blind)won ($36)
Seat 2: Hero folded before Flop (didn't bet)
Seat 4: c9a39f6d folded before Flop (didn't bet)
Seat 3: 4eab7ee3 folded before Flop (didn't bet)
Seat 6: 1e6617dd(big blind) folded before Flop



Poker Hand #ring_830342087: NLH No Limit ($1/$2) - 2025/04/18 22:04:25
Table 'MR NLH 1/2' 7-max Seat #3 is the button
Seat 7: cd334fe ($390.21 in chips)
Seat 1: 27e25776 ($281.24 in chips)
Seat 5: 7b951bea ($156.15 in chips)
Seat 2: Hero ($277.49 in chips)
Seat 4: c9a39f6d ($413.5 in chips)
Seat 3: 4eab7ee3 ($399 in chips)
Seat 6: 1e6617dd ($509.62 in chips)
c9a39f6d: posts small blind $1
7b951bea: posts big blind $2
*** HOLE CARDS ***
Dealt to cd334fe 
Dealt to 27e25776 
Dealt to 7b951bea 
Dealt to Hero [Kc 5d]
Dealt to c9a39f6d 
Dealt to 4eab7ee3 
Dealt to 1e6617dd 
1e6617dd: folds
cd334fe: folds
27e25776: raises $3 to $5
Hero: folds
4eab7ee3: raises $13 to $18
c9a39f6d: folds
7b951bea: folds
27e25776: folds
Uncalled bet ($13) returned to 4eab7ee3
*** SHOWDOWN ***
4eab7ee3 collected $13 from pot
*** SUMMARY ***
Total pot $13
Seat 7: cd334fe folded before Flop (didn't bet)
Seat 1: 27e25776 folded before Flop
Seat 5: 7b951bea(big blind) folded before Flop
Seat 2: Hero folded before Flop (didn't bet)
Seat 4: c9a39f6d(small blind) folded before Flop
Seat 3: 4eab7ee3won ($13)
Seat 6: 1e6617dd folded before Flop (didn't bet)



Poker Hand #ring_830341234: NLH No Limit ($1/$2) - 2025/04/18 22:03:51
Table 'MR NLH 1/2' 7-max Seat #2 is the button
Seat 7: cd334fe ($390.21 in chips)
Seat 1: 27e25776 ($281.24 in chips)
Seat 5: 7b951bea ($160.15 in chips)
Seat 2: Hero ($277.49 in chips)
Seat 4: c9a39f6d ($399 in chips)
Seat 3: 4eab7ee3 ($400 in chips)
Seat 6: 1e6617dd ($519.12 in chips)
4eab7ee3: posts small blind $1
c9a39f6d: posts big blind $2
*** HOLE CARDS ***
Dealt to cd334fe 
Dealt to 27e25776 
Dealt to 7b951bea 
Dealt to Hero [Th 8d]
Dealt to c9a39f6d 
Dealt to 4eab7ee3 
Dealt to 1e6617dd 
7b951bea: raises $2 to $4
1e6617dd: raises $5.5 to $9.5
cd334fe: folds
27e25776: folds
Hero: folds
4eab7ee3: folds
c9a39f6d: raises $22.5 to $32
7b951bea: folds
1e6617dd: folds
Uncalled bet ($22.5) returned to c9a39f6d
*** SHOWDOWN ***
c9a39f6d collected $24 from pot
*** SUMMARY ***
Total pot $24
Seat 7: cd334fe folded before Flop (didn't bet)
Seat 1: 27e25776 folded before Flop (didn't bet)
Seat 5: 7b951bea folded before Flop
Seat 2: Hero folded before Flop (didn't bet)
Seat 4: c9a39f6d(big blind)won ($24)
Seat 3: 4eab7ee3(small blind) folded before Flop
Seat 6: 1e6617dd folded before Flop



Poker Hand #ring_830340644: NLH No Limit ($1/$2) - 2025/04/18 22:03:28
Table 'MR NLH 1/2' 7-max Seat #1 is the button
Seat 7: cd334fe ($387.21 in chips)
Seat 1: 27e25776 ($281.24 in chips)
Seat 5: 7b951bea ($160.15 in chips)
Seat 2: Hero ($278.49 in chips)
Seat 4: c9a39f6d ($399 in chips)
Seat 3: 4eab7ee3 ($400 in chips)
Seat 6: 1e6617dd ($519.12 in chips)
Hero: posts small blind $1
4eab7ee3: posts big blind $2
*** HOLE CARDS ***
Dealt to cd334fe 
Dealt to 27e25776 
Dealt to 7b951bea 
Dealt to Hero [7s Td]
Dealt to c9a39f6d 
Dealt to 4eab7ee3 
Dealt to 1e6617dd 
c9a39f6d: folds
7b951bea: folds
1e6617dd: folds
cd334fe: raises $4 to $6
27e25776: folds
Hero: folds
4eab7ee3: folds
Uncalled bet ($4) returned to cd334fe
*** SHOWDOWN ***
cd334fe collected $5 from pot
*** SUMMARY ***
Total pot $5
Seat 7: cd334fewon ($5)
Seat 1: 27e25776 folded before Flop (didn't bet)
Seat 5: 7b951bea folded before Flop (didn't bet)
Seat 2: Hero(small blind) folded before Flop
Seat 4: c9a39f6d folded before Flop (didn't bet)
Seat 3: 4eab7ee3(big blind) folded before Flop
Seat 6: 1e6617dd folded before Flop (didn't bet)



Poker Hand #ring_830339542: NLH No Limit ($1/$2) - 2025/04/18 22:02:42
Table 'MR NLH 1/2' 7-max Seat #7 is the button
Seat 7: cd334fe ($387.21 in chips)
Seat 1: 27e25776 ($282.24 in chips)
Seat 5: 7b951bea ($150 in chips)
Seat 2: Hero ($280.49 in chips)
Seat 4: c9a39f6d ($399 in chips)
Seat 3: 4eab7ee3 ($404.43 in chips)
Seat 6: 1e6617dd ($519.12 in chips)
27e25776: posts small blind $1
Hero: posts big blind $2
7b951bea: posts big blind $2
*** HOLE CARDS ***
Dealt to cd334fe 
Dealt to 27e25776 
Dealt to 7b951bea 
Dealt to Hero [Ad 3c]
Dealt to c9a39f6d 
Dealt to 4eab7ee3 
Dealt to 1e6617dd 
4eab7ee3: raises $6 to $8
c9a39f6d: folds
7b951bea: calls $6
1e6617dd: folds
cd334fe: folds
27e25776: folds
Hero: folds
*** FLOP *** [Ts 5d 5h]
4eab7ee3: checks
7b951bea: bets $6.27
4eab7ee3: folds
Uncalled bet ($6.27) returned to 7b951bea
*** SHOWDOWN ***
7b951bea collected $19 from pot
*** SUMMARY ***
Total pot $19
Board [Ts 5d 5h]
Seat 7: cd334fe folded before Flop (didn't bet)
Seat 1: 27e25776(small blind) folded before Flop
Seat 5: 7b951beawon ($19) with Pair of Fives
Seat 2: Hero(big blind) folded before Flop
Seat 4: c9a39f6d folded before Flop (didn't bet)
Seat 3: 4eab7ee3 folded on the Flop
Seat 6: 1e6617dd folded before Flop (didn't bet)



Poker Hand #ring_830337043: NLH No Limit ($1/$2) - 2025/04/18 22:01:03
Table 'MR NLH 1/2' 7-max Seat #6 is the button
Seat 7: cd334fe ($388.21 in chips)
Seat 1: 27e25776 ($290.24 in chips)
Seat 2: Hero ($230.99 in chips)
Seat 4: c9a39f6d ($399 in chips)
Seat 3: 4eab7ee3 ($449.93 in chips)
Seat 6: 1e6617dd ($519.12 in chips)
cd334fe: posts small blind $1
27e25776: posts big blind $2
*** HOLE CARDS ***
Dealt to cd334fe 
Dealt to 27e25776 
Dealt to Hero [Ks 8s]
Dealt to c9a39f6d 
Dealt to 4eab7ee3 
Dealt to 1e6617dd 
Hero: calls $2
4eab7ee3: raises $6 to $8
c9a39f6d: folds
1e6617dd: folds
cd334fe: folds
27e25776: calls $6
Hero: calls $6
*** FLOP *** [4c 3h 8c]
27e25776: checks
Hero: bets $12.5
4eab7ee3: calls $12.5
27e25776: folds
*** TURN *** [4c 3h 8c] [Qd]
Hero: checks
4eab7ee3: checks
*** RIVER *** [4c 3h 8c Qd] [7h]
Hero: bets $25
4eab7ee3: calls $25
Hero: shows [Ks 8s]
4eab7ee3: shows [6c 6d]
*** SHOWDOWN ***
Hero collected $100 from pot
*** SUMMARY ***
Total pot $100
Board [4c 3h 8c Qd 7h]
Seat 7: cd334fe(small blind) folded before Flop
Seat 1: 27e25776(big blind) folded on the Flop
Seat 2: Hero showed [Ks 8s] and won ($100) with Pair of Eights
Seat 4: c9a39f6d folded before Flop (didn't bet)
Seat 3: 4eab7ee3 showed [6c 6d] and lost with Pair of Sixes
Seat 6: 1e6617dd folded before Flop (didn't bet)



Poker Hand #ring_830336074: NLH No Limit ($1/$2) - 2025/04/18 22:00:25
Table 'MR NLH 1/2' 7-max Seat #4 is the button
Seat 7: cd334fe ($382.7 in chips)
Seat 1: 27e25776 ($290.24 in chips)
Seat 2: Hero ($235.99 in chips)
Seat 4: c9a39f6d ($399 in chips)
Seat 3: 4eab7ee3 ($449.93 in chips)
Seat 6: 1e6617dd ($520.12 in chips)
1e6617dd: posts small blind $1
cd334fe: posts big blind $2
*** HOLE CARDS ***
Dealt to cd334fe 
Dealt to 27e25776 
Dealt to Hero [9d 5d]
Dealt to c9a39f6d 
Dealt to 4eab7ee3 
Dealt to 1e6617dd 
27e25776: folds
Hero: raises $3 to $5
4eab7ee3: folds
c9a39f6d: folds
1e6617dd: folds
cd334fe: calls $3
*** FLOP *** [As 7c 7s]
cd334fe: checks
Hero: checks
*** TURN *** [As 7c 7s] [9s]
cd334fe: checks
Hero: checks
*** RIVER *** [As 7c 7s 9s] [Qd]
cd334fe: bets $11
Hero: folds
Uncalled bet ($11) returned to cd334fe
*** SHOWDOWN ***
cd334fe collected $11 from pot
*** SUMMARY ***
Total pot $11
Board [As 7c 7s 9s Qd]
Seat 7: cd334fe(big blind)won ($11) with Pair of Aces and Pair of Sevens
Seat 1: 27e25776 folded before Flop (didn't bet)
Seat 2: Hero folded on the River
Seat 4: c9a39f6d folded before Flop (didn't bet)
Seat 3: 4eab7ee3 folded before Flop (didn't bet)
Seat 6: 1e6617dd(small blind) folded before Flop



Poker Hand #ring_830334995: NLH No Limit ($1/$2) - 2025/04/18 21:59:42
Table 'MR NLH 1/2' 7-max Seat #3 is the button
Seat 7: cd334fe ($382.7 in chips)
Seat 1: 27e25776 ($295.24 in chips)
Seat 2: Hero ($227.99 in chips)
Seat 4: c9a39f6d ($400 in chips)
Seat 3: 4eab7ee3 ($449.93 in chips)
Seat 6: 1e6617dd ($522.12 in chips)
c9a39f6d: posts small blind $1
1e6617dd: posts big blind $2
*** HOLE CARDS ***
Dealt to cd334fe 
Dealt to 27e25776 
Dealt to Hero [Th Tc]
Dealt to c9a39f6d 
Dealt to 4eab7ee3 
Dealt to 1e6617dd 
cd334fe: folds
27e25776: raises $3 to $5
Hero: raises $13 to $18
4eab7ee3: folds
c9a39f6d: folds
1e6617dd: folds
27e25776: folds
Uncalled bet ($13) returned to Hero
*** SHOWDOWN ***
Hero collected $13 from pot
*** SUMMARY ***
Total pot $13
Seat 7: cd334fe folded before Flop (didn't bet)
Seat 1: 27e25776 folded before Flop
Seat 2: Herowon ($13)
Seat 4: c9a39f6d(small blind) folded before Flop
Seat 3: 4eab7ee3 folded before Flop (didn't bet)
Seat 6: 1e6617dd(big blind) folded before Flop



Poker Hand #ring_830333699: NLH No Limit ($1/$2) - 2025/04/18 21:58:49
Table 'MR NLH 1/2' 7-max Seat #2 is the button
Seat 7: cd334fe ($382.7 in chips)
Seat 1: 27e25776 ($295.24 in chips)
Seat 2: Hero ($193 in chips)
Seat 4: c9a39f6d ($400 in chips)
Seat 3: 4eab7ee3 ($450.93 in chips)
Seat 6: 1e6617dd ($557.97 in chips)
4eab7ee3: posts small blind $1
c9a39f6d: posts big blind $2
*** HOLE CARDS ***
Dealt to cd334fe 
Dealt to 27e25776 
Dealt to Hero [Ad Qh]
Dealt to c9a39f6d 
Dealt to 4eab7ee3 
Dealt to 1e6617dd 
1e6617dd: raises $4 to $6
cd334fe: folds
27e25776: folds
Hero: raises $15 to $21
4eab7ee3: folds
c9a39f6d: folds
1e6617dd: calls $15
*** FLOP *** [6d 5d 4h]
1e6617dd: bets $14.85
Hero: calls $14.85
*** TURN *** [6d 5d 4h] [Qc]
1e6617dd: checks
Hero: bets $56.02
1e6617dd: folds
Uncalled bet ($56.02) returned to Hero
*** SHOWDOWN ***
Hero collected $74.7 from pot
*** SUMMARY ***
Total pot $74.7
Board [6d 5d 4h Qc]
Seat 7: cd334fe folded before Flop (didn't bet)
Seat 1: 27e25776 folded before Flop (didn't bet)
Seat 2: Herowon ($74.7) with Pair of Queens
Seat 4: c9a39f6d(big blind) folded before Flop
Seat 3: 4eab7ee3(small blind) folded before Flop
Seat 6: 1e6617dd folded on the Turn



Poker Hand #ring_830332188: NLH No Limit ($1/$2) - 2025/04/18 21:57:47
Table 'MR NLH 1/2' 7-max Seat #1 is the button
Seat 7: cd334fe ($382.7 in chips)
Seat 1: 27e25776 ($276.85 in chips)
Seat 2: Hero ($194 in chips)
Seat 4: c9a39f6d ($400 in chips)
Seat 3: 4eab7ee3 ($452.93 in chips)
Seat 6: 1e6617dd ($575.57 in chips)
Hero: posts small blind $1
4eab7ee3: posts big blind $2
*** HOLE CARDS ***
Dealt to cd334fe 
Dealt to 27e25776 
Dealt to Hero [Ks 3s]
Dealt to c9a39f6d 
Dealt to 4eab7ee3 
Dealt to 1e6617dd 
c9a39f6d: folds
1e6617dd: raises $4 to $6
cd334fe: folds
27e25776: raises $11.6 to $17.6
Hero: folds
4eab7ee3: folds
1e6617dd: calls $11.6
*** FLOP *** [7c Jd 4h]
1e6617dd: checks
27e25776: bets $12.61
1e6617dd: folds
Uncalled bet ($12.61) returned to 27e25776
*** SHOWDOWN ***
27e25776 collected $38.2 from pot
*** SUMMARY ***
Total pot $38.2
Board [7c Jd 4h]
Seat 7: cd334fe folded before Flop (didn't bet)
Seat 1: 27e25776won ($38.2) with Pair of Aces
Seat 2: Hero(small blind) folded before Flop
Seat 4: c9a39f6d folded before Flop (didn't bet)
Seat 3: 4eab7ee3(big blind) folded before Flop
Seat 6: 1e6617dd folded on the Flop



Poker Hand #ring_830330423: NLH No Limit ($1/$2) - 2025/04/18 21:56:37
Table 'MR NLH 1/2' 7-max Seat #7 is the button
Seat 7: cd334fe ($426.62 in chips)
Seat 1: 27e25776 ($282.85 in chips)
Seat 2: Hero ($200 in chips)
Seat 4: c9a39f6d ($400 in chips)
Seat 3: 4eab7ee3 ($402 in chips)
Seat 6: 1e6617dd ($575.57 in chips)
27e25776: posts small blind $1
Hero: posts big blind $2
*** HOLE CARDS ***
Dealt to cd334fe 
Dealt to 27e25776 
Dealt to Hero [8s 6h]
Dealt to c9a39f6d 
Dealt to 4eab7ee3 
Dealt to 1e6617dd 
4eab7ee3: raises $4 to $6
c9a39f6d: folds
1e6617dd: folds
cd334fe: calls $6
27e25776: calls $5
Hero: calls $4
*** FLOP *** [Ah Kh 2s]
27e25776: checks
Hero: checks
4eab7ee3: checks
cd334fe: bets $12.96
27e25776: folds
Hero: folds
4eab7ee3: calls $12.96
*** TURN *** [Ah Kh 2s] [Ks]
4eab7ee3: checks
cd334fe: checks
*** RIVER *** [Ah Kh 2s Ks] [7s]
4eab7ee3: bets $24.96
cd334fe: calls $24.96
4eab7ee3: shows [Kc Qd]
cd334fe: shows [Ad Jd]
*** SHOWDOWN ***
4eab7ee3 collected $99.84 from pot
*** SUMMARY ***
Total pot $99.84
Board [Ah Kh 2s Ks 7s]
Seat 7: cd334fe showed [Ad Jd] and lost with Pair of Aces and Pair of Kings
Seat 1: 27e25776(small blind) folded on the Flop
Seat 2: Hero(big blind) folded on the Flop
Seat 4: c9a39f6d folded before Flop (didn't bet)
Seat 3: 4eab7ee3 showed [Kc Qd] and won ($99.84) with Three Kings
Seat 6: 1e6617dd folded before Flop (didn't bet)



