Poker Hand #ring_822476286: NLH No Limit ($2/$4) - 2025/04/14 01:01:58
Table 'MR NLH 2/4' 7-max Seat #5 is the button
Seat 4: 19371606 ($817.96 in chips)
Seat 1: fc36c880 ($352.24 in chips)
Seat 5: 612b28d6 ($327.81 in chips)
Seat 3: 7c6f208 ($432.57 in chips)
Seat 7: Hero ($54.36 in chips)
Seat 6: 9c47ed9c ($1,276.07 in chips)
9c47ed9c: posts small blind $2
Hero: posts big blind $4
*** HOLE CARDS ***
Dealt to 19371606 
Dealt to fc36c880 
Dealt to 612b28d6 
Dealt to 7c6f208 
Dealt to Hero [7d 7h]
Dealt to 9c47ed9c 
fc36c880: folds
7c6f208: folds
19371606: folds
612b28d6: folds
9c47ed9c: calls $2
Hero: raises $8 to $12
9c47ed9c: raises $380 to $392
Hero: calls $42.36 and is all-in
Uncalled bet ($337.64) returned to 9c47ed9c
9c47ed9c: shows [Kc Kd]
Hero: shows [7d 7h]
*** FLOP *** [6s 5h 4d]
*** TURN *** [6s 5h 4d] [Kh]
*** RIVER *** [6s 5h 4d Kh] [2s]
fc36c880: shows [3h]
7c6f208: shows [5c]
*** SHOWDOWN ***
9c47ed9c collected $108.72 from pot
*** SUMMARY ***
Total pot $108.72
Board [6s 5h 4d Kh 2s]
Seat 4: 19371606 folded before Flop (didn't bet)
Seat 1: fc36c880 folded before Flop (didn't bet)
Seat 5: 612b28d6 folded before Flop (didn't bet)
Seat 3: 7c6f208 folded before Flop (didn't bet)
Seat 7: Hero(big blind) showed [7d 7h] and lost with Pair of Sevens
Seat 6: 9c47ed9c(small blind) showed [Kc Kd] and won ($108.72) with Three Kings



Poker Hand #ring_822474163: NLH No Limit ($2/$4) - 2025/04/14 01:00:38
Table 'MR NLH 2/4' 7-max Seat #4 is the button
Seat 4: 19371606 ($817.96 in chips)
Seat 1: fc36c880 ($364.24 in chips)
Seat 5: 612b28d6 ($365.81 in chips)
Seat 3: 7c6f208 ($200 in chips)
Seat 7: Hero ($254.36 in chips)
Seat 6: 9c47ed9c ($1,280.07 in chips)
612b28d6: posts small blind $2
9c47ed9c: posts big blind $4
7c6f208: posts big blind $4
*** HOLE CARDS ***
Dealt to 19371606 
Dealt to fc36c880 
Dealt to 612b28d6 
Dealt to 7c6f208 
Dealt to Hero [Ks Jc]
Dealt to 9c47ed9c 
Hero: raises $8 to $12
fc36c880: calls $12
7c6f208: calls $8
19371606: folds
612b28d6: calls $10
9c47ed9c: folds
*** FLOP *** [8c 2h Jh]
612b28d6: checks
Hero: bets $26
fc36c880: folds
7c6f208: calls $26
612b28d6: calls $26
*** TURN *** [8c 2h Jh] [7d]
612b28d6: checks
Hero: bets $70.3
7c6f208: calls $70.3
612b28d6: folds
*** RIVER *** [8c 2h Jh 7d] [3c]
Hero: bets $146.06 and is all-in
7c6f208: calls $91.7 and is all-in
Uncalled bet ($54.36) returned to Hero
7c6f208: shows [8h 3h]
Hero: shows [Ks Jc]
*** SHOWDOWN ***
7c6f208 collected $454 from pot
*** SUMMARY ***
Total pot $454
Board [8c 2h Jh 7d 3c]
Seat 4: 19371606 folded before Flop (didn't bet)
Seat 1: fc36c880 folded on the Flop
Seat 5: 612b28d6(small blind) folded on the Turn
Seat 3: 7c6f208 showed [8h 3h] and won ($454) with Pair of Eights and Pair of Treys
Seat 7: Hero showed [Ks Jc] and lost with Pair of Jacks
Seat 6: 9c47ed9c(big blind) folded before Flop



Poker Hand #ring_822473571: NLH No Limit ($2/$4) - 2025/04/14 01:00:15
Table 'MR NLH 2/4' 7-max Seat #1 is the button
Seat 4: 19371606 ($819.96 in chips)
Seat 1: fc36c880 ($348.24 in chips)
Seat 5: 612b28d6 ($369.81 in chips)
Seat 7: Hero ($254.36 in chips)
Seat 6: 9c47ed9c ($1,290.07 in chips)
19371606: posts small blind $2
612b28d6: posts big blind $4
*** HOLE CARDS ***
Dealt to 19371606 
Dealt to fc36c880 
Dealt to 612b28d6 
Dealt to Hero [Jc 9s]
Dealt to 9c47ed9c 
9c47ed9c: raises $6 to $10
Hero: folds
fc36c880: raises $19.5 to $29.5
19371606: folds
612b28d6: folds
9c47ed9c: folds
Uncalled bet ($19.5) returned to fc36c880
*** SHOWDOWN ***
fc36c880 collected $26 from pot
*** SUMMARY ***
Total pot $26
Seat 4: 19371606(small blind) folded before Flop
Seat 1: fc36c880won ($26)
Seat 5: 612b28d6(big blind) folded before Flop
Seat 7: Hero folded before Flop (didn't bet)
Seat 6: 9c47ed9c folded before Flop



Poker Hand #ring_822472446: NLH No Limit ($2/$4) - 2025/04/14 00:59:33
Table 'MR NLH 2/4' 7-max Seat #7 is the button
Seat 4: 19371606 ($777.51 in chips)
Seat 1: fc36c880 ($350.24 in chips)
Seat 5: 612b28d6 ($369.81 in chips)
Seat 7: Hero ($300 in chips)
Seat 6: 9c47ed9c ($1,290.07 in chips)
fc36c880: posts small blind $2
19371606: posts big blind $4
*** HOLE CARDS ***
Dealt to 19371606 
Dealt to fc36c880 
Dealt to 612b28d6 
Dealt to Hero [3h 2h]
Dealt to 9c47ed9c 
612b28d6: folds
9c47ed9c: folds
Hero: raises $6 to $10
fc36c880: folds
19371606: calls $6
*** FLOP *** [Qs Ah Qc]
19371606: checks
Hero: checks
*** TURN *** [Qs Ah Qc] [9c]
19371606: bets $12.32
Hero: calls $12.32
*** RIVER *** [Qs Ah Qc 9c] [7s]
19371606: checks
Hero: bets $23.32
19371606: calls $23.32
19371606: shows [9h Ac]
Hero: shows [3h 2h]
*** SHOWDOWN ***
19371606 collected $93.28 from pot
*** SUMMARY ***
Total pot $93.28
Board [Qs Ah Qc 9c 7s]
Seat 4: 19371606(big blind) showed [9h Ac] and won ($93.28) with Pair of Aces and Pair of Queens
Seat 1: fc36c880(small blind) folded before Flop
Seat 5: 612b28d6 folded before Flop (didn't bet)
Seat 7: Hero showed [3h 2h] and lost with Pair of Queens
Seat 6: 9c47ed9c folded before Flop (didn't bet)



Poker Hand #ring_822471838: NLH No Limit ($2/$4) - 2025/04/14 00:59:11
Table 'MR NLH 2/4' 7-max Seat #6 is the button
Seat 4: 19371606 ($777.51 in chips)
Seat 1: fc36c880 ($354.24 in chips)
Seat 5: 612b28d6 ($369.81 in chips)
Seat 7: Hero ($296 in chips)
Seat 6: 9c47ed9c ($1,290.07 in chips)
Hero: posts small blind $2
fc36c880: posts big blind $4
*** HOLE CARDS ***
Dealt to 19371606 
Dealt to fc36c880 
Dealt to 612b28d6 
Dealt to Hero [As 7s]
Dealt to 9c47ed9c 
19371606: folds
612b28d6: folds
9c47ed9c: folds
Hero: raises $6 to $10
fc36c880: folds
Uncalled bet ($6) returned to Hero
*** SHOWDOWN ***
Hero collected $8 from pot
*** SUMMARY ***
Total pot $8
Seat 4: 19371606 folded before Flop (didn't bet)
Seat 1: fc36c880(big blind) folded before Flop
Seat 5: 612b28d6 folded before Flop (didn't bet)
Seat 7: Hero(small blind)won ($8)
Seat 6: 9c47ed9c folded before Flop (didn't bet)



Poker Hand #ring_822470534: NLH No Limit ($2/$4) - 2025/04/14 00:58:23
Table 'MR NLH 2/4' 7-max Seat #5 is the button
Seat 4: 19371606 ($811.91 in chips)
Seat 1: fc36c880 ($308.65 in chips)
Seat 5: 612b28d6 ($369.81 in chips)
Seat 7: Hero ($200 in chips)
Seat 6: 9c47ed9c ($1,302.07 in chips)
9c47ed9c: posts small blind $2
Hero: posts big blind $4
*** HOLE CARDS ***
Dealt to 19371606 
Dealt to fc36c880 
Dealt to 612b28d6 
Dealt to Hero [4d Qc]
Dealt to 9c47ed9c 
fc36c880: raises $8 to $12
19371606: calls $12
612b28d6: folds
9c47ed9c: calls $10
Hero: folds
*** FLOP *** [Jh 5h 7h]
9c47ed9c: checks
fc36c880: checks
19371606: bets $22.4
9c47ed9c: folds
fc36c880: calls $22.4
*** TURN *** [Jh 5h 7h] [8s]
fc36c880: checks
19371606: checks
*** RIVER *** [Jh 5h 7h 8s] [4s]
fc36c880: checks
19371606: checks
fc36c880: shows [Qd Jd]
19371606: shows [Ac 7s]
*** SHOWDOWN ***
fc36c880 collected $84.8 from pot
*** SUMMARY ***
Total pot $84.8
Board [Jh 5h 7h 8s 4s]
Seat 4: 19371606 showed [Ac 7s] and lost with Pair of Sevens
Seat 1: fc36c880 showed [Qd Jd] and won ($84.8) with Pair of Jacks
Seat 5: 612b28d6 folded before Flop (didn't bet)
Seat 7: Hero(big blind) folded before Flop
Seat 6: 9c47ed9c(small blind) folded on the Flop



