Poker Hand #ring_827976181: NLH No Limit ($1/$2) - 2025/04/17 13:33:32
Table 'MR NLH 1/2' 7-max Seat #3 is the button
Seat 7: 4da37e80 ($134.91 in chips)
Seat 5: 5f57f2a4 ($599.36 in chips)
Seat 4: e071bf00 ($189.84 in chips)
Seat 1: ca69682c ($407.11 in chips)
Seat 2: 62d1f026 ($789.56 in chips)
Seat 6: Hero ($379.83 in chips)
Seat 3: 6e1fd3fc ($262.85 in chips)
e071bf00: posts small blind $1
5f57f2a4: posts big blind $2
*** HOLE CARDS ***
Dealt to 4da37e80 
Dealt to 5f57f2a4 
Dealt to e071bf00 
Dealt to ca69682c 
Dealt to 62d1f026 
Dealt to Hero [8h Tc]
Dealt to 6e1fd3fc 
Hero: folds
4da37e80: folds
ca69682c: folds
62d1f026: folds
6e1fd3fc: folds
e071bf00: folds
*** SHOWDOWN ***
5f57f2a4 collected $3 from pot
*** SUMMARY ***
Total pot $3
Seat 7: 4da37e80 folded before Flop (didn't bet)
Seat 5: 5f57f2a4(big blind)won ($3)
Seat 4: e071bf00(small blind) folded before Flop
Seat 1: ca69682c folded before Flop (didn't bet)
Seat 2: 62d1f026 folded before Flop (didn't bet)
Seat 6: Hero folded before Flop (didn't bet)
Seat 3: 6e1fd3fc folded before Flop (didn't bet)



Poker Hand #ring_827975769: NLH No Limit ($1/$2) - 2025/04/17 13:33:05
Table 'MR NLH 1/2' 7-max Seat #2 is the button
Seat 7: 4da37e80 ($134.91 in chips)
Seat 5: 5f57f2a4 ($599.36 in chips)
Seat 4: e071bf00 ($191.84 in chips)
Seat 1: ca69682c ($407.11 in chips)
Seat 2: 62d1f026 ($780.56 in chips)
Seat 6: Hero ($385.83 in chips)
Seat 3: 6e1fd3fc ($263.85 in chips)
6e1fd3fc: posts small blind $1
e071bf00: posts big blind $2
*** HOLE CARDS ***
Dealt to 4da37e80 
Dealt to 5f57f2a4 
Dealt to e071bf00 
Dealt to ca69682c 
Dealt to 62d1f026 
Dealt to Hero [Ah 9h]
Dealt to 6e1fd3fc 
5f57f2a4: folds
Hero: raises $4 to $6
4da37e80: folds
ca69682c: folds
62d1f026: raises $16 to $22
6e1fd3fc: folds
e071bf00: folds
Hero: folds
Uncalled bet ($16) returned to 62d1f026
*** SHOWDOWN ***
62d1f026 collected $15 from pot
*** SUMMARY ***
Total pot $15
Seat 7: 4da37e80 folded before Flop (didn't bet)
Seat 5: 5f57f2a4 folded before Flop (didn't bet)
Seat 4: e071bf00(big blind) folded before Flop
Seat 1: ca69682c folded before Flop (didn't bet)
Seat 2: 62d1f026won ($15)
Seat 6: Hero folded before Flop
Seat 3: 6e1fd3fc(small blind) folded before Flop



Poker Hand #ring_827975008: NLH No Limit ($1/$2) - 2025/04/17 13:32:13
Table 'MR NLH 1/2' 7-max Seat #1 is the button
Seat 7: 4da37e80 ($134.91 in chips)
Seat 5: 5f57f2a4 ($599.36 in chips)
Seat 4: e071bf00 ($191.84 in chips)
Seat 1: ca69682c ($407.11 in chips)
Seat 2: 62d1f026 ($781.56 in chips)
Seat 6: Hero ($369.53 in chips)
Seat 3: 6e1fd3fc ($281.26 in chips)
62d1f026: posts small blind $1
6e1fd3fc: posts big blind $2
*** HOLE CARDS ***
Dealt to 4da37e80 
Dealt to 5f57f2a4 
Dealt to e071bf00 
Dealt to ca69682c 
Dealt to 62d1f026 
Dealt to Hero [Js Jc]
Dealt to 6e1fd3fc 
e071bf00: folds
5f57f2a4: folds
Hero: raises $4 to $6
4da37e80: folds
ca69682c: folds
62d1f026: folds
6e1fd3fc: calls $4
*** FLOP *** [2s As 8d]
6e1fd3fc: checks
Hero: checks
*** TURN *** [2s As 8d] [8c]
6e1fd3fc: bets $4.29
Hero: calls $4.29
*** RIVER *** [2s As 8d 8c] [9h]
6e1fd3fc: bets $7.12
Hero: calls $7.12
6e1fd3fc: shows [Kc Jh]
Hero: shows [Js Jc]
*** SHOWDOWN ***
Hero collected $35.82 from pot
*** SUMMARY ***
Total pot $35.82
Board [2s As 8d 8c 9h]
Seat 7: 4da37e80 folded before Flop (didn't bet)
Seat 5: 5f57f2a4 folded before Flop (didn't bet)
Seat 4: e071bf00 folded before Flop (didn't bet)
Seat 1: ca69682c folded before Flop (didn't bet)
Seat 2: 62d1f026(small blind) folded before Flop
Seat 6: Hero showed [Js Jc] and won ($35.82) with Pair of Jacks and Pair of Eights
Seat 3: 6e1fd3fc(big blind) showed [Kc Jh] and lost with Pair of Eights



Poker Hand #ring_827974395: NLH No Limit ($1/$2) - 2025/04/17 13:31:32
Table 'MR NLH 1/2' 7-max Seat #7 is the button
Seat 7: 4da37e80 ($135.91 in chips)
Seat 5: 5f57f2a4 ($599.36 in chips)
Seat 4: e071bf00 ($191.84 in chips)
Seat 1: ca69682c ($408.11 in chips)
Seat 2: 62d1f026 ($783.56 in chips)
Seat 6: Hero ($369.53 in chips)
Seat 3: 6e1fd3fc ($29 in chips)
ca69682c: posts small blind $1
62d1f026: posts big blind $2
4da37e80: posts big blind $0
4da37e80: posts small blind $1
*** HOLE CARDS ***
Dealt to 4da37e80 
Dealt to 5f57f2a4 
Dealt to e071bf00 
Dealt to ca69682c 
Dealt to 62d1f026 
Dealt to Hero [7c 4h]
Dealt to 6e1fd3fc 
6e1fd3fc: raises $27 to $29 and is all-in
e071bf00: folds
5f57f2a4: folds
Hero: folds
4da37e80: folds
ca69682c: folds
62d1f026: folds
Uncalled bet ($27) returned to 6e1fd3fc
*** SHOWDOWN ***
6e1fd3fc collected $6 from pot
*** SUMMARY ***
Total pot $5
Seat 7: 4da37e80 folded before Flop (didn't bet)
Seat 5: 5f57f2a4 folded before Flop (didn't bet)
Seat 4: e071bf00 folded before Flop (didn't bet)
Seat 1: ca69682c(small blind) folded before Flop
Seat 2: 62d1f026(big blind) folded before Flop
Seat 6: Hero folded before Flop (didn't bet)
Seat 3: 6e1fd3fcwon ($6)



Poker Hand #ring_827973469: NLH No Limit ($1/$2) - 2025/04/17 13:30:27
Table 'MR NLH 1/2' 7-max Seat #6 is the button
Seat 5: 5f57f2a4 ($599.36 in chips)
Seat 4: e071bf00 ($99.7 in chips)
Seat 1: ca69682c ($410.11 in chips)
Seat 2: 62d1f026 ($783.56 in chips)
Seat 6: Hero ($369.53 in chips)
Seat 3: 6e1fd3fc ($128.7 in chips)
ca69682c: posts big blind $2
*** HOLE CARDS ***
Dealt to 5f57f2a4 
Dealt to e071bf00 
Dealt to ca69682c 
Dealt to 62d1f026 
Dealt to Hero [8h 9d]
Dealt to 6e1fd3fc 
62d1f026: folds
6e1fd3fc: raises $3 to $5
e071bf00: raises $9 to $14
5f57f2a4: folds
Hero: folds
ca69682c: folds
6e1fd3fc: raises $30 to $44
e071bf00: raises $55.7 to $99.7 and is all-in
6e1fd3fc: calls $55.7
6e1fd3fc: shows [Qh Qs]
e071bf00: shows [Ac Kc]
*** FLOP *** [7d 9s Ks]
*** TURN *** [7d 9s Ks] [6d]
*** RIVER *** [7d 9s Ks 6d] [Ts]
*** SHOWDOWN ***
e071bf00 collected $201.4 from pot
*** SUMMARY ***
Total pot $201.4
Board [7d 9s Ks 6d Ts]
Seat 5: 5f57f2a4 folded before Flop (didn't bet)
Seat 4: e071bf00 showed [Ac Kc] and won ($201.4) with Pair of Kings
Seat 1: ca69682c(big blind) folded before Flop
Seat 2: 62d1f026 folded before Flop (didn't bet)
Seat 6: Hero folded before Flop (didn't bet)
Seat 3: 6e1fd3fc showed [Qh Qs] and lost with Pair of Queens



Poker Hand #ring_827972829: NLH No Limit ($1/$2) - 2025/04/17 13:29:43
Table 'MR NLH 1/2' 7-max Seat #5 is the button
Seat 7: 4da37e80 ($137.91 in chips)
Seat 5: 5f57f2a4 ($599.36 in chips)
Seat 4: e071bf00 ($99.7 in chips)
Seat 1: ca69682c ($410.11 in chips)
Seat 2: 62d1f026 ($780.56 in chips)
Seat 6: Hero ($370.53 in chips)
Seat 3: 6e1fd3fc ($128.7 in chips)
Hero: posts small blind $1
4da37e80: posts big blind $2
*** HOLE CARDS ***
Dealt to 4da37e80 
Dealt to 5f57f2a4 
Dealt to e071bf00 
Dealt to ca69682c 
Dealt to 62d1f026 
Dealt to Hero [4d Qd]
Dealt to 6e1fd3fc 
ca69682c: folds
62d1f026: raises $4 to $6
6e1fd3fc: folds
e071bf00: folds
5f57f2a4: folds
Hero: folds
4da37e80: folds
Uncalled bet ($4) returned to 62d1f026
*** SHOWDOWN ***
62d1f026 collected $5 from pot
*** SUMMARY ***
Total pot $5
Seat 7: 4da37e80(big blind) folded before Flop
Seat 5: 5f57f2a4 folded before Flop (didn't bet)
Seat 4: e071bf00 folded before Flop (didn't bet)
Seat 1: ca69682c folded before Flop (didn't bet)
Seat 2: 62d1f026won ($5)
Seat 6: Hero(small blind) folded before Flop
Seat 3: 6e1fd3fc folded before Flop (didn't bet)



Poker Hand #ring_827971594: NLH No Limit ($1/$2) - 2025/04/17 13:28:20
Table 'MR NLH 1/2' 7-max Seat #4 is the button
Seat 7: 4da37e80 ($137.91 in chips)
Seat 5: 5f57f2a4 ($600.36 in chips)
Seat 4: e071bf00 ($104.7 in chips)
Seat 1: ca69682c ($410.11 in chips)
Seat 2: 62d1f026 ($759.69 in chips)
Seat 6: Hero ($375.53 in chips)
Seat 3: 6e1fd3fc ($140.63 in chips)
5f57f2a4: posts small blind $1
Hero: posts big blind $2
*** HOLE CARDS ***
Dealt to 4da37e80 
Dealt to 5f57f2a4 
Dealt to e071bf00 
Dealt to ca69682c 
Dealt to 62d1f026 
Dealt to Hero [3h 3d]
Dealt to 6e1fd3fc 
4da37e80: folds
ca69682c: folds
62d1f026: raises $3 to $5
6e1fd3fc: calls $5
e071bf00: calls $5
5f57f2a4: folds
Hero: calls $3
*** FLOP *** [6c 4c Qh]
Hero: checks
62d1f026: checks
6e1fd3fc: bets $6.93
e071bf00: folds
Hero: folds
62d1f026: calls $6.93
*** TURN *** [6c 4c Qh] [Qc]
62d1f026: checks
6e1fd3fc: checks
*** RIVER *** [6c 4c Qh Qc] [6d]
62d1f026: checks
6e1fd3fc: checks
62d1f026: shows [7s 7h]
6e1fd3fc: shows [4d Kd]
*** SHOWDOWN ***
62d1f026 collected $34.86 from pot
*** SUMMARY ***
Total pot $34.86
Board [6c 4c Qh Qc 6d]
Seat 7: 4da37e80 folded before Flop (didn't bet)
Seat 5: 5f57f2a4(small blind) folded before Flop
Seat 4: e071bf00 folded on the Flop
Seat 1: ca69682c folded before Flop (didn't bet)
Seat 2: 62d1f026 showed [7s 7h] and won ($34.86) with Pair of Queens and Pair of Sevens
Seat 6: Hero(big blind) folded on the Flop
Seat 3: 6e1fd3fc showed [4d Kd] and lost with Pair of Queens and Pair of Sixes



Poker Hand #ring_827970147: NLH No Limit ($1/$2) - 2025/04/17 13:26:42
Table 'MR NLH 1/2' 7-max Seat #3 is the button
Seat 7: 4da37e80 ($137.91 in chips)
Seat 5: 5f57f2a4 ($620.36 in chips)
Seat 4: e071bf00 ($87 in chips)
Seat 1: ca69682c ($410.11 in chips)
Seat 2: 62d1f026 ($759.69 in chips)
Seat 6: Hero ($375.53 in chips)
Seat 3: 6e1fd3fc ($140.63 in chips)
e071bf00: posts small blind $1
5f57f2a4: posts big blind $2
*** HOLE CARDS ***
Dealt to 4da37e80 
Dealt to 5f57f2a4 
Dealt to e071bf00 
Dealt to ca69682c 
Dealt to 62d1f026 
Dealt to Hero [7s 2d]
Dealt to 6e1fd3fc 
Hero: folds
4da37e80: folds
ca69682c: folds
62d1f026: folds
6e1fd3fc: folds
e071bf00: calls $1
5f57f2a4: checks
*** FLOP *** [3h 5h Th]
e071bf00: bets $2
5f57f2a4: calls $2
*** TURN *** [3h 5h Th] [2c]
e071bf00: bets $4
5f57f2a4: calls $4
*** RIVER *** [3h 5h Th 2c] [9d]
e071bf00: bets $12
5f57f2a4: calls $12
e071bf00: shows [Ks Td]
5f57f2a4: shows [4d 4s]
*** SHOWDOWN ***
e071bf00 collected $40 from pot
*** SUMMARY ***
Total pot $40
Board [3h 5h Th 2c 9d]
Seat 7: 4da37e80 folded before Flop (didn't bet)
Seat 5: 5f57f2a4(big blind) showed [4d 4s] and lost with Pair of Fours
Seat 4: e071bf00(small blind) showed [Ks Td] and won ($40) with Pair of Tens
Seat 1: ca69682c folded before Flop (didn't bet)
Seat 2: 62d1f026 folded before Flop (didn't bet)
Seat 6: Hero folded before Flop (didn't bet)
Seat 3: 6e1fd3fc folded before Flop (didn't bet)



Poker Hand #ring_827969259: NLH No Limit ($1/$2) - 2025/04/17 13:25:42
Table 'MR NLH 1/2' 7-max Seat #2 is the button
Seat 7: 4da37e80 ($167.91 in chips)
Seat 5: 5f57f2a4 ($590.69 in chips)
Seat 4: e071bf00 ($89 in chips)
Seat 1: ca69682c ($410.11 in chips)
Seat 2: 62d1f026 ($759.69 in chips)
Seat 6: Hero ($375.53 in chips)
Seat 3: 6e1fd3fc ($141.63 in chips)
6e1fd3fc: posts small blind $1
e071bf00: posts big blind $2
*** HOLE CARDS ***
Dealt to 4da37e80 
Dealt to 5f57f2a4 
Dealt to e071bf00 
Dealt to ca69682c 
Dealt to 62d1f026 
Dealt to Hero [5s Js]
Dealt to 6e1fd3fc 
5f57f2a4: calls $2
Hero: folds
4da37e80: raises $7 to $9
ca69682c: folds
62d1f026: folds
6e1fd3fc: folds
e071bf00: folds
5f57f2a4: raises $21 to $30
4da37e80: calls $21
*** FLOP *** [4h 6d 2c]
5f57f2a4: bets $31.5
4da37e80: folds
Uncalled bet ($31.5) returned to 5f57f2a4
*** SHOWDOWN ***
5f57f2a4 collected $63 from pot
*** SUMMARY ***
Total pot $63
Board [4h 6d 2c]
Seat 7: 4da37e80 folded on the Flop
Seat 5: 5f57f2a4won ($63) with Pair of Tens
Seat 4: e071bf00(big blind) folded before Flop
Seat 1: ca69682c folded before Flop (didn't bet)
Seat 2: 62d1f026 folded before Flop (didn't bet)
Seat 6: Hero folded before Flop (didn't bet)
Seat 3: 6e1fd3fc(small blind) folded before Flop



Poker Hand #ring_827968868: NLH No Limit ($1/$2) - 2025/04/17 13:25:17
Table 'MR NLH 1/2' 7-max Seat #1 is the button
Seat 7: 4da37e80 ($167.91 in chips)
Seat 5: 5f57f2a4 ($590.69 in chips)
Seat 4: e071bf00 ($89 in chips)
Seat 1: ca69682c ($410.11 in chips)
Seat 2: 62d1f026 ($760.69 in chips)
Seat 6: Hero ($375.53 in chips)
Seat 3: 6e1fd3fc ($140.63 in chips)
62d1f026: posts small blind $1
6e1fd3fc: posts big blind $2
*** HOLE CARDS ***
Dealt to 4da37e80 
Dealt to 5f57f2a4 
Dealt to e071bf00 
Dealt to ca69682c 
Dealt to 62d1f026 
Dealt to Hero [4d Ah]
Dealt to 6e1fd3fc 
e071bf00: folds
5f57f2a4: folds
Hero: folds
4da37e80: folds
ca69682c: folds
62d1f026: folds
*** SHOWDOWN ***
6e1fd3fc collected $3 from pot
*** SUMMARY ***
Total pot $3
Seat 7: 4da37e80 folded before Flop (didn't bet)
Seat 5: 5f57f2a4 folded before Flop (didn't bet)
Seat 4: e071bf00 folded before Flop (didn't bet)
Seat 1: ca69682c folded before Flop (didn't bet)
Seat 2: 62d1f026(small blind) folded before Flop
Seat 6: Hero folded before Flop (didn't bet)
Seat 3: 6e1fd3fc(big blind)won ($3)



Poker Hand #ring_827968341: NLH No Limit ($1/$2) - 2025/04/17 13:24:40
Table 'MR NLH 1/2' 7-max Seat #7 is the button
Seat 7: 4da37e80 ($167.91 in chips)
Seat 5: 5f57f2a4 ($590.69 in chips)
Seat 4: e071bf00 ($89 in chips)
Seat 1: ca69682c ($411.11 in chips)
Seat 2: 62d1f026 ($759.69 in chips)
Seat 6: Hero ($375.53 in chips)
Seat 3: 6e1fd3fc ($140.63 in chips)
ca69682c: posts small blind $1
62d1f026: posts big blind $2
*** HOLE CARDS ***
Dealt to 4da37e80 
Dealt to 5f57f2a4 
Dealt to e071bf00 
Dealt to ca69682c 
Dealt to 62d1f026 
Dealt to Hero [2s 9c]
Dealt to 6e1fd3fc 
6e1fd3fc: folds
e071bf00: folds
5f57f2a4: folds
Hero: folds
4da37e80: folds
ca69682c: folds
*** SHOWDOWN ***
62d1f026 collected $3 from pot
*** SUMMARY ***
Total pot $3
Seat 7: 4da37e80 folded before Flop (didn't bet)
Seat 5: 5f57f2a4 folded before Flop (didn't bet)
Seat 4: e071bf00 folded before Flop (didn't bet)
Seat 1: ca69682c(small blind) folded before Flop
Seat 2: 62d1f026(big blind)won ($3)
Seat 6: Hero folded before Flop (didn't bet)
Seat 3: 6e1fd3fc folded before Flop (didn't bet)



Poker Hand #ring_827967917: NLH No Limit ($1/$2) - 2025/04/17 13:24:10
Table 'MR NLH 1/2' 7-max Seat #6 is the button
Seat 7: 4da37e80 ($168.91 in chips)
Seat 5: 5f57f2a4 ($590.69 in chips)
Seat 4: e071bf00 ($89 in chips)
Seat 1: ca69682c ($413.11 in chips)
Seat 2: 62d1f026 ($764.69 in chips)
Seat 6: Hero ($367.53 in chips)
Seat 3: 6e1fd3fc ($140.63 in chips)
4da37e80: posts small blind $1
ca69682c: posts big blind $2
*** HOLE CARDS ***
Dealt to 4da37e80 
Dealt to 5f57f2a4 
Dealt to e071bf00 
Dealt to ca69682c 
Dealt to 62d1f026 
Dealt to Hero [Ah As]
Dealt to 6e1fd3fc 
62d1f026: raises $3 to $5
6e1fd3fc: folds
e071bf00: folds
5f57f2a4: folds
Hero: raises $14.95 to $19.95
4da37e80: folds
ca69682c: folds
62d1f026: folds
Uncalled bet ($14.95) returned to Hero
*** SHOWDOWN ***
Hero collected $13 from pot
*** SUMMARY ***
Total pot $13
Seat 7: 4da37e80(small blind) folded before Flop
Seat 5: 5f57f2a4 folded before Flop (didn't bet)
Seat 4: e071bf00 folded before Flop (didn't bet)
Seat 1: ca69682c(big blind) folded before Flop
Seat 2: 62d1f026 folded before Flop
Seat 6: Herowon ($13)
Seat 3: 6e1fd3fc folded before Flop (didn't bet)



Poker Hand #ring_827967347: NLH No Limit ($1/$2) - 2025/04/17 13:23:32
Table 'MR NLH 1/2' 7-max Seat #5 is the button
Seat 7: 4da37e80 ($160.91 in chips)
Seat 5: 5f57f2a4 ($590.69 in chips)
Seat 4: e071bf00 ($93 in chips)
Seat 1: ca69682c ($413.11 in chips)
Seat 2: 62d1f026 ($764.69 in chips)
Seat 6: Hero ($371.53 in chips)
Seat 3: 6e1fd3fc ($140.63 in chips)
Hero: posts small blind $1
4da37e80: posts big blind $2
*** HOLE CARDS ***
Dealt to 4da37e80 
Dealt to 5f57f2a4 
Dealt to e071bf00 
Dealt to ca69682c 
Dealt to 62d1f026 
Dealt to Hero [Ah Ts]
Dealt to 6e1fd3fc 
ca69682c: folds
62d1f026: folds
6e1fd3fc: folds
e071bf00: raises $2 to $4
5f57f2a4: folds
Hero: calls $3
4da37e80: raises $156.91 to $160.91 and is all-in
e071bf00: folds
Hero: folds
Uncalled bet ($156.91) returned to 4da37e80
*** SHOWDOWN ***
4da37e80 collected $12 from pot
*** SUMMARY ***
Total pot $12
Seat 7: 4da37e80(big blind)won ($12)
Seat 5: 5f57f2a4 folded before Flop (didn't bet)
Seat 4: e071bf00 folded before Flop
Seat 1: ca69682c folded before Flop (didn't bet)
Seat 2: 62d1f026 folded before Flop (didn't bet)
Seat 6: Hero(small blind) folded before Flop
Seat 3: 6e1fd3fc folded before Flop (didn't bet)



Poker Hand #ring_827966829: NLH No Limit ($1/$2) - 2025/04/17 13:22:56
Table 'MR NLH 1/2' 7-max Seat #4 is the button
Seat 7: 4da37e80 ($160.91 in chips)
Seat 5: 5f57f2a4 ($584.69 in chips)
Seat 4: e071bf00 ($97 in chips)
Seat 1: ca69682c ($413.11 in chips)
Seat 2: 62d1f026 ($764.69 in chips)
Seat 6: Hero ($373.53 in chips)
Seat 3: 6e1fd3fc ($140.63 in chips)
5f57f2a4: posts small blind $1
Hero: posts big blind $2
*** HOLE CARDS ***
Dealt to 4da37e80 
Dealt to 5f57f2a4 
Dealt to e071bf00 
Dealt to ca69682c 
Dealt to 62d1f026 
Dealt to Hero [9h 8d]
Dealt to 6e1fd3fc 
4da37e80: folds
ca69682c: folds
62d1f026: folds
6e1fd3fc: folds
e071bf00: raises $2 to $4
5f57f2a4: raises $10 to $14
Hero: folds
e071bf00: folds
Uncalled bet ($10) returned to 5f57f2a4
*** SHOWDOWN ***
5f57f2a4 collected $10 from pot
*** SUMMARY ***
Total pot $10
Seat 7: 4da37e80 folded before Flop (didn't bet)
Seat 5: 5f57f2a4(small blind)won ($10)
Seat 4: e071bf00 folded before Flop
Seat 1: ca69682c folded before Flop (didn't bet)
Seat 2: 62d1f026 folded before Flop (didn't bet)
Seat 6: Hero(big blind) folded before Flop
Seat 3: 6e1fd3fc folded before Flop (didn't bet)



Poker Hand #ring_827966366: NLH No Limit ($1/$2) - 2025/04/17 13:22:25
Table 'MR NLH 1/2' 7-max Seat #3 is the button
Seat 7: 4da37e80 ($149.91 in chips)
Seat 5: 5f57f2a4 ($586.69 in chips)
Seat 4: e071bf00 ($98 in chips)
Seat 1: ca69682c ($413.11 in chips)
Seat 2: 62d1f026 ($772.69 in chips)
Seat 6: Hero ($373.53 in chips)
Seat 3: 6e1fd3fc ($140.63 in chips)
e071bf00: posts small blind $1
5f57f2a4: posts big blind $2
*** HOLE CARDS ***
Dealt to 4da37e80 
Dealt to 5f57f2a4 
Dealt to e071bf00 
Dealt to ca69682c 
Dealt to 62d1f026 
Dealt to Hero [6d Kd]
Dealt to 6e1fd3fc 
Hero: folds
4da37e80: calls $2
ca69682c: folds
62d1f026: raises $6 to $8
6e1fd3fc: folds
e071bf00: folds
5f57f2a4: folds
4da37e80: raises $141.91 to $149.91 and is all-in
62d1f026: folds
Uncalled bet ($141.91) returned to 4da37e80
*** SHOWDOWN ***
4da37e80 collected $19 from pot
*** SUMMARY ***
Total pot $19
Seat 7: 4da37e80won ($19)
Seat 5: 5f57f2a4(big blind) folded before Flop
Seat 4: e071bf00(small blind) folded before Flop
Seat 1: ca69682c folded before Flop (didn't bet)
Seat 2: 62d1f026 folded before Flop
Seat 6: Hero folded before Flop (didn't bet)
Seat 3: 6e1fd3fc folded before Flop (didn't bet)



Poker Hand #ring_827965878: NLH No Limit ($1/$2) - 2025/04/17 13:21:53
Table 'MR NLH 1/2' 7-max Seat #2 is the button
Seat 7: 4da37e80 ($149.91 in chips)
Seat 5: 5f57f2a4 ($586.69 in chips)
Seat 4: e071bf00 ($100 in chips)
Seat 1: ca69682c ($410.11 in chips)
Seat 2: 62d1f026 ($772.69 in chips)
Seat 6: Hero ($373.53 in chips)
Seat 3: 6e1fd3fc ($141.63 in chips)
6e1fd3fc: posts small blind $1
e071bf00: posts big blind $2
*** HOLE CARDS ***
Dealt to 4da37e80 
Dealt to 5f57f2a4 
Dealt to e071bf00 
Dealt to ca69682c 
Dealt to 62d1f026 
Dealt to Hero [Th Qs]
Dealt to 6e1fd3fc 
5f57f2a4: folds
Hero: folds
4da37e80: folds
ca69682c: raises $3 to $5
62d1f026: folds
6e1fd3fc: folds
e071bf00: folds
Uncalled bet ($3) returned to ca69682c
*** SHOWDOWN ***
ca69682c collected $5 from pot
*** SUMMARY ***
Total pot $5
Seat 7: 4da37e80 folded before Flop (didn't bet)
Seat 5: 5f57f2a4 folded before Flop (didn't bet)
Seat 4: e071bf00(big blind) folded before Flop
Seat 1: ca69682cwon ($5)
Seat 2: 62d1f026 folded before Flop (didn't bet)
Seat 6: Hero folded before Flop (didn't bet)
Seat 3: 6e1fd3fc(small blind) folded before Flop



Poker Hand #ring_827964592: NLH No Limit ($1/$2) - 2025/04/17 13:20:28
Table 'MR NLH 1/2' 7-max Seat #1 is the button
Seat 7: 4da37e80 ($100 in chips)
Seat 5: 5f57f2a4 ($586.69 in chips)
Seat 1: ca69682c ($410.11 in chips)
Seat 2: 62d1f026 ($773.69 in chips)
Seat 6: Hero ($373.53 in chips)
Seat 3: 6e1fd3fc ($195.97 in chips)
62d1f026: posts small blind $1
6e1fd3fc: posts big blind $2
4da37e80: posts big blind $2
*** HOLE CARDS ***
Dealt to 4da37e80 
Dealt to 5f57f2a4 
Dealt to ca69682c 
Dealt to 62d1f026 
Dealt to Hero [2h 3h]
Dealt to 6e1fd3fc 
5f57f2a4: folds
Hero: folds
4da37e80: checks
ca69682c: folds
62d1f026: folds
6e1fd3fc: raises $6 to $8
4da37e80: calls $6
*** FLOP *** [4h 5c Ac]
6e1fd3fc: checks
4da37e80: bets $13.09
6e1fd3fc: calls $13.09
*** TURN *** [4h 5c Ac] [Qh]
6e1fd3fc: checks
4da37e80: bets $33.25
6e1fd3fc: calls $33.25
*** RIVER *** [4h 5c Ac Qh] [7s]
6e1fd3fc: checks
4da37e80: checks
6e1fd3fc: shows [Tc Jc]
4da37e80: shows [9h Ad]
*** SHOWDOWN ***
4da37e80 collected $109.68 from pot
*** SUMMARY ***
Total pot $109.68
Board [4h 5c Ac Qh 7s]
Seat 7: 4da37e80 showed [9h Ad] and won ($109.68) with Pair of Aces
Seat 5: 5f57f2a4 folded before Flop (didn't bet)
Seat 1: ca69682c folded before Flop (didn't bet)
Seat 2: 62d1f026(small blind) folded before Flop
Seat 6: Hero folded before Flop (didn't bet)
Seat 3: 6e1fd3fc(big blind) showed [Tc Jc] and lost with Ace-High



Poker Hand #ring_827964038: NLH No Limit ($1/$2) - 2025/04/17 13:19:50
Table 'MR NLH 1/2' 7-max Seat #6 is the button
Seat 5: 5f57f2a4 ($586.69 in chips)
Seat 1: ca69682c ($411.11 in chips)
Seat 2: 62d1f026 ($775.69 in chips)
Seat 4: d3337aa7 ($21.31 in chips)
Seat 6: Hero ($373.53 in chips)
Seat 3: 6e1fd3fc ($174.21 in chips)
ca69682c: posts small blind $1
62d1f026: posts big blind $2
*** HOLE CARDS ***
Dealt to 5f57f2a4 
Dealt to ca69682c 
Dealt to 62d1f026 
Dealt to d3337aa7 
Dealt to Hero [9c Qh]
Dealt to 6e1fd3fc 
6e1fd3fc: raises $3 to $5
d3337aa7: raises $16.31 to $21.31 and is all-in
5f57f2a4: folds
Hero: folds
ca69682c: folds
62d1f026: folds
6e1fd3fc: calls $16.31
6e1fd3fc: shows [Ts Ks]
d3337aa7: shows [2h Ah]
*** FLOP *** [9s 5d 4h]
*** TURN *** [9s 5d 4h] [Td]
*** RIVER *** [9s 5d 4h Td] [Kc]
*** SHOWDOWN ***
6e1fd3fc collected $45.62 from pot
*** SUMMARY ***
Total pot $45.62
Board [9s 5d 4h Td Kc]
Seat 5: 5f57f2a4 folded before Flop (didn't bet)
Seat 1: ca69682c(small blind) folded before Flop
Seat 2: 62d1f026(big blind) folded before Flop
Seat 4: d3337aa7 showed [2h Ah] and lost with Ace-High
Seat 6: Hero folded before Flop (didn't bet)
Seat 3: 6e1fd3fc showed [Ts Ks] and won ($45.62) with Pair of Kings and Pair of Tens



Poker Hand #ring_827963365: NLH No Limit ($1/$2) - 2025/04/17 13:19:07
Table 'MR NLH 1/2' 7-max Seat #5 is the button
Seat 5: 5f57f2a4 ($586.69 in chips)
Seat 1: ca69682c ($401.29 in chips)
Seat 2: 62d1f026 ($775.69 in chips)
Seat 4: d3337aa7 ($31.6 in chips)
Seat 6: Hero ($374.53 in chips)
Seat 3: 6e1fd3fc ($174.21 in chips)
Hero: posts small blind $1
ca69682c: posts big blind $2
*** HOLE CARDS ***
Dealt to 5f57f2a4 
Dealt to ca69682c 
Dealt to 62d1f026 
Dealt to d3337aa7 
Dealt to Hero [2h 7d]
Dealt to 6e1fd3fc 
62d1f026: folds
6e1fd3fc: folds
d3337aa7: raises $4 to $6
5f57f2a4: folds
Hero: folds
ca69682c: calls $4
*** FLOP *** [4h 8c Qs]
ca69682c: checks
d3337aa7: checks
*** TURN *** [4h 8c Qs] [Js]
ca69682c: bets $4.29
d3337aa7: calls $4.29
*** RIVER *** [4h 8c Qs Js] [6s]
ca69682c: bets $21.58
d3337aa7: folds
Uncalled bet ($21.58) returned to ca69682c
*** SHOWDOWN ***
ca69682c collected $21.58 from pot
*** SUMMARY ***
Total pot $21.58
Board [4h 8c Qs Js 6s]
Seat 5: 5f57f2a4 folded before Flop (didn't bet)
Seat 1: ca69682c(big blind)won ($21.58) with Three Fours
Seat 2: 62d1f026 folded before Flop (didn't bet)
Seat 4: d3337aa7 folded on the River
Seat 6: Hero(small blind) folded before Flop
Seat 3: 6e1fd3fc folded before Flop (didn't bet)



Poker Hand #ring_827962515: NLH No Limit ($1/$2) - 2025/04/17 13:18:07
Table 'MR NLH 1/2' 7-max Seat #4 is the button
Seat 5: 5f57f2a4 ($577.62 in chips)
Seat 7: 2adb92ab ($192.79 in chips)
Seat 1: ca69682c ($401.29 in chips)
Seat 2: 62d1f026 ($775.69 in chips)
Seat 4: d3337aa7 ($31.6 in chips)
Seat 6: Hero ($384.49 in chips)
Seat 3: 6e1fd3fc ($174.21 in chips)
5f57f2a4: posts small blind $1
Hero: posts big blind $2
*** HOLE CARDS ***
Dealt to 5f57f2a4 
Dealt to 2adb92ab 
Dealt to ca69682c 
Dealt to 62d1f026 
Dealt to d3337aa7 
Dealt to Hero [Qd 9h]
Dealt to 6e1fd3fc 
2adb92ab: folds
ca69682c: folds
62d1f026: folds
6e1fd3fc: folds
d3337aa7: folds
5f57f2a4: raises $4 to $6
Hero: calls $4
*** FLOP *** [8s 5c Tc]
5f57f2a4: bets $3.96
Hero: calls $3.96
*** TURN *** [8s 5c Tc] [Kh]
5f57f2a4: bets $14.94
Hero: folds
Uncalled bet ($14.94) returned to 5f57f2a4
*** SHOWDOWN ***
5f57f2a4 collected $19.92 from pot
*** SUMMARY ***
Total pot $19.92
Board [8s 5c Tc Kh]
Seat 5: 5f57f2a4(small blind)won ($19.92) with King-High
Seat 7: 2adb92ab folded before Flop (didn't bet)
Seat 1: ca69682c folded before Flop (didn't bet)
Seat 2: 62d1f026 folded before Flop (didn't bet)
Seat 4: d3337aa7 folded before Flop (didn't bet)
Seat 6: Hero(big blind) folded on the Turn
Seat 3: 6e1fd3fc folded before Flop (didn't bet)



Poker Hand #ring_827961669: NLH No Limit ($1/$2) - 2025/04/17 13:17:11
Table 'MR NLH 1/2' 7-max Seat #3 is the button
Seat 5: 5f57f2a4 ($579.62 in chips)
Seat 7: 2adb92ab ($192.79 in chips)
Seat 1: ca69682c ($401.29 in chips)
Seat 2: 62d1f026 ($780.69 in chips)
Seat 4: d3337aa7 ($32.6 in chips)
Seat 6: Hero ($384.49 in chips)
Seat 3: 6e1fd3fc ($166.21 in chips)
d3337aa7: posts small blind $1
5f57f2a4: posts big blind $2
*** HOLE CARDS ***
Dealt to 5f57f2a4 
Dealt to 2adb92ab 
Dealt to ca69682c 
Dealt to 62d1f026 
Dealt to d3337aa7 
Dealt to Hero [Qc 7s]
Dealt to 6e1fd3fc 
Hero: folds
2adb92ab: folds
ca69682c: folds
62d1f026: raises $3 to $5
6e1fd3fc: raises $10 to $15
d3337aa7: folds
5f57f2a4: folds
62d1f026: folds
Uncalled bet ($10) returned to 6e1fd3fc
*** SHOWDOWN ***
6e1fd3fc collected $13 from pot
*** SUMMARY ***
Total pot $13
Seat 5: 5f57f2a4(big blind) folded before Flop
Seat 7: 2adb92ab folded before Flop (didn't bet)
Seat 1: ca69682c folded before Flop (didn't bet)
Seat 2: 62d1f026 folded before Flop
Seat 4: d3337aa7(small blind) folded before Flop
Seat 6: Hero folded before Flop (didn't bet)
Seat 3: 6e1fd3fcwon ($13)



Poker Hand #ring_827960922: NLH No Limit ($1/$2) - 2025/04/17 13:16:21
Table 'MR NLH 1/2' 7-max Seat #2 is the button
Seat 5: 5f57f2a4 ($579.62 in chips)
Seat 7: 2adb92ab ($192.79 in chips)
Seat 1: ca69682c ($401.29 in chips)
Seat 2: 62d1f026 ($780.69 in chips)
Seat 4: d3337aa7 ($46.37 in chips)
Seat 6: Hero ($384.49 in chips)
Seat 3: 6e1fd3fc ($154.17 in chips)
6e1fd3fc: posts small blind $1
d3337aa7: posts big blind $2
*** HOLE CARDS ***
Dealt to 5f57f2a4 
Dealt to 2adb92ab 
Dealt to ca69682c 
Dealt to 62d1f026 
Dealt to d3337aa7 
Dealt to Hero [9c Th]
Dealt to 6e1fd3fc 
5f57f2a4: folds
Hero: folds
2adb92ab: folds
ca69682c: folds
62d1f026: folds
6e1fd3fc: raises $3 to $5
d3337aa7: calls $3
*** FLOP *** [3c 5s 8h]
6e1fd3fc: bets $3.3
d3337aa7: calls $3.3
*** TURN *** [3c 5s 8h] [7d]
6e1fd3fc: bets $5.47
d3337aa7: calls $5.47
*** RIVER *** [3c 5s 8h 7d] [2h]
6e1fd3fc: bets $9.08
d3337aa7: folds
Uncalled bet ($9.08) returned to 6e1fd3fc
*** SHOWDOWN ***
6e1fd3fc collected $27.54 from pot
*** SUMMARY ***
Total pot $27.54
Board [3c 5s 8h 7d 2h]
Seat 5: 5f57f2a4 folded before Flop (didn't bet)
Seat 7: 2adb92ab folded before Flop (didn't bet)
Seat 1: ca69682c folded before Flop (didn't bet)
Seat 2: 62d1f026 folded before Flop (didn't bet)
Seat 4: d3337aa7(big blind) folded on the River
Seat 6: Hero folded before Flop (didn't bet)
Seat 3: 6e1fd3fc(small blind)won ($27.54) with Pair of Treys



Poker Hand #ring_827960427: NLH No Limit ($1/$2) - 2025/04/17 13:15:44
Table 'MR NLH 1/2' 7-max Seat #1 is the button
Seat 5: 5f57f2a4 ($579.62 in chips)
Seat 7: 2adb92ab ($192.79 in chips)
Seat 1: ca69682c ($401.29 in chips)
Seat 2: 62d1f026 ($781.69 in chips)
Seat 4: d3337aa7 ($41.77 in chips)
Seat 6: Hero ($384.49 in chips)
Seat 3: 6e1fd3fc ($158.17 in chips)
62d1f026: posts small blind $1
6e1fd3fc: posts big blind $2
*** HOLE CARDS ***
Dealt to 5f57f2a4 
Dealt to 2adb92ab 
Dealt to ca69682c 
Dealt to 62d1f026 
Dealt to d3337aa7 
Dealt to Hero [7h Td]
Dealt to 6e1fd3fc 
d3337aa7: raises $2 to $4
5f57f2a4: folds
Hero: folds
2adb92ab: folds
ca69682c: folds
62d1f026: folds
6e1fd3fc: calls $2
*** FLOP *** [Ah 6c 8c]
6e1fd3fc: checks
d3337aa7: bets $4.5
6e1fd3fc: folds
Uncalled bet ($4.5) returned to d3337aa7
*** SHOWDOWN ***
d3337aa7 collected $9 from pot
*** SUMMARY ***
Total pot $9
Board [Ah 6c 8c]
Seat 5: 5f57f2a4 folded before Flop (didn't bet)
Seat 7: 2adb92ab folded before Flop (didn't bet)
Seat 1: ca69682c folded before Flop (didn't bet)
Seat 2: 62d1f026(small blind) folded before Flop
Seat 4: d3337aa7won ($9) with Pair of Eights
Seat 6: Hero folded before Flop (didn't bet)
Seat 3: 6e1fd3fc(big blind) folded on the Flop



Poker Hand #ring_827959629: NLH No Limit ($1/$2) - 2025/04/17 13:14:50
Table 'MR NLH 1/2' 7-max Seat #7 is the button
Seat 5: 5f57f2a4 ($579.62 in chips)
Seat 7: 2adb92ab ($192.79 in chips)
Seat 1: ca69682c ($402.29 in chips)
Seat 2: 62d1f026 ($803.32 in chips)
Seat 4: d3337aa7 ($21.63 in chips)
Seat 6: Hero ($384.49 in chips)
Seat 3: 6e1fd3fc ($158.17 in chips)
ca69682c: posts small blind $1
62d1f026: posts big blind $2
*** HOLE CARDS ***
Dealt to 5f57f2a4 
Dealt to 2adb92ab 
Dealt to ca69682c 
Dealt to 62d1f026 
Dealt to d3337aa7 
Dealt to Hero [9s Qh]
Dealt to 6e1fd3fc 
6e1fd3fc: folds
d3337aa7: raises $2 to $4
5f57f2a4: folds
Hero: folds
2adb92ab: folds
ca69682c: folds
62d1f026: raises $13.5 to $17.5
d3337aa7: raises $4.13 to $21.63 and is all-in
62d1f026: calls $4.13
62d1f026: shows [8d 7d]
d3337aa7: shows [8s Th]
*** FLOP *** [Js Td As]
*** TURN *** [Js Td As] [4h]
*** RIVER *** [Js Td As 4h] [Qs]
*** SHOWDOWN ***
d3337aa7 collected $44.26 from pot
*** SUMMARY ***
Total pot $44.26
Board [Js Td As 4h Qs]
Seat 5: 5f57f2a4 folded before Flop (didn't bet)
Seat 7: 2adb92ab folded before Flop (didn't bet)
Seat 1: ca69682c(small blind) folded before Flop
Seat 2: 62d1f026(big blind) showed [8d 7d] and lost with Ace-High
Seat 4: d3337aa7 showed [8s Th] and won ($44.26) with Pair of Tens
Seat 6: Hero folded before Flop (didn't bet)
Seat 3: 6e1fd3fc folded before Flop (didn't bet)



Poker Hand #ring_827958574: NLH No Limit ($1/$2) - 2025/04/17 13:13:42
Table 'MR NLH 1/2' 7-max Seat #6 is the button
Seat 5: 5f57f2a4 ($579.62 in chips)
Seat 7: 2adb92ab ($573.87 in chips)
Seat 1: ca69682c ($404.29 in chips)
Seat 2: 62d1f026 ($426.47 in chips)
Seat 4: d3337aa7 ($21.63 in chips)
Seat 6: Hero ($384.49 in chips)
Seat 3: 6e1fd3fc ($188.17 in chips)
2adb92ab: posts small blind $1
ca69682c: posts big blind $2
*** HOLE CARDS ***
Dealt to 5f57f2a4 
Dealt to 2adb92ab 
Dealt to ca69682c 
Dealt to 62d1f026 
Dealt to d3337aa7 
Dealt to Hero [8h Tc]
Dealt to 6e1fd3fc 
62d1f026: raises $3 to $5
6e1fd3fc: calls $5
d3337aa7: folds
5f57f2a4: folds
Hero: folds
2adb92ab: raises $25 to $30
ca69682c: folds
62d1f026: calls $25
6e1fd3fc: calls $25
*** FLOP *** [9c 9h Jh]
2adb92ab: bets $30.36
62d1f026: calls $30.36
6e1fd3fc: folds
*** TURN *** [9c 9h Jh] [Ks]
2adb92ab: bets $76.36
62d1f026: calls $76.36
*** RIVER *** [9c 9h Jh Ks] [Ah]
2adb92ab: bets $244.36
62d1f026: calls $244.36
62d1f026: shows [Jc Jd]
2adb92ab: shows [Kh Ad]
*** SHOWDOWN ***
62d1f026 collected $794.16 from pot
*** SUMMARY ***
Total pot $794.16
Board [9c 9h Jh Ks Ah]
Seat 5: 5f57f2a4 folded before Flop (didn't bet)
Seat 7: 2adb92ab(small blind) showed [Kh Ad] and lost with Pair of Aces and Pair of Kings
Seat 1: ca69682c(big blind) folded before Flop
Seat 2: 62d1f026 showed [Jc Jd] and won ($794.16) with Jacks Full over Nines
Seat 4: d3337aa7 folded before Flop (didn't bet)
Seat 6: Hero folded before Flop (didn't bet)
Seat 3: 6e1fd3fc folded on the Flop



Poker Hand #ring_827957896: NLH No Limit ($1/$2) - 2025/04/17 13:12:56
Table 'MR NLH 1/2' 7-max Seat #5 is the button
Seat 5: 5f57f2a4 ($579.62 in chips)
Seat 7: 2adb92ab ($526.05 in chips)
Seat 1: ca69682c ($404.29 in chips)
Seat 2: 62d1f026 ($426.47 in chips)
Seat 4: d3337aa7 ($73.63 in chips)
Seat 6: Hero ($385.49 in chips)
Seat 3: 6e1fd3fc ($188.17 in chips)
Hero: posts small blind $1
2adb92ab: posts big blind $2
d3337aa7: posts big blind $2
d3337aa7: posts small blind $1
*** HOLE CARDS ***
Dealt to 5f57f2a4 
Dealt to 2adb92ab 
Dealt to ca69682c 
Dealt to 62d1f026 
Dealt to d3337aa7 
Dealt to Hero [Ts Kd]
Dealt to 6e1fd3fc 
ca69682c: folds
62d1f026: folds
6e1fd3fc: folds
d3337aa7: raises $2 to $4
5f57f2a4: folds
Hero: folds
2adb92ab: calls $2
*** FLOP *** [7h 8h 3d]
2adb92ab: checks
d3337aa7: bets $5
2adb92ab: raises $16 to $21
d3337aa7: calls $16
*** TURN *** [7h 8h 3d] [3c]
2adb92ab: bets $26
d3337aa7: calls $26
*** RIVER *** [7h 8h 3d 3c] [Qs]
2adb92ab: checks
d3337aa7: checks
d3337aa7: shows [5h Kh]
2adb92ab: shows [Th 8c]
6e1fd3fc: shows [3s 8s]
*** SHOWDOWN ***
2adb92ab collected $104 from pot
*** SUMMARY ***
Total pot $103
Board [7h 8h 3d 3c Qs]
Seat 5: 5f57f2a4 folded before Flop (didn't bet)
Seat 7: 2adb92ab(big blind) showed [Th 8c] and won ($104) with Pair of Eights and Pair of Treys
Seat 1: ca69682c folded before Flop (didn't bet)
Seat 2: 62d1f026 folded before Flop (didn't bet)
Seat 4: d3337aa7 showed [5h Kh] and lost with Pair of Treys
Seat 6: Hero(small blind) folded before Flop
Seat 3: 6e1fd3fc folded before Flop (didn't bet)



Poker Hand #ring_827957193: NLH No Limit ($1/$2) - 2025/04/17 13:12:07
Table 'MR NLH 1/2' 7-max Seat #3 is the button
Seat 5: 5f57f2a4 ($580.62 in chips)
Seat 7: 2adb92ab ($526.05 in chips)
Seat 1: ca69682c ($404.29 in chips)
Seat 2: 62d1f026 ($426.47 in chips)
Seat 6: Hero ($372.2 in chips)
Seat 3: 6e1fd3fc ($202.27 in chips)
5f57f2a4: posts small blind $1
Hero: posts big blind $2
*** HOLE CARDS ***
Dealt to 5f57f2a4 
Dealt to 2adb92ab 
Dealt to ca69682c 
Dealt to 62d1f026 
Dealt to Hero [Kh 8s]
Dealt to 6e1fd3fc 
2adb92ab: folds
ca69682c: folds
62d1f026: folds
6e1fd3fc: raises $3 to $5
5f57f2a4: folds
Hero: calls $3
*** FLOP *** [Js 2d Td]
Hero: bets $3.3
6e1fd3fc: calls $3.3
*** TURN *** [Js 2d Td] [8c]
Hero: checks
6e1fd3fc: bets $5.8
Hero: calls $5.8
*** RIVER *** [Js 2d Td 8c] [Kc]
Hero: bets $8.76
6e1fd3fc: folds
Uncalled bet ($8.76) returned to Hero
*** SHOWDOWN ***
Hero collected $29.2 from pot
*** SUMMARY ***
Total pot $29.2
Board [Js 2d Td 8c Kc]
Seat 5: 5f57f2a4(small blind) folded before Flop
Seat 7: 2adb92ab folded before Flop (didn't bet)
Seat 1: ca69682c folded before Flop (didn't bet)
Seat 2: 62d1f026 folded before Flop (didn't bet)
Seat 6: Hero(big blind)won ($29.2) with Pair of Kings and Pair of Eights
Seat 3: 6e1fd3fc folded on the River



Poker Hand #ring_827956858: NLH No Limit ($1/$2) - 2025/04/17 13:11:45
Table 'MR NLH 1/2' 7-max Seat #2 is the button
Seat 5: 5f57f2a4 ($579.62 in chips)
Seat 7: 2adb92ab ($526.05 in chips)
Seat 1: ca69682c ($404.29 in chips)
Seat 2: 62d1f026 ($426.47 in chips)
Seat 6: Hero ($372.2 in chips)
Seat 3: 6e1fd3fc ($203.27 in chips)
6e1fd3fc: posts small blind $1
5f57f2a4: posts big blind $2
*** HOLE CARDS ***
Dealt to 5f57f2a4 
Dealt to 2adb92ab 
Dealt to ca69682c 
Dealt to 62d1f026 
Dealt to Hero [Td 6h]
Dealt to 6e1fd3fc 
Hero: folds
2adb92ab: folds
ca69682c: folds
62d1f026: folds
6e1fd3fc: folds
*** SHOWDOWN ***
5f57f2a4 collected $3 from pot
*** SUMMARY ***
Total pot $3
Seat 5: 5f57f2a4(big blind)won ($3)
Seat 7: 2adb92ab folded before Flop (didn't bet)
Seat 1: ca69682c folded before Flop (didn't bet)
Seat 2: 62d1f026 folded before Flop (didn't bet)
Seat 6: Hero folded before Flop (didn't bet)
Seat 3: 6e1fd3fc(small blind) folded before Flop



Poker Hand #ring_827956517: NLH No Limit ($1/$2) - 2025/04/17 13:11:21
Table 'MR NLH 1/2' 7-max Seat #1 is the button
Seat 5: 5f57f2a4 ($579.62 in chips)
Seat 7: 2adb92ab ($518.05 in chips)
Seat 1: ca69682c ($404.29 in chips)
Seat 2: 62d1f026 ($427.47 in chips)
Seat 4: d3337aa7 ($73.63 in chips)
Seat 6: Hero ($377.2 in chips)
Seat 3: 6e1fd3fc ($205.27 in chips)
62d1f026: posts small blind $1
6e1fd3fc: posts big blind $2
*** HOLE CARDS ***
Dealt to 5f57f2a4 
Dealt to 2adb92ab 
Dealt to ca69682c 
Dealt to 62d1f026 
Dealt to d3337aa7 
Dealt to Hero [3c 4c]
Dealt to 6e1fd3fc 
d3337aa7: folds
5f57f2a4: folds
Hero: raises $3 to $5
2adb92ab: raises $10.4 to $15.4
ca69682c: folds
62d1f026: folds
6e1fd3fc: folds
Hero: folds
Uncalled bet ($10.4) returned to 2adb92ab
*** SHOWDOWN ***
2adb92ab collected $13 from pot
*** SUMMARY ***
Total pot $13
Seat 5: 5f57f2a4 folded before Flop (didn't bet)
Seat 7: 2adb92abwon ($13)
Seat 1: ca69682c folded before Flop (didn't bet)
Seat 2: 62d1f026(small blind) folded before Flop
Seat 4: d3337aa7 folded before Flop (didn't bet)
Seat 6: Hero folded before Flop
Seat 3: 6e1fd3fc(big blind) folded before Flop



Poker Hand #ring_827955739: NLH No Limit ($1/$2) - 2025/04/17 13:10:27
Table 'MR NLH 1/2' 7-max Seat #7 is the button
Seat 5: 5f57f2a4 ($579.62 in chips)
Seat 7: 2adb92ab ($512.54 in chips)
Seat 1: ca69682c ($405.29 in chips)
Seat 2: 62d1f026 ($432.47 in chips)
Seat 4: d3337aa7 ($73.63 in chips)
Seat 6: Hero ($377.2 in chips)
Seat 3: 6e1fd3fc ($205.27 in chips)
ca69682c: posts small blind $1
62d1f026: posts big blind $2
*** HOLE CARDS ***
Dealt to 5f57f2a4 
Dealt to 2adb92ab 
Dealt to ca69682c 
Dealt to 62d1f026 
Dealt to d3337aa7 
Dealt to Hero [2c Jd]
Dealt to 6e1fd3fc 
6e1fd3fc: folds
d3337aa7: folds
5f57f2a4: folds
Hero: folds
2adb92ab: raises $3 to $5
ca69682c: folds
62d1f026: calls $3
*** FLOP *** [Th 3c Kh]
62d1f026: checks
2adb92ab: checks
*** TURN *** [Th 3c Kh] [3s]
62d1f026: checks
2adb92ab: checks
*** RIVER *** [Th 3c Kh 3s] [9c]
62d1f026: checks
2adb92ab: checks
62d1f026: shows [8h Jh]
2adb92ab: shows [Qd 8s]
*** SHOWDOWN ***
2adb92ab collected $11 from pot
*** SUMMARY ***
Total pot $11
Board [Th 3c Kh 3s 9c]
Seat 5: 5f57f2a4 folded before Flop (didn't bet)
Seat 7: 2adb92ab showed [Qd 8s] and won ($11) with Pair of Treys
Seat 1: ca69682c(small blind) folded before Flop
Seat 2: 62d1f026(big blind) showed [8h Jh] and lost with Pair of Treys
Seat 4: d3337aa7 folded before Flop (didn't bet)
Seat 6: Hero folded before Flop (didn't bet)
Seat 3: 6e1fd3fc folded before Flop (didn't bet)



Poker Hand #ring_827954944: NLH No Limit ($1/$2) - 2025/04/17 13:09:33
Table 'MR NLH 1/2' 7-max Seat #6 is the button
Seat 5: 5f57f2a4 ($579.62 in chips)
Seat 7: 2adb92ab ($513.54 in chips)
Seat 1: ca69682c ($407.29 in chips)
Seat 2: 62d1f026 ($432.47 in chips)
Seat 4: d3337aa7 ($91.13 in chips)
Seat 6: Hero ($358.91 in chips)
Seat 3: 6e1fd3fc ($205.27 in chips)
2adb92ab: posts small blind $1
ca69682c: posts big blind $2
*** HOLE CARDS ***
Dealt to 5f57f2a4 
Dealt to 2adb92ab 
Dealt to ca69682c 
Dealt to 62d1f026 
Dealt to d3337aa7 
Dealt to Hero [Jc Tc]
Dealt to 6e1fd3fc 
62d1f026: folds
6e1fd3fc: folds
d3337aa7: raises $6 to $8
5f57f2a4: folds
Hero: calls $8
2adb92ab: folds
ca69682c: folds
*** FLOP *** [5s Jh 4d]
d3337aa7: checks
Hero: checks
*** TURN *** [5s Jh 4d] [3d]
d3337aa7: bets $9.5
Hero: calls $9.5
*** RIVER *** [5s Jh 4d 3d] [Qs]
d3337aa7: checks
Hero: checks
d3337aa7: shows [Kd Td]
Hero: shows [Jc Tc]
*** SHOWDOWN ***
Hero collected $38 from pot
*** SUMMARY ***
Total pot $38
Board [5s Jh 4d 3d Qs]
Seat 5: 5f57f2a4 folded before Flop (didn't bet)
Seat 7: 2adb92ab(small blind) folded before Flop
Seat 1: ca69682c(big blind) folded before Flop
Seat 2: 62d1f026 folded before Flop (didn't bet)
Seat 4: d3337aa7 showed [Kd Td] and lost with King-High
Seat 6: Hero showed [Jc Tc] and won ($38) with Pair of Jacks
Seat 3: 6e1fd3fc folded before Flop (didn't bet)



Poker Hand #ring_827954332: NLH No Limit ($1/$2) - 2025/04/17 13:08:51
Table 'MR NLH 1/2' 7-max Seat #5 is the button
Seat 5: 5f57f2a4 ($579.62 in chips)
Seat 7: 2adb92ab ($524.04 in chips)
Seat 1: ca69682c ($407.29 in chips)
Seat 2: 62d1f026 ($422.46 in chips)
Seat 4: d3337aa7 ($91.13 in chips)
Seat 6: Hero ($359.91 in chips)
Seat 3: 6e1fd3fc ($205.27 in chips)
Hero: posts small blind $1
2adb92ab: posts big blind $2
*** HOLE CARDS ***
Dealt to 5f57f2a4 
Dealt to 2adb92ab 
Dealt to ca69682c 
Dealt to 62d1f026 
Dealt to d3337aa7 
Dealt to Hero [7s Qd]
Dealt to 6e1fd3fc 
ca69682c: folds
62d1f026: raises $3 to $5
6e1fd3fc: folds
d3337aa7: folds
5f57f2a4: folds
Hero: folds
2adb92ab: calls $3
*** FLOP *** [4s 2s 8s]
2adb92ab: checks
62d1f026: checks
*** TURN *** [4s 2s 8s] [Ad]
2adb92ab: checks
62d1f026: checks
*** RIVER *** [4s 2s 8s Ad] [Jh]
2adb92ab: bets $5.5
62d1f026: calls $5.5
62d1f026: shows [6h Ah]
2adb92ab: shows [8h Th]
*** SHOWDOWN ***
62d1f026 collected $22 from pot
*** SUMMARY ***
Total pot $22
Board [4s 2s 8s Ad Jh]
Seat 5: 5f57f2a4 folded before Flop (didn't bet)
Seat 7: 2adb92ab(big blind) showed [8h Th] and lost with Pair of Eights
Seat 1: ca69682c folded before Flop (didn't bet)
Seat 2: 62d1f026 showed [6h Ah] and won ($22) with Pair of Aces
Seat 4: d3337aa7 folded before Flop (didn't bet)
Seat 6: Hero(small blind) folded before Flop
Seat 3: 6e1fd3fc folded before Flop (didn't bet)



Poker Hand #ring_827953473: NLH No Limit ($1/$2) - 2025/04/17 13:07:52
Table 'MR NLH 1/2' 7-max Seat #4 is the button
Seat 5: 5f57f2a4 ($580.62 in chips)
Seat 7: 2adb92ab ($524.04 in chips)
Seat 1: ca69682c ($407.29 in chips)
Seat 2: 62d1f026 ($407.73 in chips)
Seat 4: d3337aa7 ($104.71 in chips)
Seat 6: Hero ($361.91 in chips)
Seat 3: 6e1fd3fc ($205.27 in chips)
5f57f2a4: posts small blind $1
Hero: posts big blind $2
*** HOLE CARDS ***
Dealt to 5f57f2a4 
Dealt to 2adb92ab 
Dealt to ca69682c 
Dealt to 62d1f026 
Dealt to d3337aa7 
Dealt to Hero [Kc 2h]
Dealt to 6e1fd3fc 
2adb92ab: folds
ca69682c: folds
62d1f026: raises $3 to $5
6e1fd3fc: folds
d3337aa7: calls $5
5f57f2a4: folds
Hero: folds
*** FLOP *** [Js 4d Qc]
62d1f026: checks
d3337aa7: checks
*** TURN *** [Js 4d Qc] [7s]
62d1f026: bets $8.58
d3337aa7: calls $8.58
*** RIVER *** [Js 4d Qc 7s] [Qs]
62d1f026: bets $26
d3337aa7: folds
Uncalled bet ($26) returned to 62d1f026
*** SHOWDOWN ***
62d1f026 collected $30.16 from pot
*** SUMMARY ***
Total pot $30.16
Board [Js 4d Qc 7s Qs]
Seat 5: 5f57f2a4(small blind) folded before Flop
Seat 7: 2adb92ab folded before Flop (didn't bet)
Seat 1: ca69682c folded before Flop (didn't bet)
Seat 2: 62d1f026won ($30.16) with Three Queens
Seat 4: d3337aa7 folded on the River
Seat 6: Hero(big blind) folded before Flop
Seat 3: 6e1fd3fc folded before Flop (didn't bet)



Poker Hand #ring_827952887: NLH No Limit ($1/$2) - 2025/04/17 13:07:11
Table 'MR NLH 1/2' 7-max Seat #3 is the button
Seat 5: 5f57f2a4 ($582.62 in chips)
Seat 7: 2adb92ab ($524.04 in chips)
Seat 1: ca69682c ($407.29 in chips)
Seat 2: 62d1f026 ($407.73 in chips)
Seat 4: d3337aa7 ($110.71 in chips)
Seat 6: Hero ($354.54 in chips)
Seat 3: 6e1fd3fc ($205.27 in chips)
d3337aa7: posts small blind $1
5f57f2a4: posts big blind $2
*** HOLE CARDS ***
Dealt to 5f57f2a4 
Dealt to 2adb92ab 
Dealt to ca69682c 
Dealt to 62d1f026 
Dealt to d3337aa7 
Dealt to Hero [Ad Kd]
Dealt to 6e1fd3fc 
Hero: raises $4 to $6
2adb92ab: folds
ca69682c: folds
62d1f026: folds
6e1fd3fc: folds
d3337aa7: calls $5
5f57f2a4: folds
*** FLOP *** [Ah 3s 2s]
d3337aa7: checks
Hero: bets $5.2
d3337aa7: folds
Uncalled bet ($5.2) returned to Hero
*** SHOWDOWN ***
Hero collected $14 from pot
*** SUMMARY ***
Total pot $14
Board [Ah 3s 2s]
Seat 5: 5f57f2a4(big blind) folded before Flop
Seat 7: 2adb92ab folded before Flop (didn't bet)
Seat 1: ca69682c folded before Flop (didn't bet)
Seat 2: 62d1f026 folded before Flop (didn't bet)
Seat 4: d3337aa7(small blind) folded on the Flop
Seat 6: Herowon ($14) with Pair of Aces
Seat 3: 6e1fd3fc folded before Flop (didn't bet)



Poker Hand #ring_827952369: NLH No Limit ($1/$2) - 2025/04/17 13:06:34
Table 'MR NLH 1/2' 7-max Seat #2 is the button
Seat 5: 5f57f2a4 ($582.62 in chips)
Seat 7: 2adb92ab ($524.04 in chips)
Seat 1: ca69682c ($407.29 in chips)
Seat 2: 62d1f026 ($407.73 in chips)
Seat 4: d3337aa7 ($109.71 in chips)
Seat 6: Hero ($354.54 in chips)
Seat 3: 6e1fd3fc ($206.27 in chips)
6e1fd3fc: posts small blind $1
d3337aa7: posts big blind $2
*** HOLE CARDS ***
Dealt to 5f57f2a4 
Dealt to 2adb92ab 
Dealt to ca69682c 
Dealt to 62d1f026 
Dealt to d3337aa7 
Dealt to Hero [6h 2s]
Dealt to 6e1fd3fc 
5f57f2a4: folds
Hero: folds
2adb92ab: folds
ca69682c: folds
62d1f026: folds
6e1fd3fc: folds
*** SHOWDOWN ***
d3337aa7 collected $3 from pot
*** SUMMARY ***
Total pot $3
Seat 5: 5f57f2a4 folded before Flop (didn't bet)
Seat 7: 2adb92ab folded before Flop (didn't bet)
Seat 1: ca69682c folded before Flop (didn't bet)
Seat 2: 62d1f026 folded before Flop (didn't bet)
Seat 4: d3337aa7(big blind)won ($3)
Seat 6: Hero folded before Flop (didn't bet)
Seat 3: 6e1fd3fc(small blind) folded before Flop



Poker Hand #ring_827951606: NLH No Limit ($1/$2) - 2025/04/17 13:05:41
Table 'MR NLH 1/2' 7-max Seat #1 is the button
Seat 5: 5f57f2a4 ($582.62 in chips)
Seat 7: 2adb92ab ($526.04 in chips)
Seat 1: ca69682c ($423.79 in chips)
Seat 2: 62d1f026 ($408.73 in chips)
Seat 4: d3337aa7 ($90.42 in chips)
Seat 6: Hero ($354.54 in chips)
Seat 3: 6e1fd3fc ($208.27 in chips)
62d1f026: posts small blind $1
6e1fd3fc: posts big blind $2
2adb92ab: posts big blind $2
*** HOLE CARDS ***
Dealt to 5f57f2a4 
Dealt to 2adb92ab 
Dealt to ca69682c 
Dealt to 62d1f026 
Dealt to d3337aa7 
Dealt to Hero [2s Qs]
Dealt to 6e1fd3fc 
d3337aa7: calls $2
5f57f2a4: folds
Hero: folds
2adb92ab: checks
ca69682c: raises $5 to $7
62d1f026: folds
6e1fd3fc: folds
d3337aa7: calls $5
2adb92ab: folds
*** FLOP *** [Th Kh Jh]
d3337aa7: checks
ca69682c: bets $9.5
d3337aa7: calls $9.5
*** TURN *** [Th Kh Jh] [9c]
d3337aa7: checks
ca69682c: checks
*** RIVER *** [Th Kh Jh 9c] [7c]
d3337aa7: bets $28.5
ca69682c: folds
Uncalled bet ($28.5) returned to d3337aa7
*** SHOWDOWN ***
d3337aa7 collected $38 from pot
*** SUMMARY ***
Total pot $38
Board [Th Kh Jh 9c 7c]
Seat 5: 5f57f2a4 folded before Flop (didn't bet)
Seat 7: 2adb92ab folded before Flop
Seat 1: ca69682c folded on the River
Seat 2: 62d1f026(small blind) folded before Flop
Seat 4: d3337aa7won ($38) with Ace-High
Seat 6: Hero folded before Flop (didn't bet)
Seat 3: 6e1fd3fc(big blind) folded before Flop



Poker Hand #ring_827951284: NLH No Limit ($1/$2) - 2025/04/17 13:05:18
Table 'MR NLH 1/2' 7-max Seat #0 is the button
Seat 5: 5f57f2a4 ($582.62 in chips)
Seat 1: ca69682c ($424.79 in chips)
Seat 2: 62d1f026 ($410.73 in chips)
Seat 4: d3337aa7 ($87.42 in chips)
Seat 6: Hero ($354.54 in chips)
Seat 3: 6e1fd3fc ($208.27 in chips)
ca69682c: posts small blind $1
62d1f026: posts big blind $2
*** HOLE CARDS ***
Dealt to 5f57f2a4 
Dealt to ca69682c 
Dealt to 62d1f026 
Dealt to d3337aa7 
Dealt to Hero [Kh 6s]
Dealt to 6e1fd3fc 
6e1fd3fc: folds
d3337aa7: raises $4 to $6
5f57f2a4: folds
Hero: folds
ca69682c: folds
62d1f026: folds
Uncalled bet ($4) returned to d3337aa7
*** SHOWDOWN ***
d3337aa7 collected $5 from pot
*** SUMMARY ***
Total pot $5
Seat 5: 5f57f2a4 folded before Flop (didn't bet)
Seat 1: ca69682c(small blind) folded before Flop
Seat 2: 62d1f026(big blind) folded before Flop
Seat 4: d3337aa7won ($5)
Seat 6: Hero folded before Flop (didn't bet)
Seat 3: 6e1fd3fc folded before Flop (didn't bet)



Poker Hand #ring_827950640: NLH No Limit ($1/$2) - 2025/04/17 13:04:33
Table 'MR NLH 1/2' 7-max Seat #6 is the button
Seat 5: 5f57f2a4 ($582.62 in chips)
Seat 7: 68e36863 ($527.04 in chips)
Seat 1: ca69682c ($426.79 in chips)
Seat 2: 62d1f026 ($410.73 in chips)
Seat 4: d3337aa7 ($84.42 in chips)
Seat 6: Hero ($354.54 in chips)
Seat 3: 6e1fd3fc ($208.27 in chips)
68e36863: posts small blind $1
ca69682c: posts big blind $2
*** HOLE CARDS ***
Dealt to 5f57f2a4 
Dealt to 68e36863 
Dealt to ca69682c 
Dealt to 62d1f026 
Dealt to d3337aa7 
Dealt to Hero [Qh 9h]
Dealt to 6e1fd3fc 
62d1f026: folds
6e1fd3fc: folds
d3337aa7: raises $9 to $11
5f57f2a4: folds
Hero: folds
68e36863: folds
ca69682c: folds
Uncalled bet ($9) returned to d3337aa7
*** SHOWDOWN ***
d3337aa7 collected $5 from pot
*** SUMMARY ***
Total pot $5
Seat 5: 5f57f2a4 folded before Flop (didn't bet)
Seat 7: 68e36863(small blind) folded before Flop
Seat 1: ca69682c(big blind) folded before Flop
Seat 2: 62d1f026 folded before Flop (didn't bet)
Seat 4: d3337aa7won ($5)
Seat 6: Hero folded before Flop (didn't bet)
Seat 3: 6e1fd3fc folded before Flop (didn't bet)



Poker Hand #ring_827949716: NLH No Limit ($1/$2) - 2025/04/17 13:03:29
Table 'MR NLH 1/2' 7-max Seat #5 is the button
Seat 5: 5f57f2a4 ($582.62 in chips)
Seat 7: 68e36863 ($547.04 in chips)
Seat 1: ca69682c ($426.79 in chips)
Seat 2: 62d1f026 ($410.73 in chips)
Seat 4: d3337aa7 ($84.42 in chips)
Seat 6: Hero ($336.84 in chips)
Seat 3: 6e1fd3fc ($208.27 in chips)
Hero: posts small blind $1
68e36863: posts big blind $2
*** HOLE CARDS ***
Dealt to 5f57f2a4 
Dealt to 68e36863 
Dealt to ca69682c 
Dealt to 62d1f026 
Dealt to d3337aa7 
Dealt to Hero [Qc Qh]
Dealt to 6e1fd3fc 
ca69682c: folds
62d1f026: folds
6e1fd3fc: folds
d3337aa7: folds
5f57f2a4: folds
Hero: raises $3 to $5
68e36863: calls $3
*** FLOP *** [2s Kd 4c]
Hero: checks
68e36863: checks
*** TURN *** [2s Kd 4c] [8s]
Hero: bets $5
68e36863: calls $5
*** RIVER *** [2s Kd 4c 8s] [Ac]
Hero: checks
68e36863: bets $10
Hero: calls $10
Hero: shows [Qc Qh]
68e36863: shows [6s 7c]
*** SHOWDOWN ***
Hero collected $40 from pot
*** SUMMARY ***
Total pot $40
Board [2s Kd 4c 8s Ac]
Seat 5: 5f57f2a4 folded before Flop (didn't bet)
Seat 7: 68e36863(big blind) showed [6s 7c] and lost with Ace-High
Seat 1: ca69682c folded before Flop (didn't bet)
Seat 2: 62d1f026 folded before Flop (didn't bet)
Seat 4: d3337aa7 folded before Flop (didn't bet)
Seat 6: Hero(small blind) showed [Qc Qh] and won ($40) with Pair of Queens
Seat 3: 6e1fd3fc folded before Flop (didn't bet)



Poker Hand #ring_827948686: NLH No Limit ($1/$2) - 2025/04/17 13:02:17
Table 'MR NLH 1/2' 7-max Seat #4 is the button
Seat 5: 5f57f2a4 ($583.62 in chips)
Seat 7: 68e36863 ($547.04 in chips)
Seat 1: ca69682c ($426.79 in chips)
Seat 2: 62d1f026 ($410.73 in chips)
Seat 4: d3337aa7 ($84.42 in chips)
Seat 6: Hero ($316.82 in chips)
Seat 3: 6e1fd3fc ($229.77 in chips)
5f57f2a4: posts small blind $1
Hero: posts big blind $2
*** HOLE CARDS ***
Dealt to 5f57f2a4 
Dealt to 68e36863 
Dealt to ca69682c 
Dealt to 62d1f026 
Dealt to d3337aa7 
Dealt to Hero [Jd Qd]
Dealt to 6e1fd3fc 
68e36863: folds
ca69682c: folds
62d1f026: folds
6e1fd3fc: raises $3 to $5
d3337aa7: folds
5f57f2a4: folds
Hero: calls $3
*** FLOP *** [7c 2d Qh]
Hero: checks
6e1fd3fc: checks
*** TURN *** [7c 2d Qh] [Ts]
Hero: checks
6e1fd3fc: bets $5.5
Hero: calls $5.5
*** RIVER *** [7c 2d Qh Ts] [7h]
Hero: checks
6e1fd3fc: bets $11
Hero: calls $11
6e1fd3fc: shows [Th Ah]
Hero: shows [Jd Qd]
*** SHOWDOWN ***
Hero collected $44 from pot
*** SUMMARY ***
Total pot $44
Board [7c 2d Qh Ts 7h]
Seat 5: 5f57f2a4(small blind) folded before Flop
Seat 7: 68e36863 folded before Flop (didn't bet)
Seat 1: ca69682c folded before Flop (didn't bet)
Seat 2: 62d1f026 folded before Flop (didn't bet)
Seat 4: d3337aa7 folded before Flop (didn't bet)
Seat 6: Hero(big blind) showed [Jd Qd] and won ($44) with Pair of Queens and Pair of Sevens
Seat 3: 6e1fd3fc showed [Th Ah] and lost with Pair of Tens and Pair of Sevens



Poker Hand #ring_827948356: NLH No Limit ($1/$2) - 2025/04/17 13:01:54
Table 'MR NLH 1/2' 7-max Seat #3 is the button
Seat 5: 5f57f2a4 ($585.62 in chips)
Seat 7: 68e36863 ($549.04 in chips)
Seat 1: ca69682c ($426.79 in chips)
Seat 2: 62d1f026 ($410.73 in chips)
Seat 4: d3337aa7 ($85.42 in chips)
Seat 6: Hero ($311.82 in chips)
Seat 3: 6e1fd3fc ($229.77 in chips)
d3337aa7: posts small blind $1
5f57f2a4: posts big blind $2
68e36863: posts big blind $2
*** HOLE CARDS ***
Dealt to 5f57f2a4 
Dealt to 68e36863 
Dealt to ca69682c 
Dealt to 62d1f026 
Dealt to d3337aa7 
Dealt to Hero [Tc Th]
Dealt to 6e1fd3fc 
Hero: raises $4 to $6
68e36863: folds
ca69682c: folds
62d1f026: folds
6e1fd3fc: folds
d3337aa7: folds
5f57f2a4: folds
Uncalled bet ($4) returned to Hero
*** SHOWDOWN ***
Hero collected $7 from pot
*** SUMMARY ***
Total pot $7
Seat 5: 5f57f2a4(big blind) folded before Flop
Seat 7: 68e36863 folded before Flop
Seat 1: ca69682c folded before Flop (didn't bet)
Seat 2: 62d1f026 folded before Flop (didn't bet)
Seat 4: d3337aa7(small blind) folded before Flop
Seat 6: Herowon ($7)
Seat 3: 6e1fd3fc folded before Flop (didn't bet)



Poker Hand #ring_827947569: NLH No Limit ($1/$2) - 2025/04/17 13:00:59
Table 'MR NLH 1/2' 7-max Seat #2 is the button
Seat 5: 5f57f2a4 ($585.62 in chips)
Seat 1: ca69682c ($426.79 in chips)
Seat 2: 62d1f026 ($397 in chips)
Seat 4: d3337aa7 ($100 in chips)
Seat 6: Hero ($311.82 in chips)
Seat 3: 6e1fd3fc ($230.77 in chips)
6e1fd3fc: posts small blind $1
d3337aa7: posts big blind $2
*** HOLE CARDS ***
Dealt to 5f57f2a4 
Dealt to ca69682c 
Dealt to 62d1f026 
Dealt to d3337aa7 
Dealt to Hero [Td Js]
Dealt to 6e1fd3fc 
5f57f2a4: folds
Hero: folds
ca69682c: folds
62d1f026: raises $4 to $6
6e1fd3fc: folds
d3337aa7: calls $4
*** FLOP *** [2c Jh 5c]
d3337aa7: checks
62d1f026: bets $8.58
d3337aa7: calls $8.58
*** TURN *** [2c Jh 5c] [7c]
d3337aa7: checks
62d1f026: bets $12.07
d3337aa7: folds
Uncalled bet ($12.07) returned to 62d1f026
*** SHOWDOWN ***
62d1f026 collected $30.16 from pot
*** SUMMARY ***
Total pot $30.16
Board [2c Jh 5c 7c]
Seat 5: 5f57f2a4 folded before Flop (didn't bet)
Seat 1: ca69682c folded before Flop (didn't bet)
Seat 2: 62d1f026won ($30.16) with Pair of Nines
Seat 4: d3337aa7(big blind) folded on the Turn
Seat 6: Hero folded before Flop (didn't bet)
Seat 3: 6e1fd3fc(small blind) folded before Flop



Poker Hand #ring_827947110: NLH No Limit ($1/$2) - 2025/04/17 13:00:26
Table 'MR NLH 1/2' 7-max Seat #1 is the button
Seat 5: 5f57f2a4 ($585.62 in chips)
Seat 1: ca69682c ($417.79 in chips)
Seat 2: 62d1f026 ($398 in chips)
Seat 6: Hero ($317.82 in chips)
Seat 3: 6e1fd3fc ($232.77 in chips)
62d1f026: posts small blind $1
6e1fd3fc: posts big blind $2
*** HOLE CARDS ***
Dealt to 5f57f2a4 
Dealt to ca69682c 
Dealt to 62d1f026 
Dealt to Hero [8d 9d]
Dealt to 6e1fd3fc 
5f57f2a4: folds
Hero: raises $4 to $6
ca69682c: raises $12 to $18
62d1f026: folds
6e1fd3fc: folds
Hero: folds
Uncalled bet ($12) returned to ca69682c
*** SHOWDOWN ***
ca69682c collected $15 from pot
*** SUMMARY ***
Total pot $15
Seat 5: 5f57f2a4 folded before Flop (didn't bet)
Seat 1: ca69682cwon ($15)
Seat 2: 62d1f026(small blind) folded before Flop
Seat 6: Hero folded before Flop
Seat 3: 6e1fd3fc(big blind) folded before Flop



Poker Hand #ring_827946792: NLH No Limit ($1/$2) - 2025/04/17 13:00:04
Table 'MR NLH 1/2' 7-max Seat #0 is the button
Seat 5: 5f57f2a4 ($582.62 in chips)
Seat 1: ca69682c ($418.79 in chips)
Seat 2: 62d1f026 ($400 in chips)
Seat 6: Hero ($317.82 in chips)
Seat 3: 6e1fd3fc ($232.77 in chips)
ca69682c: posts small blind $1
62d1f026: posts big blind $2
*** HOLE CARDS ***
Dealt to 5f57f2a4 
Dealt to ca69682c 
Dealt to 62d1f026 
Dealt to Hero [5c 9d]
Dealt to 6e1fd3fc 
6e1fd3fc: folds
5f57f2a4: raises $3 to $5
Hero: folds
ca69682c: folds
62d1f026: folds
Uncalled bet ($3) returned to 5f57f2a4
*** SHOWDOWN ***
5f57f2a4 collected $5 from pot
*** SUMMARY ***
Total pot $5
Seat 5: 5f57f2a4won ($5)
Seat 1: ca69682c(small blind) folded before Flop
Seat 2: 62d1f026(big blind) folded before Flop
Seat 6: Hero folded before Flop (didn't bet)
Seat 3: 6e1fd3fc folded before Flop (didn't bet)



Poker Hand #ring_827946491: NLH No Limit ($1/$2) - 2025/04/17 12:59:42
Table 'MR NLH 1/2' 7-max Seat #6 is the button
Seat 5: 5f57f2a4 ($582.62 in chips)
Seat 1: ca69682c ($420.79 in chips)
Seat 6: Hero ($315.82 in chips)
Seat 3: 6e1fd3fc ($232.77 in chips)
ca69682c: posts big blind $2
*** HOLE CARDS ***
Dealt to 5f57f2a4 
Dealt to ca69682c 
Dealt to Hero [Qh Qs]
Dealt to 6e1fd3fc 
6e1fd3fc: folds
5f57f2a4: folds
Hero: raises $4 to $6
ca69682c: folds
Uncalled bet ($4) returned to Hero
Hero: shows [Qh Qs]
*** SHOWDOWN ***
Hero collected $4 from pot
*** SUMMARY ***
Total pot $4
Seat 5: 5f57f2a4 folded before Flop (didn't bet)
Seat 1: ca69682c(big blind) folded before Flop
Seat 6: Hero showed [Qh Qs] and won ($4)
Seat 3: 6e1fd3fc folded before Flop (didn't bet)



Poker Hand #ring_827945447: NLH No Limit ($1/$2) - 2025/04/17 12:58:30
Table 'MR NLH 1/2' 7-max Seat #5 is the button
Seat 5: 5f57f2a4 ($582.62 in chips)
Seat 7: af97adf2 ($230 in chips)
Seat 1: ca69682c ($459.39 in chips)
Seat 6: Hero ($279.28 in chips)
Seat 3: 6e1fd3fc ($232.77 in chips)
Hero: posts small blind $1
af97adf2: posts big blind $2
*** HOLE CARDS ***
Dealt to 5f57f2a4 
Dealt to af97adf2 
Dealt to ca69682c 
Dealt to Hero [Ah Qs]
Dealt to 6e1fd3fc 
ca69682c: raises $3 to $5
6e1fd3fc: folds
5f57f2a4: folds
Hero: raises $13.8 to $18.8
af97adf2: folds
ca69682c: calls $13.8
*** FLOP *** [3s Kc Ad]
Hero: bets $19.8
ca69682c: calls $19.8
*** TURN *** [3s Kc Ad] [Qh]
Hero: bets $44
ca69682c: folds
Uncalled bet ($44) returned to Hero
*** SHOWDOWN ***
Hero collected $79.2 from pot
*** SUMMARY ***
Total pot $79.2
Board [3s Kc Ad Qh]
Seat 5: 5f57f2a4 folded before Flop (didn't bet)
Seat 7: af97adf2(big blind) folded before Flop
Seat 1: ca69682c folded on the Turn
Seat 6: Hero(small blind)won ($79.2) with Pair of Aces and Pair of Queens
Seat 3: 6e1fd3fc folded before Flop (didn't bet)



Poker Hand #ring_827944516: NLH No Limit ($1/$2) - 2025/04/17 12:57:25
Table 'MR NLH 1/2' 7-max Seat #0 is the button
Seat 5: 5f57f2a4 ($583.62 in chips)
Seat 1: ca69682c ($459.39 in chips)
Seat 6: Hero ($296.38 in chips)
Seat 3: 6e1fd3fc ($216.75 in chips)
5f57f2a4: posts small blind $1
Hero: posts big blind $2
*** HOLE CARDS ***
Dealt to 5f57f2a4 
Dealt to ca69682c 
Dealt to Hero [2s Kh]
Dealt to 6e1fd3fc 
ca69682c: folds
6e1fd3fc: raises $3 to $5
5f57f2a4: folds
Hero: calls $3
*** FLOP *** [2c 4s 7h]
Hero: checks
6e1fd3fc: checks
*** TURN *** [2c 4s 7h] [Jh]
Hero: checks
6e1fd3fc: bets $5.5
Hero: calls $5.5
*** RIVER *** [2c 4s 7h Jh] [Qd]
Hero: bets $6.6
6e1fd3fc: raises $15.4 to $22
Hero: folds
Uncalled bet ($15.4) returned to 6e1fd3fc
*** SHOWDOWN ***
6e1fd3fc collected $35.2 from pot
*** SUMMARY ***
Total pot $35.2
Board [2c 4s 7h Jh Qd]
Seat 5: 5f57f2a4(small blind) folded before Flop
Seat 1: ca69682c folded before Flop (didn't bet)
Seat 6: Hero(big blind) folded on the River
Seat 3: 6e1fd3fcwon ($35.2) with Pair of Queens and Pair of Jacks



Poker Hand #ring_827943559: NLH No Limit ($1/$2) - 2025/04/17 12:56:18
Table 'MR NLH 1/2' 7-max Seat #3 is the button
Seat 5: 5f57f2a4 ($585.62 in chips)
Seat 1: ca69682c ($380.73 in chips)
Seat 4: fadbf350 ($79.64 in chips)
Seat 6: Hero ($296.38 in chips)
Seat 3: 6e1fd3fc ($221.75 in chips)
fadbf350: posts small blind $1
5f57f2a4: posts big blind $2
*** HOLE CARDS ***
Dealt to 5f57f2a4 
Dealt to ca69682c 
Dealt to fadbf350 
Dealt to Hero [Kh 5h]
Dealt to 6e1fd3fc 
Hero: folds
ca69682c: raises $3 to $5
6e1fd3fc: calls $5
fadbf350: calls $4
5f57f2a4: folds
*** FLOP *** [3c 9c Jd]
fadbf350: checks
ca69682c: bets $8.5
6e1fd3fc: folds
fadbf350: raises $17 to $25.5
ca69682c: raises $34 to $59.5
fadbf350: raises $15.14 to $74.64 and is all-in
ca69682c: calls $15.14
ca69682c: shows [Ac Jc] (Pair of Jacks)
fadbf350: shows [Js 5c] (Pair of Jacks)
*** TURN *** [3c 9c Jd] [Qd]
*** RIVER *** [3c 9c Jd Qd] [6c]
*** SHOWDOWN ***
ca69682c collected $166.28 from pot
*** SUMMARY ***
Total pot $166.28
Board [3c 9c Jd Qd 6c]
Seat 5: 5f57f2a4(big blind) folded before Flop
Seat 1: ca69682c showed [Ac Jc] and won ($166.28) with Ace High Flush
Seat 4: fadbf350(small blind) showed [Js 5c] and lost with Pair of Jacks
Seat 6: Hero folded before Flop (didn't bet)
Seat 3: 6e1fd3fc folded on the Flop



Poker Hand #ring_827943092: NLH No Limit ($1/$2) - 2025/04/17 12:55:46
Table 'MR NLH 1/2' 7-max Seat #0 is the button
Seat 5: 5f57f2a4 ($585.62 in chips)
Seat 1: ca69682c ($375.22 in chips)
Seat 4: fadbf350 ($84.64 in chips)
Seat 6: Hero ($296.38 in chips)
Seat 3: 6e1fd3fc ($222.75 in chips)
6e1fd3fc: posts small blind $1
fadbf350: posts big blind $2
*** HOLE CARDS ***
Dealt to 5f57f2a4 
Dealt to ca69682c 
Dealt to fadbf350 
Dealt to Hero [Qd 9s]
Dealt to 6e1fd3fc 
5f57f2a4: folds
Hero: folds
ca69682c: raises $3 to $5
6e1fd3fc: folds
fadbf350: calls $3
*** FLOP *** [Ks 8s 4h]
fadbf350: checks
ca69682c: bets $5.5
fadbf350: folds
Uncalled bet ($5.5) returned to ca69682c
*** SHOWDOWN ***
ca69682c collected $11 from pot
*** SUMMARY ***
Total pot $11
Board [Ks 8s 4h]
Seat 5: 5f57f2a4 folded before Flop (didn't bet)
Seat 1: ca69682cwon ($11) with Ace-High
Seat 4: fadbf350(big blind) folded on the Flop
Seat 6: Hero folded before Flop (didn't bet)
Seat 3: 6e1fd3fc(small blind) folded before Flop



Poker Hand #ring_827942398: NLH No Limit ($1/$2) - 2025/04/17 12:54:57
Table 'MR NLH 1/2' 7-max Seat #1 is the button
Seat 5: 5f57f2a4 ($585.62 in chips)
Seat 2: 56daa145 ($212 in chips)
Seat 1: ca69682c ($375.22 in chips)
Seat 4: fadbf350 ($109.14 in chips)
Seat 6: Hero ($296.38 in chips)
Seat 3: 6e1fd3fc ($200 in chips)
56daa145: posts small blind $1
6e1fd3fc: posts big blind $2
*** HOLE CARDS ***
Dealt to 5f57f2a4 
Dealt to 56daa145 
Dealt to ca69682c 
Dealt to fadbf350 
Dealt to Hero [2d 7d]
Dealt to 6e1fd3fc 
fadbf350: calls $2
5f57f2a4: folds
Hero: folds
ca69682c: folds
56daa145: folds
6e1fd3fc: checks
*** FLOP *** [9c 9d 9h]
6e1fd3fc: checks
fadbf350: bets $2.5
6e1fd3fc: calls $2.5
*** TURN *** [9c 9d 9h] [6h]
6e1fd3fc: checks
fadbf350: bets $5
6e1fd3fc: calls $5
*** RIVER *** [9c 9d 9h 6h] [2c]
6e1fd3fc: checks
fadbf350: bets $15
6e1fd3fc: calls $15
6e1fd3fc: shows [2s Ts]
fadbf350: shows [Td 8c]
*** SHOWDOWN ***
6e1fd3fc collected $50 from pot
*** SUMMARY ***
Total pot $50
Board [9c 9d 9h 6h 2c]
Seat 5: 5f57f2a4 folded before Flop (didn't bet)
Seat 2: 56daa145(small blind) folded before Flop
Seat 1: ca69682c folded before Flop (didn't bet)
Seat 4: fadbf350 showed [Td 8c] and lost with Three Nines
Seat 6: Hero folded before Flop (didn't bet)
Seat 3: 6e1fd3fc(big blind) showed [2s Ts] and won ($50) with Nines Full over Twos



Poker Hand #ring_827940825: NLH No Limit ($1/$2) - 2025/04/17 12:53:10
Table 'MR NLH 1/2' 7-max Seat #7 is the button
Seat 5: 5f57f2a4 ($450.46 in chips)
Seat 7: 8a7d4648 ($145.92 in chips)
Seat 2: 56daa145 ($214 in chips)
Seat 1: ca69682c ($376.22 in chips)
Seat 4: fadbf350 ($109.14 in chips)
Seat 6: Hero ($296.38 in chips)
ca69682c: posts small blind $1
56daa145: posts big blind $2
*** HOLE CARDS ***
Dealt to 5f57f2a4 
Dealt to 8a7d4648 
Dealt to 56daa145 
Dealt to ca69682c 
Dealt to fadbf350 
Dealt to Hero [9h 5h]
fadbf350: folds
5f57f2a4: raises $4 to $6
Hero: folds
8a7d4648: raises $8 to $14
ca69682c: folds
56daa145: folds
5f57f2a4: raises $23.25 to $37.25
8a7d4648: calls $23.25
*** FLOP *** [5c 4d 3d]
5f57f2a4: bets $250
8a7d4648: calls $108.67 and is all-in
Uncalled bet ($141.33) returned to 5f57f2a4
5f57f2a4: shows [Ah Kd] (Ace-High)
8a7d4648: shows [Jc Jd] (Pair of Jacks)
*** TURN *** [5c 4d 3d] [Ks]
*** RIVER *** [5c 4d 3d Ks] [As]
*** SHOWDOWN ***
5f57f2a4 collected $294.84 from pot
*** SUMMARY ***
Total pot $294.84
Board [5c 4d 3d Ks As]
Seat 5: 5f57f2a4 showed [Ah Kd] and won ($294.84) with Pair of Aces and Pair of Kings
Seat 7: 8a7d4648 showed [Jc Jd] and lost with Pair of Jacks
Seat 2: 56daa145(big blind) folded before Flop
Seat 1: ca69682c(small blind) folded before Flop
Seat 4: fadbf350 folded before Flop (didn't bet)
Seat 6: Hero folded before Flop (didn't bet)



Poker Hand #ring_827940259: NLH No Limit ($1/$2) - 2025/04/17 12:52:30
Table 'MR NLH 1/2' 7-max Seat #6 is the button
Seat 3: 37812e4a ($155.41 in chips)
Seat 5: 5f57f2a4 ($450.46 in chips)
Seat 7: 8a7d4648 ($146.92 in chips)
Seat 1: ca69682c ($378.22 in chips)
Seat 4: fadbf350 ($106.36 in chips)
Seat 6: Hero ($296.38 in chips)
8a7d4648: posts small blind $1
ca69682c: posts big blind $2
*** HOLE CARDS ***
Dealt to 37812e4a 
Dealt to 5f57f2a4 
Dealt to 8a7d4648 
Dealt to ca69682c 
Dealt to fadbf350 
Dealt to Hero [2d 5s]
37812e4a: folds
fadbf350: calls $2
5f57f2a4: folds
Hero: folds
8a7d4648: folds
ca69682c: checks
*** FLOP *** [Ks Jd Qs]
ca69682c: checks
fadbf350: bets $2.5
ca69682c: folds
Uncalled bet ($2.5) returned to fadbf350
*** SHOWDOWN ***
fadbf350 collected $5 from pot
*** SUMMARY ***
Total pot $5
Board [Ks Jd Qs]
Seat 3: 37812e4a folded before Flop (didn't bet)
Seat 5: 5f57f2a4 folded before Flop (didn't bet)
Seat 7: 8a7d4648(small blind) folded before Flop
Seat 1: ca69682c(big blind) folded on the Flop
Seat 4: fadbf350won ($5) with Pair of Queens
Seat 6: Hero folded before Flop (didn't bet)



Poker Hand #ring_827939690: NLH No Limit ($1/$2) - 2025/04/17 12:51:57
Table 'MR NLH 1/2' 7-max Seat #5 is the button
Seat 3: 37812e4a ($155.41 in chips)
Seat 5: 5f57f2a4 ($450.46 in chips)
Seat 7: 8a7d4648 ($148.92 in chips)
Seat 1: ca69682c ($378.22 in chips)
Seat 4: fadbf350 ($103.36 in chips)
Seat 6: Hero ($297.38 in chips)
Hero: posts small blind $1
8a7d4648: posts big blind $2
*** HOLE CARDS ***
Dealt to 37812e4a 
Dealt to 5f57f2a4 
Dealt to 8a7d4648 
Dealt to ca69682c 
Dealt to fadbf350 
Dealt to Hero [Ts 5s]
ca69682c: folds
37812e4a: folds
fadbf350: raises $4 to $6
5f57f2a4: folds
Hero: folds
8a7d4648: folds
Uncalled bet ($4) returned to fadbf350
*** SHOWDOWN ***
fadbf350 collected $5 from pot
*** SUMMARY ***
Total pot $5
Seat 3: 37812e4a folded before Flop (didn't bet)
Seat 5: 5f57f2a4 folded before Flop (didn't bet)
Seat 7: 8a7d4648(big blind) folded before Flop
Seat 1: ca69682c folded before Flop (didn't bet)
Seat 4: fadbf350won ($5)
Seat 6: Hero(small blind) folded before Flop



Poker Hand #ring_827938931: NLH No Limit ($1/$2) - 2025/04/17 12:51:04
Table 'MR NLH 1/2' 7-max Seat #4 is the button
Seat 3: 37812e4a ($182.41 in chips)
Seat 5: 5f57f2a4 ($451.46 in chips)
Seat 7: 8a7d4648 ($148.92 in chips)
Seat 1: ca69682c ($383.22 in chips)
Seat 4: fadbf350 ($108.36 in chips)
Seat 6: Hero ($262.8 in chips)
5f57f2a4: posts small blind $1
Hero: posts big blind $2
*** HOLE CARDS ***
Dealt to 37812e4a 
Dealt to 5f57f2a4 
Dealt to 8a7d4648 
Dealt to ca69682c 
Dealt to fadbf350 
Dealt to Hero [As Kh]
8a7d4648: folds
ca69682c: raises $3 to $5
37812e4a: calls $5
fadbf350: calls $5
5f57f2a4: folds
Hero: raises $22 to $27
ca69682c: folds
37812e4a: calls $22
fadbf350: folds
*** FLOP *** [5d 9d Jd]
Hero: bets $19.5
37812e4a: folds
Uncalled bet ($19.5) returned to Hero
*** SHOWDOWN ***
Hero collected $65 from pot
*** SUMMARY ***
Total pot $65
Board [5d 9d Jd]
Seat 3: 37812e4a folded on the Flop
Seat 5: 5f57f2a4(small blind) folded before Flop
Seat 7: 8a7d4648 folded before Flop (didn't bet)
Seat 1: ca69682c folded before Flop
Seat 4: fadbf350 folded before Flop
Seat 6: Hero(big blind)won ($65) with Ace-High



Poker Hand #ring_827937505: NLH No Limit ($1/$2) - 2025/04/17 12:49:25
Table 'MR NLH 1/2' 7-max Seat #3 is the button
Seat 3: 37812e4a ($182.41 in chips)
Seat 5: 5f57f2a4 ($409.42 in chips)
Seat 7: 8a7d4648 ($148.92 in chips)
Seat 1: ca69682c ($383.22 in chips)
Seat 4: fadbf350 ($113.36 in chips)
Seat 6: Hero ($304.29 in chips)
fadbf350: posts small blind $1
5f57f2a4: posts big blind $2
*** HOLE CARDS ***
Dealt to 37812e4a 
Dealt to 5f57f2a4 
Dealt to 8a7d4648 
Dealt to ca69682c 
Dealt to fadbf350 
Dealt to Hero [4h 4d]
Hero: raises $3 to $5
8a7d4648: folds
ca69682c: folds
37812e4a: folds
fadbf350: calls $4
5f57f2a4: raises $19 to $24
Hero: calls $19
fadbf350: folds
*** FLOP *** [3h Jd Ks]
5f57f2a4: bets $17.49
Hero: calls $17.49
*** TURN *** [3h Jd Ks] [Qh]
5f57f2a4: checks
Hero: checks
*** RIVER *** [3h Jd Ks Qh] [Qd]
5f57f2a4: bets $65.99
Hero: folds
Uncalled bet ($65.99) returned to 5f57f2a4
*** SHOWDOWN ***
5f57f2a4 collected $87.98 from pot
*** SUMMARY ***
Total pot $87.98
Board [3h Jd Ks Qh Qd]
Seat 3: 37812e4a folded before Flop (didn't bet)
Seat 5: 5f57f2a4(big blind)won ($87.98) with Three Queens
Seat 7: 8a7d4648 folded before Flop (didn't bet)
Seat 1: ca69682c folded before Flop (didn't bet)
Seat 4: fadbf350(small blind) folded before Flop
Seat 6: Hero folded on the River



Poker Hand #ring_827937073: NLH No Limit ($1/$2) - 2025/04/17 12:48:57
Table 'MR NLH 1/2' 7-max Seat #1 is the button
Seat 3: 37812e4a ($183.41 in chips)
Seat 5: 5f57f2a4 ($409.42 in chips)
Seat 7: 8a7d4648 ($148.92 in chips)
Seat 1: ca69682c ($377.71 in chips)
Seat 4: fadbf350 ($118.36 in chips)
Seat 6: Hero ($304.29 in chips)
37812e4a: posts small blind $1
fadbf350: posts big blind $2
*** HOLE CARDS ***
Dealt to 37812e4a 
Dealt to 5f57f2a4 
Dealt to 8a7d4648 
Dealt to ca69682c 
Dealt to fadbf350 
Dealt to Hero [8c 7s]
5f57f2a4: folds
Hero: folds
8a7d4648: folds
ca69682c: raises $3 to $5
37812e4a: folds
fadbf350: calls $3
*** FLOP *** [6h Ad Qc]
fadbf350: checks
ca69682c: bets $5.5
fadbf350: folds
Uncalled bet ($5.5) returned to ca69682c
*** SHOWDOWN ***
ca69682c collected $11 from pot
*** SUMMARY ***
Total pot $11
Board [6h Ad Qc]
Seat 3: 37812e4a(small blind) folded before Flop
Seat 5: 5f57f2a4 folded before Flop (didn't bet)
Seat 7: 8a7d4648 folded before Flop (didn't bet)
Seat 1: ca69682cwon ($11) with Ace-High
Seat 4: fadbf350(big blind) folded on the Flop
Seat 6: Hero folded before Flop (didn't bet)



Poker Hand #ring_827936528: NLH No Limit ($1/$2) - 2025/04/17 12:48:20
Table 'MR NLH 1/2' 7-max Seat #7 is the button
Seat 3: 37812e4a ($189.41 in chips)
Seat 5: 5f57f2a4 ($409.42 in chips)
Seat 7: 8a7d4648 ($148.92 in chips)
Seat 1: ca69682c ($378.71 in chips)
Seat 4: fadbf350 ($111.94 in chips)
Seat 6: Hero ($304.29 in chips)
ca69682c: posts small blind $1
37812e4a: posts big blind $2
*** HOLE CARDS ***
Dealt to 37812e4a 
Dealt to 5f57f2a4 
Dealt to 8a7d4648 
Dealt to ca69682c 
Dealt to fadbf350 
Dealt to Hero [2h Qc]
fadbf350: raises $4 to $6
5f57f2a4: folds
Hero: folds
8a7d4648: folds
ca69682c: folds
37812e4a: calls $4
*** FLOP *** [3d 5d Ad]
37812e4a: checks
fadbf350: bets $6.5
37812e4a: folds
Uncalled bet ($6.5) returned to fadbf350
*** SHOWDOWN ***
fadbf350 collected $13 from pot
*** SUMMARY ***
Total pot $13
Board [3d 5d Ad]
Seat 3: 37812e4a(big blind) folded on the Flop
Seat 5: 5f57f2a4 folded before Flop (didn't bet)
Seat 7: 8a7d4648 folded before Flop (didn't bet)
Seat 1: ca69682c(small blind) folded before Flop
Seat 4: fadbf350won ($13) with Ace-High
Seat 6: Hero folded before Flop (didn't bet)



Poker Hand #ring_827936007: NLH No Limit ($1/$2) - 2025/04/17 12:47:44
Table 'MR NLH 1/2' 7-max Seat #6 is the button
Seat 3: 37812e4a ($189.41 in chips)
Seat 5: 5f57f2a4 ($414.42 in chips)
Seat 7: 8a7d4648 ($149.92 in chips)
Seat 1: ca69682c ($380.71 in chips)
Seat 4: fadbf350 ($111.94 in chips)
Seat 6: Hero ($296.29 in chips)
8a7d4648: posts small blind $1
ca69682c: posts big blind $2
*** HOLE CARDS ***
Dealt to 37812e4a 
Dealt to 5f57f2a4 
Dealt to 8a7d4648 
Dealt to ca69682c 
Dealt to fadbf350 
Dealt to Hero [Jh Jc]
37812e4a: folds
fadbf350: folds
5f57f2a4: raises $3 to $5
Hero: raises $15 to $20
8a7d4648: folds
ca69682c: folds
5f57f2a4: folds
Uncalled bet ($15) returned to Hero
*** SHOWDOWN ***
Hero collected $13 from pot
*** SUMMARY ***
Total pot $13
Seat 3: 37812e4a folded before Flop (didn't bet)
Seat 5: 5f57f2a4 folded before Flop
Seat 7: 8a7d4648(small blind) folded before Flop
Seat 1: ca69682c(big blind) folded before Flop
Seat 4: fadbf350 folded before Flop (didn't bet)
Seat 6: Herowon ($13)



Poker Hand #ring_827935064: NLH No Limit ($1/$2) - 2025/04/17 12:46:40
Table 'MR NLH 1/2' 7-max Seat #5 is the button
Seat 3: 37812e4a ($194.41 in chips)
Seat 5: 5f57f2a4 ($419.42 in chips)
Seat 7: 8a7d4648 ($151.92 in chips)
Seat 1: ca69682c ($385.71 in chips)
Seat 4: fadbf350 ($91.65 in chips)
Seat 6: Hero ($301.29 in chips)
Hero: posts small blind $1
8a7d4648: posts big blind $2
*** HOLE CARDS ***
Dealt to 37812e4a 
Dealt to 5f57f2a4 
Dealt to 8a7d4648 
Dealt to ca69682c 
Dealt to fadbf350 
Dealt to Hero [7h Qh]
ca69682c: raises $3 to $5
37812e4a: calls $5
fadbf350: calls $5
5f57f2a4: calls $5
Hero: calls $4
8a7d4648: folds
*** FLOP *** [2d Ac Qc]
Hero: checks
ca69682c: checks
37812e4a: checks
fadbf350: bets $8.91
5f57f2a4: folds
Hero: folds
ca69682c: folds
37812e4a: folds
Uncalled bet ($8.91) returned to fadbf350
*** SHOWDOWN ***
fadbf350 collected $27 from pot
*** SUMMARY ***
Total pot $27
Board [2d Ac Qc]
Seat 3: 37812e4a folded on the Flop
Seat 5: 5f57f2a4 folded on the Flop
Seat 7: 8a7d4648(big blind) folded before Flop
Seat 1: ca69682c folded on the Flop
Seat 4: fadbf350won ($27) with Pair of Queens
Seat 6: Hero(small blind) folded on the Flop



Poker Hand #ring_827934448: NLH No Limit ($1/$2) - 2025/04/17 12:46:11
Table 'MR NLH 1/2' 7-max Seat #4 is the button
Seat 3: 37812e4a ($194.41 in chips)
Seat 5: 5f57f2a4 ($420.42 in chips)
Seat 7: 8a7d4648 ($151.92 in chips)
Seat 1: ca69682c ($385.71 in chips)
Seat 4: fadbf350 ($85.23 in chips)
Seat 6: Hero ($307.29 in chips)
5f57f2a4: posts small blind $1
Hero: posts big blind $2
*** HOLE CARDS ***
Dealt to 37812e4a 
Dealt to 5f57f2a4 
Dealt to 8a7d4648 
Dealt to ca69682c 
Dealt to fadbf350 
Dealt to Hero [Kc 7c]
8a7d4648: folds
ca69682c: folds
37812e4a: folds
fadbf350: raises $4 to $6
5f57f2a4: folds
Hero: calls $4
*** FLOP *** [Qh 8h Jd]
Hero: checks
fadbf350: bets $4.29
Hero: folds
Uncalled bet ($4.29) returned to fadbf350
*** SHOWDOWN ***
fadbf350 collected $13 from pot
*** SUMMARY ***
Total pot $13
Board [Qh 8h Jd]
Seat 3: 37812e4a folded before Flop (didn't bet)
Seat 5: 5f57f2a4(small blind) folded before Flop
Seat 7: 8a7d4648 folded before Flop (didn't bet)
Seat 1: ca69682c folded before Flop (didn't bet)
Seat 4: fadbf350won ($13) with Pair of Jacks
Seat 6: Hero(big blind) folded on the Flop



Poker Hand #ring_827933970: NLH No Limit ($1/$2) - 2025/04/17 12:45:38
Table 'MR NLH 1/2' 7-max Seat #3 is the button
Seat 3: 37812e4a ($199.41 in chips)
Seat 5: 5f57f2a4 ($422.42 in chips)
Seat 7: 8a7d4648 ($151.92 in chips)
Seat 1: ca69682c ($385.71 in chips)
Seat 4: fadbf350 ($78.77 in chips)
Seat 6: Hero ($307.29 in chips)
fadbf350: posts small blind $1
5f57f2a4: posts big blind $2
*** HOLE CARDS ***
Dealt to 37812e4a 
Dealt to 5f57f2a4 
Dealt to 8a7d4648 
Dealt to ca69682c 
Dealt to fadbf350 
Dealt to Hero [Kc 7s]
Hero: folds
8a7d4648: folds
ca69682c: folds
37812e4a: raises $3 to $5
fadbf350: calls $4
5f57f2a4: folds
*** FLOP *** [7h 7c 3c]
fadbf350: checks
37812e4a: checks
*** TURN *** [7h 7c 3c] [2d]
fadbf350: bets $3.96
37812e4a: folds
Uncalled bet ($3.96) returned to fadbf350
*** SHOWDOWN ***
fadbf350 collected $12 from pot
*** SUMMARY ***
Total pot $12
Board [7h 7c 3c 2d]
Seat 3: 37812e4a folded on the Turn
Seat 5: 5f57f2a4(big blind) folded before Flop
Seat 7: 8a7d4648 folded before Flop (didn't bet)
Seat 1: ca69682c folded before Flop (didn't bet)
Seat 4: fadbf350(small blind)won ($12) with Pair of Sevens
Seat 6: Hero folded before Flop (didn't bet)



Poker Hand #ring_827933561: NLH No Limit ($1/$2) - 2025/04/17 12:45:09
Table 'MR NLH 1/2' 7-max Seat #1 is the button
Seat 3: 37812e4a ($200.41 in chips)
Seat 5: 5f57f2a4 ($422.42 in chips)
Seat 7: 8a7d4648 ($151.92 in chips)
Seat 1: ca69682c ($382.71 in chips)
Seat 4: fadbf350 ($80.77 in chips)
Seat 6: Hero ($307.29 in chips)
37812e4a: posts small blind $1
fadbf350: posts big blind $2
*** HOLE CARDS ***
Dealt to 37812e4a 
Dealt to 5f57f2a4 
Dealt to 8a7d4648 
Dealt to ca69682c 
Dealt to fadbf350 
Dealt to Hero [2d 6h]
5f57f2a4: folds
Hero: folds
8a7d4648: folds
ca69682c: raises $3 to $5
37812e4a: folds
fadbf350: folds
Uncalled bet ($3) returned to ca69682c
*** SHOWDOWN ***
ca69682c collected $5 from pot
*** SUMMARY ***
Total pot $5
Seat 3: 37812e4a(small blind) folded before Flop
Seat 5: 5f57f2a4 folded before Flop (didn't bet)
Seat 7: 8a7d4648 folded before Flop (didn't bet)
Seat 1: ca69682cwon ($5)
Seat 4: fadbf350(big blind) folded before Flop
Seat 6: Hero folded before Flop (didn't bet)



Poker Hand #ring_827933054: NLH No Limit ($1/$2) - 2025/04/17 12:44:34
Table 'MR NLH 1/2' 7-max Seat #7 is the button
Seat 3: 37812e4a ($202.41 in chips)
Seat 5: 5f57f2a4 ($422.42 in chips)
Seat 7: 8a7d4648 ($142.68 in chips)
Seat 1: ca69682c ($383.71 in chips)
Seat 4: fadbf350 ($87.77 in chips)
Seat 6: Hero ($307.29 in chips)
ca69682c: posts small blind $1
37812e4a: posts big blind $2
*** HOLE CARDS ***
Dealt to 37812e4a 
Dealt to 5f57f2a4 
Dealt to 8a7d4648 
Dealt to ca69682c 
Dealt to fadbf350 
Dealt to Hero [6h Kd]
fadbf350: calls $2
5f57f2a4: folds
Hero: folds
8a7d4648: raises $5 to $7
ca69682c: folds
37812e4a: folds
fadbf350: calls $5
*** FLOP *** [9d 5h 9c]
fadbf350: checks
8a7d4648: bets $8.5
fadbf350: folds
Uncalled bet ($8.5) returned to 8a7d4648
*** SHOWDOWN ***
8a7d4648 collected $17 from pot
*** SUMMARY ***
Total pot $17
Board [9d 5h 9c]
Seat 3: 37812e4a(big blind) folded before Flop
Seat 5: 5f57f2a4 folded before Flop (didn't bet)
Seat 7: 8a7d4648won ($17) with Pair of Nines
Seat 1: ca69682c(small blind) folded before Flop
Seat 4: fadbf350 folded on the Flop
Seat 6: Hero folded before Flop (didn't bet)



Poker Hand #ring_827932588: NLH No Limit ($1/$2) - 2025/04/17 12:44:03
Table 'MR NLH 1/2' 7-max Seat #6 is the button
Seat 3: 37812e4a ($202.41 in chips)
Seat 5: 5f57f2a4 ($422.42 in chips)
Seat 7: 8a7d4648 ($143.68 in chips)
Seat 2: 260b5131 ($549.04 in chips)
Seat 1: ca69682c ($385.71 in chips)
Seat 4: fadbf350 ($84.77 in chips)
Seat 6: Hero ($307.29 in chips)
8a7d4648: posts small blind $1
ca69682c: posts big blind $2
*** HOLE CARDS ***
Dealt to 37812e4a 
Dealt to 5f57f2a4 
Dealt to 8a7d4648 
Dealt to 260b5131 
Dealt to ca69682c 
Dealt to fadbf350 
Dealt to Hero [8d 4s]
260b5131: folds
37812e4a: folds
fadbf350: raises $4 to $6
5f57f2a4: folds
Hero: folds
8a7d4648: folds
ca69682c: folds
Uncalled bet ($4) returned to fadbf350
*** SHOWDOWN ***
fadbf350 collected $5 from pot
*** SUMMARY ***
Total pot $5
Seat 3: 37812e4a folded before Flop (didn't bet)
Seat 5: 5f57f2a4 folded before Flop (didn't bet)
Seat 7: 8a7d4648(small blind) folded before Flop
Seat 2: 260b5131 folded before Flop (didn't bet)
Seat 1: ca69682c(big blind) folded before Flop
Seat 4: fadbf350won ($5)
Seat 6: Hero folded before Flop (didn't bet)



Poker Hand #ring_827931787: NLH No Limit ($1/$2) - 2025/04/17 12:43:10
Table 'MR NLH 1/2' 7-max Seat #5 is the button
Seat 3: 37812e4a ($202.41 in chips)
Seat 5: 5f57f2a4 ($411.86 in chips)
Seat 7: 8a7d4648 ($145.68 in chips)
Seat 2: 260b5131 ($549.04 in chips)
Seat 1: ca69682c ($385.71 in chips)
Seat 4: fadbf350 ($93.77 in chips)
Seat 6: Hero ($308.29 in chips)
Hero: posts small blind $1
8a7d4648: posts big blind $2
*** HOLE CARDS ***
Dealt to 37812e4a 
Dealt to 5f57f2a4 
Dealt to 8a7d4648 
Dealt to 260b5131 
Dealt to ca69682c 
Dealt to fadbf350 
Dealt to Hero [Th 9d]
ca69682c: folds
260b5131: folds
37812e4a: folds
fadbf350: calls $2
5f57f2a4: raises $7 to $9
Hero: folds
8a7d4648: folds
fadbf350: calls $7
*** FLOP *** [Qc Ts 7c]
fadbf350: checks
5f57f2a4: checks
*** TURN *** [Qc Ts 7c] [Kh]
fadbf350: checks
5f57f2a4: bets $15.75
fadbf350: folds
Uncalled bet ($15.75) returned to 5f57f2a4
*** SHOWDOWN ***
5f57f2a4 collected $21 from pot
*** SUMMARY ***
Total pot $21
Board [Qc Ts 7c Kh]
Seat 3: 37812e4a folded before Flop (didn't bet)
Seat 5: 5f57f2a4won ($21) with Pair of Fives
Seat 7: 8a7d4648(big blind) folded before Flop
Seat 2: 260b5131 folded before Flop (didn't bet)
Seat 1: ca69682c folded before Flop (didn't bet)
Seat 4: fadbf350 folded on the Turn
Seat 6: Hero(small blind) folded before Flop



Poker Hand #ring_827930180: NLH No Limit ($1/$2) - 2025/04/17 12:41:19
Table 'MR NLH 1/2' 7-max Seat #4 is the button
Seat 3: 37812e4a ($363.58 in chips)
Seat 5: 5f57f2a4 ($412.86 in chips)
Seat 7: 8a7d4648 ($145.68 in chips)
Seat 2: 260b5131 ($549.04 in chips)
Seat 1: ca69682c ($385.71 in chips)
Seat 4: fadbf350 ($93.77 in chips)
Seat 6: Hero ($161.17 in chips)
5f57f2a4: posts small blind $1
Hero: posts big blind $2
*** HOLE CARDS ***
Dealt to 37812e4a 
Dealt to 5f57f2a4 
Dealt to 8a7d4648 
Dealt to 260b5131 
Dealt to ca69682c 
Dealt to fadbf350 
Dealt to Hero [Qd Qc]
8a7d4648: folds
ca69682c: folds
260b5131: folds
37812e4a: raises $4 to $6
fadbf350: folds
5f57f2a4: folds
Hero: raises $14.95 to $20.95
37812e4a: calls $14.95
*** FLOP *** [Tc 2d 3c]
Hero: bets $12.87
37812e4a: calls $12.87
*** TURN *** [Tc 2d 3c] [7c]
Hero: bets $34.32
37812e4a: calls $34.32
*** RIVER *** [Tc 2d 3c 7c] [7d]
Hero: bets $93.03 and is all-in
37812e4a: calls $93.03
37812e4a: shows [Kd Td]
Hero: shows [Qd Qc]
*** SHOWDOWN ***
Hero collected $323.34 from pot
*** SUMMARY ***
Total pot $323.34
Board [Tc 2d 3c 7c 7d]
Seat 3: 37812e4a showed [Kd Td] and lost with Pair of Tens and Pair of Sevens
Seat 5: 5f57f2a4(small blind) folded before Flop
Seat 7: 8a7d4648 folded before Flop (didn't bet)
Seat 2: 260b5131 folded before Flop (didn't bet)
Seat 1: ca69682c folded before Flop (didn't bet)
Seat 4: fadbf350 folded before Flop (didn't bet)
Seat 6: Hero(big blind) showed [Qd Qc] and won ($323.34) with Pair of Queens and Pair of Sevens



Poker Hand #ring_827929549: NLH No Limit ($1/$2) - 2025/04/17 12:40:35
Table 'MR NLH 1/2' 7-max Seat #3 is the button
Seat 3: 37812e4a ($363.58 in chips)
Seat 5: 5f57f2a4 ($414.86 in chips)
Seat 7: 8a7d4648 ($145.68 in chips)
Seat 2: 260b5131 ($528.84 in chips)
Seat 1: ca69682c ($385.71 in chips)
Seat 4: fadbf350 ($109.17 in chips)
Seat 6: Hero ($166.17 in chips)
fadbf350: posts small blind $1
5f57f2a4: posts big blind $2
*** HOLE CARDS ***
Dealt to 37812e4a 
Dealt to 5f57f2a4 
Dealt to 8a7d4648 
Dealt to 260b5131 
Dealt to ca69682c 
Dealt to fadbf350 
Dealt to Hero [6s 4s]
Hero: raises $3 to $5
8a7d4648: folds
ca69682c: folds
260b5131: raises $10.4 to $15.4
37812e4a: folds
fadbf350: calls $14.4
5f57f2a4: folds
Hero: folds
*** FLOP *** [2c Kh Qc]
fadbf350: checks
260b5131: bets $18.9
fadbf350: folds
Uncalled bet ($18.9) returned to 260b5131
*** SHOWDOWN ***
260b5131 collected $37.8 from pot
*** SUMMARY ***
Total pot $37.8
Board [2c Kh Qc]
Seat 3: 37812e4a folded before Flop (didn't bet)
Seat 5: 5f57f2a4(big blind) folded before Flop
Seat 7: 8a7d4648 folded before Flop (didn't bet)
Seat 2: 260b5131won ($37.8) with Three Queens
Seat 1: ca69682c folded before Flop (didn't bet)
Seat 4: fadbf350(small blind) folded on the Flop
Seat 6: Hero folded before Flop



Poker Hand #ring_827928417: NLH No Limit ($1/$2) - 2025/04/17 12:39:16
Table 'MR NLH 1/2' 7-max Seat #2 is the button
Seat 3: 37812e4a ($365.58 in chips)
Seat 5: 5f57f2a4 ($422.86 in chips)
Seat 7: 8a7d4648 ($145.68 in chips)
Seat 2: 260b5131 ($530.84 in chips)
Seat 1: ca69682c ($385.71 in chips)
Seat 4: fadbf350 ($98.57 in chips)
Seat 6: Hero ($166.17 in chips)
37812e4a: posts small blind $1
fadbf350: posts big blind $2
*** HOLE CARDS ***
Dealt to 37812e4a 
Dealt to 5f57f2a4 
Dealt to 8a7d4648 
Dealt to 260b5131 
Dealt to ca69682c 
Dealt to fadbf350 
Dealt to Hero [6s 7d]
5f57f2a4: calls $2
Hero: folds
8a7d4648: folds
ca69682c: folds
260b5131: calls $2
37812e4a: calls $1
fadbf350: checks
*** FLOP *** [Kc Qs 5h]
37812e4a: checks
fadbf350: bets $6
5f57f2a4: calls $6
260b5131: folds
37812e4a: folds
*** TURN *** [Kc Qs 5h] [Ad]
fadbf350: bets $10
5f57f2a4: folds
Uncalled bet ($10) returned to fadbf350
*** SHOWDOWN ***
fadbf350 collected $20 from pot
*** SUMMARY ***
Total pot $20
Board [Kc Qs 5h Ad]
Seat 3: 37812e4a(small blind) folded on the Flop
Seat 5: 5f57f2a4 folded on the Turn
Seat 7: 8a7d4648 folded before Flop (didn't bet)
Seat 2: 260b5131 folded on the Flop
Seat 1: ca69682c folded before Flop (didn't bet)
Seat 4: fadbf350(big blind)won ($20) with Pair of Queens
Seat 6: Hero folded before Flop (didn't bet)



Poker Hand #ring_827927862: NLH No Limit ($1/$2) - 2025/04/17 12:38:38
Table 'MR NLH 1/2' 7-max Seat #1 is the button
Seat 3: 37812e4a ($359.58 in chips)
Seat 5: 5f57f2a4 ($422.86 in chips)
Seat 7: 8a7d4648 ($145.68 in chips)
Seat 2: 260b5131 ($531.84 in chips)
Seat 1: ca69682c ($385.71 in chips)
Seat 4: fadbf350 ($98.57 in chips)
Seat 6: Hero ($171.17 in chips)
260b5131: posts small blind $1
37812e4a: posts big blind $2
*** HOLE CARDS ***
Dealt to 37812e4a 
Dealt to 5f57f2a4 
Dealt to 8a7d4648 
Dealt to 260b5131 
Dealt to ca69682c 
Dealt to fadbf350 
Dealt to Hero [Kh Js]
fadbf350: folds
5f57f2a4: folds
Hero: raises $3 to $5
8a7d4648: folds
ca69682c: folds
260b5131: folds
37812e4a: raises $16 to $21
Hero: folds
Uncalled bet ($16) returned to 37812e4a
*** SHOWDOWN ***
37812e4a collected $11 from pot
*** SUMMARY ***
Total pot $11
Seat 3: 37812e4a(big blind)won ($11)
Seat 5: 5f57f2a4 folded before Flop (didn't bet)
Seat 7: 8a7d4648 folded before Flop (didn't bet)
Seat 2: 260b5131(small blind) folded before Flop
Seat 1: ca69682c folded before Flop (didn't bet)
Seat 4: fadbf350 folded before Flop (didn't bet)
Seat 6: Hero folded before Flop



Poker Hand #ring_827927051: NLH No Limit ($1/$2) - 2025/04/17 12:37:42
Table 'MR NLH 1/2' 7-max Seat #7 is the button
Seat 3: 37812e4a ($359.58 in chips)
Seat 5: 5f57f2a4 ($422.86 in chips)
Seat 7: 8a7d4648 ($145.68 in chips)
Seat 2: 260b5131 ($383.98 in chips)
Seat 1: ca69682c ($386.71 in chips)
Seat 4: fadbf350 ($260.55 in chips)
Seat 6: Hero ($171.17 in chips)
ca69682c: posts small blind $1
260b5131: posts big blind $2
*** HOLE CARDS ***
Dealt to 37812e4a 
Dealt to 5f57f2a4 
Dealt to 8a7d4648 
Dealt to 260b5131 
Dealt to ca69682c 
Dealt to fadbf350 
Dealt to Hero [Ah 4d]
37812e4a: folds
fadbf350: raises $4 to $6
5f57f2a4: folds
Hero: folds
8a7d4648: folds
ca69682c: folds
260b5131: calls $4
*** FLOP *** [Ts Qd 6s]
260b5131: checks
fadbf350: bets $9.75
260b5131: calls $9.75
*** TURN *** [Ts Qd 6s] [Qh]
260b5131: checks
fadbf350: bets $24.37
260b5131: raises $40.62 to $64.99
fadbf350: calls $40.62
*** RIVER *** [Ts Qd 6s Qh] [2h]
260b5131: bets $81.24
fadbf350: calls $81.24
260b5131: shows [6c 6h]
fadbf350: shows [Tc Jc]
*** SHOWDOWN ***
260b5131 collected $324.96 from pot
*** SUMMARY ***
Total pot $324.96
Board [Ts Qd 6s Qh 2h]
Seat 3: 37812e4a folded before Flop (didn't bet)
Seat 5: 5f57f2a4 folded before Flop (didn't bet)
Seat 7: 8a7d4648 folded before Flop (didn't bet)
Seat 2: 260b5131(big blind) showed [6c 6h] and won ($324.96) with Sixes Full over Queens
Seat 1: ca69682c(small blind) folded before Flop
Seat 4: fadbf350 showed [Tc Jc] and lost with Pair of Queens and Pair of Tens
Seat 6: Hero folded before Flop (didn't bet)



Poker Hand #ring_827926113: NLH No Limit ($1/$2) - 2025/04/17 12:36:35
Table 'MR NLH 1/2' 7-max Seat #6 is the button
Seat 3: 37812e4a ($242.33 in chips)
Seat 5: 5f57f2a4 ($422.86 in chips)
Seat 7: 8a7d4648 ($266.68 in chips)
Seat 2: 260b5131 ($383.98 in chips)
Seat 1: ca69682c ($388.71 in chips)
Seat 4: fadbf350 ($260.55 in chips)
Seat 6: Hero ($177.17 in chips)
8a7d4648: posts small blind $1
ca69682c: posts big blind $2
*** HOLE CARDS ***
Dealt to 37812e4a 
Dealt to 5f57f2a4 
Dealt to 8a7d4648 
Dealt to 260b5131 
Dealt to ca69682c 
Dealt to fadbf350 
Dealt to Hero [9d As]
260b5131: folds
37812e4a: raises $4 to $6
fadbf350: folds
5f57f2a4: folds
Hero: calls $6
8a7d4648: calls $5
ca69682c: folds
*** FLOP *** [4d 7s 3h]
8a7d4648: checks
37812e4a: bets $15
Hero: folds
8a7d4648: calls $15
*** TURN *** [4d 7s 3h] [3s]
8a7d4648: checks
37812e4a: bets $25
8a7d4648: calls $25
*** RIVER *** [4d 7s 3h 3s] [6s]
8a7d4648: checks
37812e4a: bets $75
8a7d4648: calls $75
37812e4a: shows [4h 5h]
8a7d4648: shows [Jh Jd]
*** SHOWDOWN ***
37812e4a collected $250 from pot
*** SUMMARY ***
Total pot $250
Board [4d 7s 3h 3s 6s]
Seat 3: 37812e4a showed [4h 5h] and won ($250) with Sevens-High Straight
Seat 5: 5f57f2a4 folded before Flop (didn't bet)
Seat 7: 8a7d4648(small blind) showed [Jh Jd] and lost with Pair of Jacks and Pair of Treys
Seat 2: 260b5131 folded before Flop (didn't bet)
Seat 1: ca69682c(big blind) folded before Flop
Seat 4: fadbf350 folded before Flop (didn't bet)
Seat 6: Hero folded on the Flop



Poker Hand #ring_827925209: NLH No Limit ($1/$2) - 2025/04/17 12:35:33
Table 'MR NLH 1/2' 7-max Seat #5 is the button
Seat 3: 37812e4a ($242.33 in chips)
Seat 5: 5f57f2a4 ($422.86 in chips)
Seat 7: 8a7d4648 ($271.68 in chips)
Seat 2: 260b5131 ($388.98 in chips)
Seat 1: ca69682c ($374.15 in chips)
Seat 4: fadbf350 ($265.55 in chips)
Seat 6: Hero ($178.17 in chips)
Hero: posts small blind $1
8a7d4648: posts big blind $2
*** HOLE CARDS ***
Dealt to 37812e4a 
Dealt to 5f57f2a4 
Dealt to 8a7d4648 
Dealt to 260b5131 
Dealt to ca69682c 
Dealt to fadbf350 
Dealt to Hero [Kd 7s]
ca69682c: raises $3 to $5
260b5131: calls $5
37812e4a: folds
fadbf350: calls $5
5f57f2a4: folds
Hero: folds
8a7d4648: calls $3
*** FLOP *** [4d 9h 5c]
8a7d4648: checks
ca69682c: checks
260b5131: checks
fadbf350: checks
*** TURN *** [4d 9h 5c] [2c]
8a7d4648: checks
ca69682c: bets $10.5
260b5131: folds
fadbf350: folds
8a7d4648: folds
Uncalled bet ($10.5) returned to ca69682c
*** SHOWDOWN ***
ca69682c collected $21 from pot
*** SUMMARY ***
Total pot $21
Board [4d 9h 5c 2c]
Seat 3: 37812e4a folded before Flop (didn't bet)
Seat 5: 5f57f2a4 folded before Flop (didn't bet)
Seat 7: 8a7d4648(big blind) folded on the Turn
Seat 2: 260b5131 folded on the Turn
Seat 1: ca69682cwon ($21) with Pair of Queens
Seat 4: fadbf350 folded on the Turn
Seat 6: Hero(small blind) folded before Flop



Poker Hand #ring_827923703: NLH No Limit ($1/$2) - 2025/04/17 12:33:49
Table 'MR NLH 1/2' 7-max Seat #4 is the button
Seat 3: 37812e4a ($383.33 in chips)
Seat 5: 5f57f2a4 ($423.86 in chips)
Seat 7: 8a7d4648 ($141 in chips)
Seat 2: 260b5131 ($388.98 in chips)
Seat 1: ca69682c ($374.15 in chips)
Seat 4: fadbf350 ($265.55 in chips)
Seat 6: Hero ($180.17 in chips)
5f57f2a4: posts small blind $1
Hero: posts big blind $2
*** HOLE CARDS ***
Dealt to 37812e4a 
Dealt to 5f57f2a4 
Dealt to 8a7d4648 
Dealt to 260b5131 
Dealt to ca69682c 
Dealt to fadbf350 
Dealt to Hero [3d Td]
8a7d4648: calls $2
ca69682c: folds
260b5131: folds
37812e4a: raises $7 to $9
fadbf350: folds
5f57f2a4: folds
Hero: folds
8a7d4648: calls $7
*** FLOP *** [7s Ac 4s]
8a7d4648: checks
37812e4a: bets $10.5
8a7d4648: calls $10.5
*** TURN *** [7s Ac 4s] [Qd]
8a7d4648: checks
37812e4a: bets $31.5
8a7d4648: raises $44.5 to $76
37812e4a: raises $145.51 to $221.51
8a7d4648: calls $45.5 and is all-in
Uncalled bet ($100.01) returned to 37812e4a
37812e4a: shows [6s As]
8a7d4648: shows [Ad Qc]
*** RIVER *** [7s Ac 4s Qd] [8c]
*** SHOWDOWN ***
8a7d4648 collected $285 from pot
*** SUMMARY ***
Total pot $285
Board [7s Ac 4s Qd 8c]
Seat 3: 37812e4a showed [6s As] and lost with Pair of Aces
Seat 5: 5f57f2a4(small blind) folded before Flop
Seat 7: 8a7d4648 showed [Ad Qc] and won ($285) with Pair of Aces and Pair of Queens
Seat 2: 260b5131 folded before Flop (didn't bet)
Seat 1: ca69682c folded before Flop (didn't bet)
Seat 4: fadbf350 folded before Flop (didn't bet)
Seat 6: Hero(big blind) folded before Flop



Poker Hand #ring_827922828: NLH No Limit ($1/$2) - 2025/04/17 12:32:50
Table 'MR NLH 1/2' 7-max Seat #3 is the button
Seat 3: 37812e4a ($383.33 in chips)
Seat 5: 5f57f2a4 ($425.86 in chips)
Seat 7: 8a7d4648 ($141 in chips)
Seat 2: 260b5131 ($477.98 in chips)
Seat 1: ca69682c ($374.15 in chips)
Seat 4: fadbf350 ($183.15 in chips)
Seat 6: Hero ($180.17 in chips)
fadbf350: posts small blind $1
5f57f2a4: posts big blind $2
*** HOLE CARDS ***
Dealt to 37812e4a 
Dealt to 5f57f2a4 
Dealt to 8a7d4648 
Dealt to 260b5131 
Dealt to ca69682c 
Dealt to fadbf350 
Dealt to Hero [6h As]
Hero: folds
8a7d4648: folds
ca69682c: folds
260b5131: raises $3 to $5
37812e4a: folds
fadbf350: calls $4
5f57f2a4: folds
*** FLOP *** [Qs Qd Js]
fadbf350: checks
260b5131: checks
*** TURN *** [Qs Qd Js] [9d]
fadbf350: checks
260b5131: bets $6
fadbf350: raises $18 to $24
260b5131: calls $18
*** RIVER *** [Qs Qd Js 9d] [9h]
fadbf350: bets $60
260b5131: calls $60
260b5131: shows [Ts Ac]
fadbf350: shows [Qh 8h]
*** SHOWDOWN ***
fadbf350 collected $180 from pot
*** SUMMARY ***
Total pot $180
Board [Qs Qd Js 9d 9h]
Seat 3: 37812e4a folded before Flop (didn't bet)
Seat 5: 5f57f2a4(big blind) folded before Flop
Seat 7: 8a7d4648 folded before Flop (didn't bet)
Seat 2: 260b5131 showed [Ts Ac] and lost with Pair of Queens and Pair of Nines
Seat 1: ca69682c folded before Flop (didn't bet)
Seat 4: fadbf350(small blind) showed [Qh 8h] and won ($180) with Queens Full over Nines
Seat 6: Hero folded before Flop (didn't bet)



Poker Hand #ring_827922545: NLH No Limit ($1/$2) - 2025/04/17 12:32:30
Table 'MR NLH 1/2' 7-max Seat #2 is the button
Seat 3: 37812e4a ($384.33 in chips)
Seat 5: 5f57f2a4 ($425.86 in chips)
Seat 7: 8a7d4648 ($141 in chips)
Seat 2: 260b5131 ($477.98 in chips)
Seat 1: ca69682c ($374.15 in chips)
Seat 4: fadbf350 ($182.15 in chips)
Seat 6: Hero ($180.17 in chips)
37812e4a: posts small blind $1
fadbf350: posts big blind $2
*** HOLE CARDS ***
Dealt to 37812e4a 
Dealt to 5f57f2a4 
Dealt to 8a7d4648 
Dealt to 260b5131 
Dealt to ca69682c 
Dealt to fadbf350 
Dealt to Hero [7c Th]
5f57f2a4: folds
Hero: folds
8a7d4648: folds
ca69682c: folds
260b5131: folds
37812e4a: folds
*** SHOWDOWN ***
fadbf350 collected $3 from pot
*** SUMMARY ***
Total pot $3
Seat 3: 37812e4a(small blind) folded before Flop
Seat 5: 5f57f2a4 folded before Flop (didn't bet)
Seat 7: 8a7d4648 folded before Flop (didn't bet)
Seat 2: 260b5131 folded before Flop (didn't bet)
Seat 1: ca69682c folded before Flop (didn't bet)
Seat 4: fadbf350(big blind)won ($3)
Seat 6: Hero folded before Flop (didn't bet)



Poker Hand #ring_827921733: NLH No Limit ($1/$2) - 2025/04/17 12:31:33
Table 'MR NLH 1/2' 7-max Seat #1 is the button
Seat 3: 37812e4a ($386.33 in chips)
Seat 5: 5f57f2a4 ($425.86 in chips)
Seat 7: 8a7d4648 ($141 in chips)
Seat 2: 260b5131 ($478.98 in chips)
Seat 1: ca69682c ($351.22 in chips)
Seat 4: fadbf350 ($202.65 in chips)
Seat 6: Hero ($182.17 in chips)
260b5131: posts small blind $1
37812e4a: posts big blind $2
*** HOLE CARDS ***
Dealt to 37812e4a 
Dealt to 5f57f2a4 
Dealt to 8a7d4648 
Dealt to 260b5131 
Dealt to ca69682c 
Dealt to fadbf350 
Dealt to Hero [9h Ac]
fadbf350: calls $2
5f57f2a4: folds
Hero: calls $2
8a7d4648: folds
ca69682c: raises $7 to $9
260b5131: folds
37812e4a: folds
fadbf350: calls $7
Hero: folds
*** FLOP *** [2c 4d 6d]
fadbf350: checks
ca69682c: bets $11.5
fadbf350: calls $11.5
*** TURN *** [2c 4d 6d] [7h]
fadbf350: checks
ca69682c: bets $23
fadbf350: folds
Uncalled bet ($23) returned to ca69682c
*** SHOWDOWN ***
ca69682c collected $46 from pot
*** SUMMARY ***
Total pot $46
Board [2c 4d 6d 7h]
Seat 3: 37812e4a(big blind) folded before Flop
Seat 5: 5f57f2a4 folded before Flop (didn't bet)
Seat 7: 8a7d4648 folded before Flop (didn't bet)
Seat 2: 260b5131(small blind) folded before Flop
Seat 1: ca69682cwon ($46) with Pair of Kings
Seat 4: fadbf350 folded on the Turn
Seat 6: Hero folded before Flop



Poker Hand #ring_827920780: NLH No Limit ($1/$2) - 2025/04/17 12:30:26
Table 'MR NLH 1/2' 7-max Seat #7 is the button
Seat 3: 37812e4a ($386.33 in chips)
Seat 5: 5f57f2a4 ($425.86 in chips)
Seat 7: 8a7d4648 ($141 in chips)
Seat 2: 260b5131 ($480.98 in chips)
Seat 1: ca69682c ($352.22 in chips)
Seat 4: fadbf350 ($172.98 in chips)
Seat 6: Hero ($212.17 in chips)
ca69682c: posts small blind $1
260b5131: posts big blind $2
*** HOLE CARDS ***
Dealt to 37812e4a 
Dealt to 5f57f2a4 
Dealt to 8a7d4648 
Dealt to 260b5131 
Dealt to ca69682c 
Dealt to fadbf350 
Dealt to Hero [Jh Ac]
37812e4a: folds
fadbf350: calls $2
5f57f2a4: folds
Hero: raises $6 to $8
8a7d4648: folds
ca69682c: folds
260b5131: folds
fadbf350: calls $6
*** FLOP *** [5c 6c 7h]
fadbf350: checks
Hero: checks
*** TURN *** [5c 6c 7h] [2c]
fadbf350: bets $6.27
Hero: raises $15.73 to $22
fadbf350: calls $15.73
*** RIVER *** [5c 6c 7h 2c] [Kh]
fadbf350: bets $20.79
Hero: folds
Uncalled bet ($20.79) returned to fadbf350
*** SHOWDOWN ***
fadbf350 collected $63 from pot
*** SUMMARY ***
Total pot $63
Board [5c 6c 7h 2c Kh]
Seat 3: 37812e4a folded before Flop (didn't bet)
Seat 5: 5f57f2a4 folded before Flop (didn't bet)
Seat 7: 8a7d4648 folded before Flop (didn't bet)
Seat 2: 260b5131(big blind) folded before Flop
Seat 1: ca69682c(small blind) folded before Flop
Seat 4: fadbf350won ($63) with Pair of Kings
Seat 6: Hero folded on the River



Poker Hand #ring_827920116: NLH No Limit ($1/$2) - 2025/04/17 12:29:41
Table 'MR NLH 1/2' 7-max Seat #6 is the button
Seat 3: 37812e4a ($391.33 in chips)
Seat 5: 5f57f2a4 ($425.86 in chips)
Seat 7: 8a7d4648 ($142 in chips)
Seat 2: 260b5131 ($473.56 in chips)
Seat 1: ca69682c ($354.22 in chips)
Seat 4: fadbf350 ($172.98 in chips)
Seat 6: Hero ($212.17 in chips)
8a7d4648: posts small blind $1
ca69682c: posts big blind $2
*** HOLE CARDS ***
Dealt to 37812e4a 
Dealt to 5f57f2a4 
Dealt to 8a7d4648 
Dealt to 260b5131 
Dealt to ca69682c 
Dealt to fadbf350 
Dealt to Hero [Kd 4s]
260b5131: raises $3 to $5
37812e4a: calls $5
fadbf350: folds
5f57f2a4: folds
Hero: folds
8a7d4648: folds
ca69682c: folds
*** FLOP *** [Jc 2d 3c]
260b5131: checks
37812e4a: checks
*** TURN *** [Jc 2d 3c] [6d]
260b5131: checks
37812e4a: checks
*** RIVER *** [Jc 2d 3c 6d] [8c]
260b5131: checks
37812e4a: checks
260b5131: shows [6s As]
37812e4a: shows [Kc Qh]
*** SHOWDOWN ***
260b5131 collected $13 from pot
*** SUMMARY ***
Total pot $13
Board [Jc 2d 3c 6d 8c]
Seat 3: 37812e4a showed [Kc Qh] and lost with King-High
Seat 5: 5f57f2a4 folded before Flop (didn't bet)
Seat 7: 8a7d4648(small blind) folded before Flop
Seat 2: 260b5131 showed [6s As] and won ($13) with Pair of Sixes
Seat 1: ca69682c(big blind) folded before Flop
Seat 4: fadbf350 folded before Flop (didn't bet)
Seat 6: Hero folded before Flop (didn't bet)



Poker Hand #ring_827919670: NLH No Limit ($1/$2) - 2025/04/17 12:29:09
Table 'MR NLH 1/2' 7-max Seat #5 is the button
Seat 3: 37812e4a ($383 in chips)
Seat 5: 5f57f2a4 ($425.86 in chips)
Seat 7: 8a7d4648 ($144 in chips)
Seat 2: 260b5131 ($473.56 in chips)
Seat 1: ca69682c ($354.22 in chips)
Seat 4: fadbf350 ($178.98 in chips)
Seat 6: Hero ($213.17 in chips)
Hero: posts small blind $1
8a7d4648: posts big blind $2
*** HOLE CARDS ***
Dealt to 37812e4a 
Dealt to 5f57f2a4 
Dealt to 8a7d4648 
Dealt to 260b5131 
Dealt to ca69682c 
Dealt to fadbf350 
Dealt to Hero [3c 9h]
ca69682c: folds
260b5131: folds
37812e4a: raises $4 to $6
fadbf350: calls $6
5f57f2a4: folds
Hero: folds
8a7d4648: folds
*** FLOP *** [4d 7h Js]
37812e4a: bets $7.5
fadbf350: folds
Uncalled bet ($7.5) returned to 37812e4a
*** SHOWDOWN ***
37812e4a collected $15 from pot
*** SUMMARY ***
Total pot $15
Board [4d 7h Js]
Seat 3: 37812e4awon ($15) with King-High
Seat 5: 5f57f2a4 folded before Flop (didn't bet)
Seat 7: 8a7d4648(big blind) folded before Flop
Seat 2: 260b5131 folded before Flop (didn't bet)
Seat 1: ca69682c folded before Flop (didn't bet)
Seat 4: fadbf350 folded on the Flop
Seat 6: Hero(small blind) folded before Flop



Poker Hand #ring_827919154: NLH No Limit ($1/$2) - 2025/04/17 12:28:33
Table 'MR NLH 1/2' 7-max Seat #4 is the button
Seat 3: 37812e4a ($383 in chips)
Seat 5: 5f57f2a4 ($426.86 in chips)
Seat 2: 260b5131 ($473.56 in chips)
Seat 1: ca69682c ($354.22 in chips)
Seat 4: fadbf350 ($180.98 in chips)
Seat 6: Hero ($210.39 in chips)
5f57f2a4: posts small blind $1
Hero: posts big blind $2
*** HOLE CARDS ***
Dealt to 37812e4a 
Dealt to 5f57f2a4 
Dealt to 260b5131 
Dealt to ca69682c 
Dealt to fadbf350 
Dealt to Hero [6h Tc]
ca69682c: folds
260b5131: folds
37812e4a: folds
fadbf350: calls $2
5f57f2a4: folds
Hero: checks
*** FLOP *** [9c 2s Td]
Hero: checks
fadbf350: checks
*** TURN *** [9c 2s Td] [Qc]
Hero: bets $2.5
fadbf350: folds
Uncalled bet ($2.5) returned to Hero
*** SHOWDOWN ***
Hero collected $5 from pot
*** SUMMARY ***
Total pot $5
Board [9c 2s Td Qc]
Seat 3: 37812e4a folded before Flop (didn't bet)
Seat 5: 5f57f2a4(small blind) folded before Flop
Seat 2: 260b5131 folded before Flop (didn't bet)
Seat 1: ca69682c folded before Flop (didn't bet)
Seat 4: fadbf350 folded on the Turn
Seat 6: Hero(big blind)won ($5) with Pair of Tens



Poker Hand #ring_827918641: NLH No Limit ($1/$2) - 2025/04/17 12:27:56
Table 'MR NLH 1/2' 7-max Seat #3 is the button
Seat 3: 37812e4a ($383 in chips)
Seat 5: 5f57f2a4 ($428.86 in chips)
Seat 2: 260b5131 ($487.56 in chips)
Seat 1: ca69682c ($354.22 in chips)
Seat 4: fadbf350 ($166.83 in chips)
Seat 6: Hero ($210.39 in chips)
fadbf350: posts small blind $1
5f57f2a4: posts big blind $2
*** HOLE CARDS ***
Dealt to 37812e4a 
Dealt to 5f57f2a4 
Dealt to 260b5131 
Dealt to ca69682c 
Dealt to fadbf350 
Dealt to Hero [8d Jh]
Hero: folds
ca69682c: folds
260b5131: raises $3 to $5
37812e4a: folds
fadbf350: raises $9 to $14
5f57f2a4: folds
260b5131: calls $9
*** FLOP *** [9c Ac Kc]
fadbf350: bets $30
260b5131: folds
Uncalled bet ($30) returned to fadbf350
*** SHOWDOWN ***
fadbf350 collected $30 from pot
*** SUMMARY ***
Total pot $30
Board [9c Ac Kc]
Seat 3: 37812e4a folded before Flop (didn't bet)
Seat 5: 5f57f2a4(big blind) folded before Flop
Seat 2: 260b5131 folded on the Flop
Seat 1: ca69682c folded before Flop (didn't bet)
Seat 4: fadbf350(small blind)won ($30) with Three Kings
Seat 6: Hero folded before Flop (didn't bet)



Poker Hand #ring_827917685: NLH No Limit ($1/$2) - 2025/04/17 12:26:55
Table 'MR NLH 1/2' 7-max Seat #2 is the button
Seat 3: 37812e4a ($398 in chips)
Seat 2: 260b5131 ($492.56 in chips)
Seat 1: ca69682c ($331.52 in chips)
Seat 4: fadbf350 ($171.83 in chips)
Seat 6: Hero ($210.39 in chips)
37812e4a: posts small blind $1
fadbf350: posts big blind $2
*** HOLE CARDS ***
Dealt to 37812e4a 
Dealt to 260b5131 
Dealt to ca69682c 
Dealt to fadbf350 
Dealt to Hero [4d 8s]
Hero: folds
ca69682c: raises $3 to $5
260b5131: calls $5
37812e4a: calls $4
fadbf350: calls $3
*** FLOP *** [7h 5s 8h]
37812e4a: checks
fadbf350: checks
ca69682c: checks
260b5131: checks
*** TURN *** [7h 5s 8h] [7d]
37812e4a: bets $10
fadbf350: folds
ca69682c: calls $10
260b5131: folds
*** RIVER *** [7h 5s 8h 7d] [Ks]
37812e4a: checks
ca69682c: bets $20
37812e4a: folds
Uncalled bet ($20) returned to ca69682c
*** SHOWDOWN ***
ca69682c collected $40 from pot
*** SUMMARY ***
Total pot $40
Board [7h 5s 8h 7d Ks]
Seat 3: 37812e4a(small blind) folded on the River
Seat 2: 260b5131 folded on the Turn
Seat 1: ca69682cwon ($40) with Pair of Aces and Pair of Sevens
Seat 4: fadbf350(big blind) folded on the Turn
Seat 6: Hero folded before Flop (didn't bet)



Poker Hand #ring_827916785: NLH No Limit ($1/$2) - 2025/04/17 12:25:52
Table 'MR NLH 1/2' 7-max Seat #1 is the button
Seat 3: 37812e4a ($400 in chips)
Seat 5: 5f57f2a4 ($428.86 in chips)
Seat 2: 260b5131 ($551.32 in chips)
Seat 1: ca69682c ($331.52 in chips)
Seat 4: fadbf350 ($116.94 in chips)
Seat 6: Hero ($210.39 in chips)
260b5131: posts small blind $1
37812e4a: posts big blind $2
*** HOLE CARDS ***
Dealt to 37812e4a 
Dealt to 5f57f2a4 
Dealt to 260b5131 
Dealt to ca69682c 
Dealt to fadbf350 
Dealt to Hero [8h Jc]
fadbf350: raises $6 to $8
5f57f2a4: folds
Hero: folds
ca69682c: folds
260b5131: calls $7
37812e4a: folds
*** FLOP *** [Kc 7d Ks]
260b5131: checks
fadbf350: bets $9
260b5131: calls $9
*** TURN *** [Kc 7d Ks] [9s]
260b5131: checks
fadbf350: bets $18
260b5131: raises $23.76 to $41.76
fadbf350: raises $58.18 to $99.94 and is all-in
260b5131: folds
Uncalled bet ($58.18) returned to fadbf350
*** SHOWDOWN ***
fadbf350 collected $119.52 from pot
*** SUMMARY ***
Total pot $119.52
Board [Kc 7d Ks 9s]
Seat 3: 37812e4a(big blind) folded before Flop
Seat 5: 5f57f2a4 folded before Flop (didn't bet)
Seat 2: 260b5131(small blind) folded on the Turn
Seat 1: ca69682c folded before Flop (didn't bet)
Seat 4: fadbf350won ($119.52) with Pair of Kings
Seat 6: Hero folded before Flop (didn't bet)



Poker Hand #ring_827916326: NLH No Limit ($1/$2) - 2025/04/17 12:25:20
Table 'MR NLH 1/2' 7-max Seat #0 is the button
Seat 5: 5f57f2a4 ($436.86 in chips)
Seat 2: 260b5131 ($553.32 in chips)
Seat 1: ca69682c ($332.52 in chips)
Seat 4: fadbf350 ($105.94 in chips)
Seat 6: Hero ($60.39 in chips)
ca69682c: posts small blind $1
260b5131: posts big blind $2
*** HOLE CARDS ***
Dealt to 5f57f2a4 
Dealt to 260b5131 
Dealt to ca69682c 
Dealt to fadbf350 
Dealt to Hero [5d Js]
fadbf350: calls $2
5f57f2a4: raises $6 to $8
Hero: folds
ca69682c: folds
260b5131: folds
fadbf350: raises $19 to $27
5f57f2a4: folds
Uncalled bet ($19) returned to fadbf350
*** SHOWDOWN ***
fadbf350 collected $19 from pot
*** SUMMARY ***
Total pot $19
Seat 5: 5f57f2a4 folded before Flop
Seat 2: 260b5131(big blind) folded before Flop
Seat 1: ca69682c(small blind) folded before Flop
Seat 4: fadbf350won ($19)
Seat 6: Hero folded before Flop (didn't bet)



Poker Hand #ring_827915193: NLH No Limit ($1/$2) - 2025/04/17 12:24:01
Table 'MR NLH 1/2' 7-max Seat #6 is the button
Seat 5: 5f57f2a4 ($436.86 in chips)
Seat 2: 260b5131 ($494.88 in chips)
Seat 1: ca69682c ($334.52 in chips)
Seat 4: fadbf350 ($110.94 in chips)
Seat 6: Hero ($117.81 in chips)
ca69682c: posts big blind $2
*** HOLE CARDS ***
Dealt to 5f57f2a4 
Dealt to 260b5131 
Dealt to ca69682c 
Dealt to fadbf350 
Dealt to Hero [Kc Qh]
260b5131: raises $3 to $5
fadbf350: calls $5
5f57f2a4: folds
Hero: calls $5
ca69682c: folds
*** FLOP *** [Th Qd 4c]
260b5131: bets $5.61
fadbf350: folds
Hero: calls $5.61
*** TURN *** [Th Qd 4c] [Jd]
260b5131: bets $9.32
Hero: calls $9.32
*** RIVER *** [Th Qd 4c Jd] [2d]
260b5131: bets $37.49
Hero: calls $37.49
260b5131: shows [Ad Td]
Hero: shows [Kc Qh]
*** SHOWDOWN ***
260b5131 collected $121.84 from pot
*** SUMMARY ***
Total pot $121.84
Board [Th Qd 4c Jd 2d]
Seat 5: 5f57f2a4 folded before Flop (didn't bet)
Seat 2: 260b5131 showed [Ad Td] and won ($121.84) with Ace High Flush
Seat 1: ca69682c(big blind) folded before Flop
Seat 4: fadbf350 folded on the Flop
Seat 6: Hero showed [Kc Qh] and lost with Pair of Queens



Poker Hand #ring_827914326: NLH No Limit ($1/$2) - 2025/04/17 12:23:02
Table 'MR NLH 1/2' 7-max Seat #5 is the button
Seat 5: 5f57f2a4 ($436.86 in chips)
Seat 7: 77d49361 ($117.55 in chips)
Seat 2: 260b5131 ($378.85 in chips)
Seat 1: ca69682c ($334.52 in chips)
Seat 4: fadbf350 ($115.94 in chips)
Seat 6: Hero ($122.81 in chips)
Hero: posts small blind $1
77d49361: posts big blind $2
*** HOLE CARDS ***
Dealt to 5f57f2a4 
Dealt to 77d49361 
Dealt to 260b5131 
Dealt to ca69682c 
Dealt to fadbf350 
Dealt to Hero [5s 7s]
ca69682c: folds
260b5131: raises $3 to $5
fadbf350: calls $5
5f57f2a4: folds
Hero: calls $4
77d49361: raises $19 to $24
260b5131: raises $354.85 to $378.85 and is all-in
fadbf350: folds
Hero: folds
77d49361: calls $93.55 and is all-in
Uncalled bet ($261.3) returned to 260b5131
260b5131: shows [Jc Jd]
77d49361: shows [Ad Ah]
*** FLOP *** [7d Jh 9d]
*** TURN *** [7d Jh 9d] [4h]
*** RIVER *** [7d Jh 9d 4h] [8h]
*** SHOWDOWN ***
260b5131 collected $245.1 from pot
*** SUMMARY ***
Total pot $245.1
Board [7d Jh 9d 4h 8h]
Seat 5: 5f57f2a4 folded before Flop (didn't bet)
Seat 7: 77d49361(big blind) showed [Ad Ah] and lost with Pair of Aces
Seat 2: 260b5131 showed [Jc Jd] and won ($245.1) with Three Jacks
Seat 1: ca69682c folded before Flop (didn't bet)
Seat 4: fadbf350 folded before Flop
Seat 6: Hero(small blind) folded before Flop



Poker Hand #ring_827913789: NLH No Limit ($1/$2) - 2025/04/17 12:22:24
Table 'MR NLH 1/2' 7-max Seat #4 is the button
Seat 5: 5f57f2a4 ($427.67 in chips)
Seat 7: 77d49361 ($117.55 in chips)
Seat 2: 260b5131 ($378.85 in chips)
Seat 1: ca69682c ($334.52 in chips)
Seat 4: fadbf350 ($123.94 in chips)
Seat 6: Hero ($124.81 in chips)
5f57f2a4: posts small blind $1
Hero: posts big blind $2
*** HOLE CARDS ***
Dealt to 5f57f2a4 
Dealt to 77d49361 
Dealt to 260b5131 
Dealt to ca69682c 
Dealt to fadbf350 
Dealt to Hero [Kh 2h]
77d49361: folds
ca69682c: folds
260b5131: folds
fadbf350: calls $2
5f57f2a4: raises $6 to $8
Hero: folds
fadbf350: calls $6
*** FLOP *** [9d Ad 3c]
5f57f2a4: bets $5.94
fadbf350: folds
Uncalled bet ($5.94) returned to 5f57f2a4
*** SHOWDOWN ***
5f57f2a4 collected $18 from pot
*** SUMMARY ***
Total pot $18
Board [9d Ad 3c]
Seat 5: 5f57f2a4(small blind)won ($18) with Ace-High
Seat 7: 77d49361 folded before Flop (didn't bet)
Seat 2: 260b5131 folded before Flop (didn't bet)
Seat 1: ca69682c folded before Flop (didn't bet)
Seat 4: fadbf350 folded on the Flop
Seat 6: Hero(big blind) folded before Flop



Poker Hand #ring_827913367: NLH No Limit ($1/$2) - 2025/04/17 12:21:55
Table 'MR NLH 1/2' 7-max Seat #2 is the button
Seat 5: 5f57f2a4 ($429.67 in chips)
Seat 7: 77d49361 ($117.55 in chips)
Seat 2: 260b5131 ($375.85 in chips)
Seat 1: ca69682c ($334.52 in chips)
Seat 4: fadbf350 ($124.94 in chips)
Seat 6: Hero ($124.81 in chips)
fadbf350: posts small blind $1
5f57f2a4: posts big blind $2
*** HOLE CARDS ***
Dealt to 5f57f2a4 
Dealt to 77d49361 
Dealt to 260b5131 
Dealt to ca69682c 
Dealt to fadbf350 
Dealt to Hero [9c 4d]
Hero: folds
77d49361: folds
ca69682c: folds
260b5131: raises $4 to $6
fadbf350: folds
5f57f2a4: folds
Uncalled bet ($4) returned to 260b5131
*** SHOWDOWN ***
260b5131 collected $5 from pot
*** SUMMARY ***
Total pot $5
Seat 5: 5f57f2a4(big blind) folded before Flop
Seat 7: 77d49361 folded before Flop (didn't bet)
Seat 2: 260b5131won ($5)
Seat 1: ca69682c folded before Flop (didn't bet)
Seat 4: fadbf350(small blind) folded before Flop
Seat 6: Hero folded before Flop (didn't bet)



Poker Hand #ring_827912651: NLH No Limit ($1/$2) - 2025/04/17 12:21:05
Table 'MR NLH 1/2' 7-max Seat #1 is the button
Seat 5: 5f57f2a4 ($429.67 in chips)
Seat 7: 77d49361 ($117.55 in chips)
Seat 2: 260b5131 ($346.95 in chips)
Seat 1: ca69682c ($364.72 in chips)
Seat 4: fadbf350 ($126.94 in chips)
Seat 6: Hero ($124.81 in chips)
260b5131: posts small blind $1
fadbf350: posts big blind $2
*** HOLE CARDS ***
Dealt to 5f57f2a4 
Dealt to 77d49361 
Dealt to 260b5131 
Dealt to ca69682c 
Dealt to fadbf350 
Dealt to Hero [6d 9s]
5f57f2a4: folds
Hero: folds
77d49361: folds
ca69682c: raises $3 to $5
260b5131: raises $9.6 to $14.6
fadbf350: folds
ca69682c: calls $9.6
*** FLOP *** [2d 8s Qh]
260b5131: bets $15.6
ca69682c: calls $15.6
*** TURN *** [2d 8s Qh] [5h]
260b5131: bets $49.92
ca69682c: folds
Uncalled bet ($49.92) returned to 260b5131
*** SHOWDOWN ***
260b5131 collected $62.4 from pot
*** SUMMARY ***
Total pot $62.4
Board [2d 8s Qh 5h]
Seat 5: 5f57f2a4 folded before Flop (didn't bet)
Seat 7: 77d49361 folded before Flop (didn't bet)
Seat 2: 260b5131(small blind)won ($62.4) with Pair of Kings
Seat 1: ca69682c folded on the Turn
Seat 4: fadbf350(big blind) folded before Flop
Seat 6: Hero folded before Flop (didn't bet)



Poker Hand #ring_827911869: NLH No Limit ($1/$2) - 2025/04/17 12:20:11
Table 'MR NLH 1/2' 7-max Seat #7 is the button
Seat 5: 5f57f2a4 ($429.67 in chips)
Seat 7: 77d49361 ($117.55 in chips)
Seat 2: 260b5131 ($348.95 in chips)
Seat 1: ca69682c ($365.72 in chips)
Seat 4: fadbf350 ($100 in chips)
Seat 6: Hero ($151.81 in chips)
ca69682c: posts small blind $1
260b5131: posts big blind $2
fadbf350: posts big blind $2
*** HOLE CARDS ***
Dealt to 5f57f2a4 
Dealt to 77d49361 
Dealt to 260b5131 
Dealt to ca69682c 
Dealt to fadbf350 
Dealt to Hero [Qs 9s]
fadbf350: raises $6 to $8
5f57f2a4: folds
Hero: calls $8
77d49361: folds
ca69682c: folds
260b5131: folds
*** FLOP *** [Ts 3s 5d]
fadbf350: bets $19
Hero: calls $19
*** TURN *** [Ts 3s 5d] [Td]
fadbf350: bets $57
Hero: folds
Uncalled bet ($57) returned to fadbf350
*** SHOWDOWN ***
fadbf350 collected $57 from pot
*** SUMMARY ***
Total pot $57
Board [Ts 3s 5d Td]
Seat 5: 5f57f2a4 folded before Flop (didn't bet)
Seat 7: 77d49361 folded before Flop (didn't bet)
Seat 2: 260b5131(big blind) folded before Flop
Seat 1: ca69682c(small blind) folded before Flop
Seat 4: fadbf350won ($57) with Pair of Kings and Pair of Tens
Seat 6: Hero folded on the Turn



Poker Hand #ring_827910927: NLH No Limit ($1/$2) - 2025/04/17 12:19:06
Table 'MR NLH 1/2' 7-max Seat #6 is the button
Seat 5: 5f57f2a4 ($429.67 in chips)
Seat 7: 77d49361 ($113 in chips)
Seat 2: 260b5131 ($348.95 in chips)
Seat 1: ca69682c ($370.72 in chips)
Seat 6: Hero ($151.81 in chips)
77d49361: posts small blind $1
ca69682c: posts big blind $2
*** HOLE CARDS ***
Dealt to 5f57f2a4 
Dealt to 77d49361 
Dealt to 260b5131 
Dealt to ca69682c 
Dealt to Hero [6s 2d]
260b5131: folds
5f57f2a4: folds
Hero: folds
77d49361: raises $3 to $5
ca69682c: calls $3
*** FLOP *** [4c 5d Th]
77d49361: checks
ca69682c: checks
*** TURN *** [4c 5d Th] [3s]
77d49361: bets $3.3
ca69682c: folds
Uncalled bet ($3.3) returned to 77d49361
*** SHOWDOWN ***
77d49361 collected $10 from pot
*** SUMMARY ***
Total pot $10
Board [4c 5d Th 3s]
Seat 5: 5f57f2a4 folded before Flop (didn't bet)
Seat 7: 77d49361(small blind)won ($10) with Pair of Treys
Seat 2: 260b5131 folded before Flop (didn't bet)
Seat 1: ca69682c(big blind) folded on the Turn
Seat 6: Hero folded before Flop (didn't bet)



Poker Hand #ring_827910155: NLH No Limit ($1/$2) - 2025/04/17 12:18:11
Table 'MR NLH 1/2' 7-max Seat #5 is the button
Seat 5: 5f57f2a4 ($352.12 in chips)
Seat 7: 77d49361 ($115 in chips)
Seat 2: 260b5131 ($348.95 in chips)
Seat 4: fadbf350 ($82.62 in chips)
Seat 6: Hero ($152.81 in chips)
Hero: posts small blind $1
77d49361: posts big blind $2
*** HOLE CARDS ***
Dealt to 5f57f2a4 
Dealt to 77d49361 
Dealt to 260b5131 
Dealt to fadbf350 
Dealt to Hero [Qs 3c]
260b5131: folds
fadbf350: raises $4 to $6
5f57f2a4: raises $11.25 to $17.25
Hero: folds
77d49361: folds
fadbf350: raises $37.5 to $54.75
5f57f2a4: raises $37.5 to $92.25
fadbf350: calls $27.87 and is all-in
Uncalled bet ($9.63) returned to 5f57f2a4
fadbf350: shows [Jh Jd]
5f57f2a4: shows [Kc Ad]
*** FLOP *** [Ts Ah 3s]
*** TURN *** [Ts Ah 3s] [9d]
*** RIVER *** [Ts Ah 3s 9d] [2c]
*** SHOWDOWN ***
5f57f2a4 collected $168.24 from pot
*** SUMMARY ***
Total pot $168.24
Board [Ts Ah 3s 9d 2c]
Seat 5: 5f57f2a4 showed [Kc Ad] and won ($168.24) with Pair of Aces
Seat 7: 77d49361(big blind) folded before Flop
Seat 2: 260b5131 folded before Flop (didn't bet)
Seat 4: fadbf350 showed [Jh Jd] and lost with Pair of Jacks
Seat 6: Hero(small blind) folded before Flop



Poker Hand #ring_827909578: NLH No Limit ($1/$2) - 2025/04/17 12:17:32
Table 'MR NLH 1/2' 7-max Seat #4 is the button
Seat 5: 5f57f2a4 ($353.12 in chips)
Seat 7: 77d49361 ($115 in chips)
Seat 2: 260b5131 ($309.5 in chips)
Seat 4: fadbf350 ($123.37 in chips)
Seat 6: Hero ($154.81 in chips)
5f57f2a4: posts small blind $1
Hero: posts big blind $2
*** HOLE CARDS ***
Dealt to 5f57f2a4 
Dealt to 77d49361 
Dealt to 260b5131 
Dealt to fadbf350 
Dealt to Hero [7d 8c]
77d49361: folds
260b5131: raises $3 to $5
fadbf350: raises $9.75 to $14.75
5f57f2a4: folds
Hero: folds
260b5131: raises $26 to $40.75
fadbf350: calls $26
*** FLOP *** [Qd 8s 2c]
260b5131: bets $27.89
fadbf350: folds
Uncalled bet ($27.89) returned to 260b5131
*** SHOWDOWN ***
260b5131 collected $84.5 from pot
*** SUMMARY ***
Total pot $84.5
Board [Qd 8s 2c]
Seat 5: 5f57f2a4(small blind) folded before Flop
Seat 7: 77d49361 folded before Flop (didn't bet)
Seat 2: 260b5131won ($84.5) with Pair of Queens
Seat 4: fadbf350 folded on the Flop
Seat 6: Hero(big blind) folded before Flop



Poker Hand #ring_827909094: NLH No Limit ($1/$2) - 2025/04/17 12:16:58
Table 'MR NLH 1/2' 7-max Seat #3 is the button
Seat 3: b76088f1 ($269.86 in chips)
Seat 5: 5f57f2a4 ($355.12 in chips)
Seat 7: 77d49361 ($115 in chips)
Seat 2: 260b5131 ($303.04 in chips)
Seat 4: fadbf350 ($128.37 in chips)
Seat 6: Hero ($154.81 in chips)
fadbf350: posts small blind $1
5f57f2a4: posts big blind $2
*** HOLE CARDS ***
Dealt to b76088f1 
Dealt to 5f57f2a4 
Dealt to 77d49361 
Dealt to 260b5131 
Dealt to fadbf350 
Dealt to Hero [9s 4d]
Hero: folds
77d49361: folds
260b5131: raises $3 to $5
b76088f1: folds
fadbf350: calls $4
5f57f2a4: folds
*** FLOP *** [Td Qd Qc]
fadbf350: checks
260b5131: bets $6
fadbf350: folds
Uncalled bet ($6) returned to 260b5131
*** SHOWDOWN ***
260b5131 collected $12 from pot
*** SUMMARY ***
Total pot $12
Board [Td Qd Qc]
Seat 3: b76088f1 folded before Flop (didn't bet)
Seat 5: 5f57f2a4(big blind) folded before Flop
Seat 7: 77d49361 folded before Flop (didn't bet)
Seat 2: 260b5131won ($12) with Pair of Queens and Pair of Tens
Seat 4: fadbf350(small blind) folded on the Flop
Seat 6: Hero folded before Flop (didn't bet)



Poker Hand #ring_827908347: NLH No Limit ($1/$2) - 2025/04/17 12:16:08
Table 'MR NLH 1/2' 7-max Seat #2 is the button
Seat 3: b76088f1 ($270.86 in chips)
Seat 7: 77d49361 ($115 in chips)
Seat 2: 260b5131 ($303.04 in chips)
Seat 4: fadbf350 ($133.37 in chips)
Seat 6: Hero ($149.3 in chips)
b76088f1: posts small blind $1
fadbf350: posts big blind $2
*** HOLE CARDS ***
Dealt to b76088f1 
Dealt to 77d49361 
Dealt to 260b5131 
Dealt to fadbf350 
Dealt to Hero [As Kd]
Hero: raises $3 to $5
77d49361: folds
260b5131: folds
b76088f1: folds
fadbf350: calls $3
*** FLOP *** [9c 4c 6d]
fadbf350: checks
Hero: checks
*** TURN *** [9c 4c 6d] [2h]
fadbf350: checks
Hero: checks
*** RIVER *** [9c 4c 6d 2h] [7s]
fadbf350: checks
Hero: checks
fadbf350: shows [Jh 8c]
Hero: shows [As Kd]
*** SHOWDOWN ***
Hero collected $11 from pot
*** SUMMARY ***
Total pot $11
Board [9c 4c 6d 2h 7s]
Seat 3: b76088f1(small blind) folded before Flop
Seat 7: 77d49361 folded before Flop (didn't bet)
Seat 2: 260b5131 folded before Flop (didn't bet)
Seat 4: fadbf350(big blind) showed [Jh 8c] and lost with Jack-High
Seat 6: Hero showed [As Kd] and won ($11) with Ace-High



Poker Hand #ring_827907933: NLH No Limit ($1/$2) - 2025/04/17 12:15:41
Table 'MR NLH 1/2' 7-max Seat #0 is the button
Seat 3: b76088f1 ($272.86 in chips)
Seat 7: 77d49361 ($115 in chips)
Seat 2: 260b5131 ($309.04 in chips)
Seat 4: fadbf350 ($126 in chips)
Seat 6: Hero ($149.3 in chips)
260b5131: posts small blind $1
b76088f1: posts big blind $2
*** HOLE CARDS ***
Dealt to b76088f1 
Dealt to 77d49361 
Dealt to 260b5131 
Dealt to fadbf350 
Dealt to Hero [Qd Th]
fadbf350: raises $4 to $6
Hero: folds
77d49361: folds
260b5131: calls $5
b76088f1: folds
*** FLOP *** [3c Ad 7d]
260b5131: checks
fadbf350: bets $7
260b5131: folds
Uncalled bet ($7) returned to fadbf350
*** SHOWDOWN ***
fadbf350 collected $14 from pot
*** SUMMARY ***
Total pot $14
Board [3c Ad 7d]
Seat 3: b76088f1(big blind) folded before Flop
Seat 7: 77d49361 folded before Flop (didn't bet)
Seat 2: 260b5131(small blind) folded on the Flop
Seat 4: fadbf350won ($14) with Pair of Sevens
Seat 6: Hero folded before Flop (didn't bet)



Poker Hand #ring_827907467: NLH No Limit ($1/$2) - 2025/04/17 12:15:07
Table 'MR NLH 1/2' 7-max Seat #7 is the button
Seat 3: b76088f1 ($272.86 in chips)
Seat 7: 77d49361 ($115 in chips)
Seat 2: 260b5131 ($307.22 in chips)
Seat 4: fadbf350 ($128 in chips)
Seat 6: Hero ($149.3 in chips)
260b5131: posts big blind $2
*** HOLE CARDS ***
Dealt to b76088f1 
Dealt to 77d49361 
Dealt to 260b5131 
Dealt to fadbf350 
Dealt to Hero [Kd 3s]
b76088f1: folds
fadbf350: calls $2
Hero: folds
77d49361: folds
260b5131: checks
*** FLOP *** [7c 4d 7h]
260b5131: checks
fadbf350: checks
*** TURN *** [7c 4d 7h] [Td]
260b5131: checks
fadbf350: checks
*** RIVER *** [7c 4d 7h Td] [Qh]
260b5131: checks
fadbf350: checks
260b5131: shows [6s 8c]
fadbf350: shows [3h 6h]
*** SHOWDOWN ***
260b5131 collected $4 from pot
*** SUMMARY ***
Total pot $4
Board [7c 4d 7h Td Qh]
Seat 3: b76088f1 folded before Flop (didn't bet)
Seat 7: 77d49361 folded before Flop (didn't bet)
Seat 2: 260b5131(big blind) showed [6s 8c] and won ($4) with Pair of Sevens
Seat 4: fadbf350 showed [3h 6h] and lost with Pair of Sevens
Seat 6: Hero folded before Flop (didn't bet)



Poker Hand #ring_827906837: NLH No Limit ($1/$2) - 2025/04/17 12:14:26
Table 'MR NLH 1/2' 7-max Seat #6 is the button
Seat 3: b76088f1 ($277.86 in chips)
Seat 7: 77d49361 ($101 in chips)
Seat 2: 260b5131 ($312.22 in chips)
Seat 1: ca69682c ($372.72 in chips)
Seat 4: fadbf350 ($130 in chips)
Seat 6: Hero ($149.3 in chips)
77d49361: posts small blind $1
ca69682c: posts big blind $2
fadbf350: posts big blind $2
*** HOLE CARDS ***
Dealt to b76088f1 
Dealt to 77d49361 
Dealt to 260b5131 
Dealt to ca69682c 
Dealt to fadbf350 
Dealt to Hero [3c Js]
260b5131: raises $3 to $5
b76088f1: calls $5
fadbf350: folds
Hero: folds
77d49361: raises $14.25 to $19.25
ca69682c: folds
260b5131: folds
b76088f1: folds
Uncalled bet ($14.25) returned to 77d49361
*** SHOWDOWN ***
77d49361 collected $19 from pot
*** SUMMARY ***
Total pot $19
Seat 3: b76088f1 folded before Flop
Seat 7: 77d49361(small blind)won ($19)
Seat 2: 260b5131 folded before Flop
Seat 1: ca69682c(big blind) folded before Flop
Seat 4: fadbf350 folded before Flop
Seat 6: Hero folded before Flop (didn't bet)



Poker Hand #ring_827906586: NLH No Limit ($1/$2) - 2025/04/17 12:14:10
Table 'MR NLH 1/2' 7-max Seat #3 is the button
Seat 3: b76088f1 ($277.86 in chips)
Seat 7: 77d49361 ($100 in chips)
Seat 2: 260b5131 ($312.22 in chips)
Seat 1: ca69682c ($372.72 in chips)
Seat 6: Hero ($150.3 in chips)
Hero: posts small blind $1
77d49361: posts big blind $2
*** HOLE CARDS ***
Dealt to b76088f1 
Dealt to 77d49361 
Dealt to 260b5131 
Dealt to ca69682c 
Dealt to Hero [5h 2c]
ca69682c: folds
260b5131: folds
b76088f1: folds
Hero: folds
*** SHOWDOWN ***
77d49361 collected $3 from pot
*** SUMMARY ***
Total pot $3
Seat 3: b76088f1 folded before Flop (didn't bet)
Seat 7: 77d49361(big blind)won ($3)
Seat 2: 260b5131 folded before Flop (didn't bet)
Seat 1: ca69682c folded before Flop (didn't bet)
Seat 6: Hero(small blind) folded before Flop



Poker Hand #ring_827905822: NLH No Limit ($1/$2) - 2025/04/17 12:13:18
Table 'MR NLH 1/2' 7-max Seat #2 is the button
Seat 3: b76088f1 ($278.86 in chips)
Seat 2: 260b5131 ($280.18 in chips)
Seat 1: ca69682c ($372.72 in chips)
Seat 6: Hero ($185 in chips)
b76088f1: posts small blind $1
Hero: posts big blind $2
*** HOLE CARDS ***
Dealt to b76088f1 
Dealt to 260b5131 
Dealt to ca69682c 
Dealt to Hero [Jh 9h]
ca69682c: folds
260b5131: raises $3 to $5
b76088f1: folds
Hero: calls $3
*** FLOP *** [6d Jc Ks]
Hero: checks
260b5131: bets $5.5
Hero: calls $5.5
*** TURN *** [6d Jc Ks] [3d]
Hero: checks
260b5131: bets $11
Hero: calls $11
*** RIVER *** [6d Jc Ks 3d] [8h]
Hero: bets $13.2
260b5131: calls $13.2
260b5131: shows [Qs Kd]
Hero: shows [Jh 9h]
*** SHOWDOWN ***
260b5131 collected $70.4 from pot
*** SUMMARY ***
Total pot $70.4
Board [6d Jc Ks 3d 8h]
Seat 3: b76088f1(small blind) folded before Flop
Seat 2: 260b5131 showed [Qs Kd] and won ($70.4) with Pair of Kings
Seat 1: ca69682c folded before Flop (didn't bet)
Seat 6: Hero(big blind) showed [Jh 9h] and lost with Pair of Jacks



Poker Hand #ring_827904383: NLH No Limit ($1/$2) - 2025/04/17 12:11:37
Table 'MR NLH 1/2' 7-max Seat #1 is the button
Seat 3: b76088f1 ($238.11 in chips)
Seat 5: 5f57f2a4 ($399.4 in chips)
Seat 2: 260b5131 ($281.18 in chips)
Seat 1: ca69682c ($372.72 in chips)
Seat 6: Hero ($185 in chips)
260b5131: posts small blind $1
b76088f1: posts big blind $2
*** HOLE CARDS ***
Dealt to b76088f1 
Dealt to 5f57f2a4 
Dealt to 260b5131 
Dealt to ca69682c 
Dealt to Hero [5s 2h]
5f57f2a4: raises $4 to $6
Hero: folds
ca69682c: folds
260b5131: folds
b76088f1: calls $4
*** FLOP *** [5c Kd 4h]
b76088f1: bets $4.29
5f57f2a4: calls $4.29
*** TURN *** [5c Kd 4h] [Td]
b76088f1: bets $7.12
5f57f2a4: raises $26.87 to $33.99
b76088f1: calls $26.87
*** RIVER *** [5c Kd 4h Td] [As]
b76088f1: bets $193.83 and is all-in
5f57f2a4: folds
Uncalled bet ($193.83) returned to b76088f1
*** SHOWDOWN ***
b76088f1 collected $89.56 from pot
*** SUMMARY ***
Total pot $89.56
Board [5c Kd 4h Td As]
Seat 3: b76088f1(big blind)won ($89.56) with Aces-High Straight
Seat 5: 5f57f2a4 folded on the River
Seat 2: 260b5131(small blind) folded before Flop
Seat 1: ca69682c folded before Flop (didn't bet)
Seat 6: Hero folded before Flop (didn't bet)



Poker Hand #ring_827904006: NLH No Limit ($1/$2) - 2025/04/17 12:11:10
Table 'MR NLH 1/2' 7-max Seat #6 is the button
Seat 3: b76088f1 ($238.11 in chips)
Seat 5: 5f57f2a4 ($399.4 in chips)
Seat 2: 260b5131 ($283.18 in chips)
Seat 1: ca69682c ($373.72 in chips)
Seat 6: Hero ($182 in chips)
ca69682c: posts small blind $1
260b5131: posts big blind $2
*** HOLE CARDS ***
Dealt to b76088f1 
Dealt to 5f57f2a4 
Dealt to 260b5131 
Dealt to ca69682c 
Dealt to Hero [Th Jc]
b76088f1: folds
5f57f2a4: folds
Hero: raises $3 to $5
ca69682c: folds
260b5131: folds
Uncalled bet ($3) returned to Hero
*** SHOWDOWN ***
Hero collected $5 from pot
*** SUMMARY ***
Total pot $5
Seat 3: b76088f1 folded before Flop (didn't bet)
Seat 5: 5f57f2a4 folded before Flop (didn't bet)
Seat 2: 260b5131(big blind) folded before Flop
Seat 1: ca69682c(small blind) folded before Flop
Seat 6: Herowon ($5)



Poker Hand #ring_827903655: NLH No Limit ($1/$2) - 2025/04/17 12:10:47
Table 'MR NLH 1/2' 7-max Seat #5 is the button
Seat 3: b76088f1 ($238.11 in chips)
Seat 5: 5f57f2a4 ($396.4 in chips)
Seat 2: 260b5131 ($283.18 in chips)
Seat 1: ca69682c ($375.72 in chips)
Seat 6: Hero ($183 in chips)
Hero: posts small blind $1
ca69682c: posts big blind $2
*** HOLE CARDS ***
Dealt to b76088f1 
Dealt to 5f57f2a4 
Dealt to 260b5131 
Dealt to ca69682c 
Dealt to Hero [5d 3h]
260b5131: folds
b76088f1: folds
5f57f2a4: raises $3 to $5
Hero: folds
ca69682c: folds
Uncalled bet ($3) returned to 5f57f2a4
*** SHOWDOWN ***
5f57f2a4 collected $5 from pot
*** SUMMARY ***
Total pot $5
Seat 3: b76088f1 folded before Flop (didn't bet)
Seat 5: 5f57f2a4won ($5)
Seat 2: 260b5131 folded before Flop (didn't bet)
Seat 1: ca69682c(big blind) folded before Flop
Seat 6: Hero(small blind) folded before Flop



Poker Hand #ring_827903276: NLH No Limit ($1/$2) - 2025/04/17 12:10:20
Table 'MR NLH 1/2' 7-max Seat #3 is the button
Seat 3: b76088f1 ($238.11 in chips)
Seat 5: 5f57f2a4 ($397.4 in chips)
Seat 2: 260b5131 ($280.18 in chips)
Seat 1: ca69682c ($375.72 in chips)
Seat 6: Hero ($185 in chips)
5f57f2a4: posts small blind $1
Hero: posts big blind $2
*** HOLE CARDS ***
Dealt to b76088f1 
Dealt to 5f57f2a4 
Dealt to 260b5131 
Dealt to ca69682c 
Dealt to Hero [9s 3h]
ca69682c: folds
260b5131: raises $3 to $5
b76088f1: folds
5f57f2a4: folds
Hero: folds
Uncalled bet ($3) returned to 260b5131
*** SHOWDOWN ***
260b5131 collected $5 from pot
*** SUMMARY ***
Total pot $5
Seat 3: b76088f1 folded before Flop (didn't bet)
Seat 5: 5f57f2a4(small blind) folded before Flop
Seat 2: 260b5131won ($5)
Seat 1: ca69682c folded before Flop (didn't bet)
Seat 6: Hero(big blind) folded before Flop



Poker Hand #ring_827902941: NLH No Limit ($1/$2) - 2025/04/17 12:09:57
Table 'MR NLH 1/2' 7-max Seat #2 is the button
Seat 3: b76088f1 ($239.11 in chips)
Seat 5: 5f57f2a4 ($399.4 in chips)
Seat 2: 260b5131 ($280.18 in chips)
Seat 1: ca69682c ($375.72 in chips)
Seat 6: Hero ($182 in chips)
b76088f1: posts small blind $1
5f57f2a4: posts big blind $2
*** HOLE CARDS ***
Dealt to b76088f1 
Dealt to 5f57f2a4 
Dealt to 260b5131 
Dealt to ca69682c 
Dealt to Hero [Ts 9s]
Hero: raises $4 to $6
ca69682c: folds
260b5131: folds
b76088f1: folds
5f57f2a4: folds
Uncalled bet ($4) returned to Hero
*** SHOWDOWN ***
Hero collected $5 from pot
*** SUMMARY ***
Total pot $5
Seat 3: b76088f1(small blind) folded before Flop
Seat 5: 5f57f2a4(big blind) folded before Flop
Seat 2: 260b5131 folded before Flop (didn't bet)
Seat 1: ca69682c folded before Flop (didn't bet)
Seat 6: Herowon ($5)



Poker Hand #ring_827902581: NLH No Limit ($1/$2) - 2025/04/17 12:09:32
Table 'MR NLH 1/2' 7-max Seat #1 is the button
Seat 3: b76088f1 ($241.11 in chips)
Seat 5: 5f57f2a4 ($396.4 in chips)
Seat 2: 260b5131 ($281.18 in chips)
Seat 1: ca69682c ($375.72 in chips)
Seat 6: Hero ($182 in chips)
260b5131: posts small blind $1
b76088f1: posts big blind $2
*** HOLE CARDS ***
Dealt to b76088f1 
Dealt to 5f57f2a4 
Dealt to 260b5131 
Dealt to ca69682c 
Dealt to Hero [Qh 3s]
5f57f2a4: raises $4 to $6
Hero: folds
ca69682c: folds
260b5131: folds
b76088f1: folds
Uncalled bet ($4) returned to 5f57f2a4
*** SHOWDOWN ***
5f57f2a4 collected $5 from pot
*** SUMMARY ***
Total pot $5
Seat 3: b76088f1(big blind) folded before Flop
Seat 5: 5f57f2a4won ($5)
Seat 2: 260b5131(small blind) folded before Flop
Seat 1: ca69682c folded before Flop (didn't bet)
Seat 6: Hero folded before Flop (didn't bet)



Poker Hand #ring_827902119: NLH No Limit ($1/$2) - 2025/04/17 12:08:59
Table 'MR NLH 1/2' 7-max Seat #6 is the button
Seat 3: b76088f1 ($241.11 in chips)
Seat 5: 5f57f2a4 ($390.89 in chips)
Seat 2: 260b5131 ($286.18 in chips)
Seat 1: ca69682c ($376.72 in chips)
Seat 6: Hero ($182 in chips)
ca69682c: posts small blind $1
260b5131: posts big blind $2
*** HOLE CARDS ***
Dealt to b76088f1 
Dealt to 5f57f2a4 
Dealt to 260b5131 
Dealt to ca69682c 
Dealt to Hero [Jd 4d]
b76088f1: folds
5f57f2a4: raises $3 to $5
Hero: folds
ca69682c: folds
260b5131: calls $3
*** FLOP *** [Qs 2s 2c]
260b5131: checks
5f57f2a4: bets $3.63
260b5131: folds
Uncalled bet ($3.63) returned to 5f57f2a4
*** SHOWDOWN ***
5f57f2a4 collected $11 from pot
*** SUMMARY ***
Total pot $11
Board [Qs 2s 2c]
Seat 3: b76088f1 folded before Flop (didn't bet)
Seat 5: 5f57f2a4won ($11) with Pair of Queens and Pair of Twos
Seat 2: 260b5131(big blind) folded on the Flop
Seat 1: ca69682c(small blind) folded before Flop
Seat 6: Hero folded before Flop (didn't bet)



Poker Hand #ring_827901798: NLH No Limit ($1/$2) - 2025/04/17 12:08:38
Table 'MR NLH 1/2' 7-max Seat #5 is the button
Seat 3: b76088f1 ($241.11 in chips)
Seat 5: 5f57f2a4 ($387.89 in chips)
Seat 2: 260b5131 ($286.18 in chips)
Seat 1: ca69682c ($378.72 in chips)
Seat 6: Hero ($183 in chips)
Hero: posts small blind $1
ca69682c: posts big blind $2
*** HOLE CARDS ***
Dealt to b76088f1 
Dealt to 5f57f2a4 
Dealt to 260b5131 
Dealt to ca69682c 
Dealt to Hero [7s 6h]
260b5131: folds
b76088f1: folds
5f57f2a4: raises $3 to $5
Hero: folds
ca69682c: folds
Uncalled bet ($3) returned to 5f57f2a4
*** SHOWDOWN ***
5f57f2a4 collected $5 from pot
*** SUMMARY ***
Total pot $5
Seat 3: b76088f1 folded before Flop (didn't bet)
Seat 5: 5f57f2a4won ($5)
Seat 2: 260b5131 folded before Flop (didn't bet)
Seat 1: ca69682c(big blind) folded before Flop
Seat 6: Hero(small blind) folded before Flop



Poker Hand #ring_827901080: NLH No Limit ($1/$2) - 2025/04/17 12:07:47
Table 'MR NLH 1/2' 7-max Seat #0 is the button
Seat 3: b76088f1 ($264.67 in chips)
Seat 5: 5f57f2a4 ($388.89 in chips)
Seat 2: 260b5131 ($259.51 in chips)
Seat 1: ca69682c ($378.72 in chips)
Seat 6: Hero ($188 in chips)
5f57f2a4: posts small blind $1
Hero: posts big blind $2
*** HOLE CARDS ***
Dealt to b76088f1 
Dealt to 5f57f2a4 
Dealt to 260b5131 
Dealt to ca69682c 
Dealt to Hero [Qs 9d]
ca69682c: folds
260b5131: raises $3 to $5
b76088f1: calls $5
5f57f2a4: folds
Hero: calls $3
*** FLOP *** [6h Ad 8d]
Hero: checks
260b5131: bets $5.28
b76088f1: calls $5.28
Hero: folds
*** TURN *** [6h Ad 8d] [5d]
260b5131: bets $13.28
b76088f1: calls $13.28
*** RIVER *** [6h Ad 8d 5d] [Qd]
260b5131: checks
b76088f1: checks
260b5131: shows [5h 6c]
b76088f1: shows [Tc Ah]
*** SHOWDOWN ***
260b5131 collected $53.12 from pot
*** SUMMARY ***
Total pot $53.12
Board [6h Ad 8d 5d Qd]
Seat 3: b76088f1 showed [Tc Ah] and lost with Pair of Aces
Seat 5: 5f57f2a4(small blind) folded before Flop
Seat 2: 260b5131 showed [5h 6c] and won ($53.12) with Pair of Sixes and Pair of Fives
Seat 1: ca69682c folded before Flop (didn't bet)
Seat 6: Hero(big blind) folded on the Flop



Poker Hand #ring_827900215: NLH No Limit ($1/$2) - 2025/04/17 12:06:47
Table 'MR NLH 1/2' 7-max Seat #3 is the button
Seat 3: b76088f1 ($253.43 in chips)
Seat 5: 5f57f2a4 ($390.89 in chips)
Seat 4: 58d4df64 ($216.73 in chips)
Seat 2: 260b5131 ($259.51 in chips)
Seat 1: ca69682c ($383.72 in chips)
Seat 6: Hero ($188 in chips)
58d4df64: posts small blind $1
5f57f2a4: posts big blind $2
*** HOLE CARDS ***
Dealt to b76088f1 
Dealt to 5f57f2a4 
Dealt to 58d4df64 
Dealt to 260b5131 
Dealt to ca69682c 
Dealt to Hero [Tc 3d]
Hero: folds
ca69682c: raises $3 to $5
260b5131: folds
b76088f1: calls $5
58d4df64: calls $4
5f57f2a4: folds
*** FLOP *** [Kd 7d Ks]
58d4df64: checks
ca69682c: checks
b76088f1: checks
*** TURN *** [Kd 7d Ks] [6d]
58d4df64: checks
ca69682c: checks
b76088f1: checks
*** RIVER *** [Kd 7d Ks 6d] [4s]
58d4df64: checks
ca69682c: checks
b76088f1: bets $12.75
58d4df64: folds
ca69682c: folds
Uncalled bet ($12.75) returned to b76088f1
*** SHOWDOWN ***
b76088f1 collected $17 from pot
*** SUMMARY ***
Total pot $17
Board [Kd 7d Ks 6d 4s]
Seat 3: b76088f1won ($17) with Eights-High Straight
Seat 5: 5f57f2a4(big blind) folded before Flop
Seat 4: 58d4df64(small blind) folded on the River
Seat 2: 260b5131 folded before Flop (didn't bet)
Seat 1: ca69682c folded on the River
Seat 6: Hero folded before Flop (didn't bet)



Poker Hand #ring_827899884: NLH No Limit ($1/$2) - 2025/04/17 12:06:24
Table 'MR NLH 1/2' 7-max Seat #2 is the button
Seat 3: b76088f1 ($254.43 in chips)
Seat 5: 5f57f2a4 ($390.89 in chips)
Seat 4: 58d4df64 ($215.73 in chips)
Seat 2: 260b5131 ($259.51 in chips)
Seat 1: ca69682c ($383.72 in chips)
Seat 6: Hero ($188 in chips)
b76088f1: posts small blind $1
58d4df64: posts big blind $2
*** HOLE CARDS ***
Dealt to b76088f1 
Dealt to 5f57f2a4 
Dealt to 58d4df64 
Dealt to 260b5131 
Dealt to ca69682c 
Dealt to Hero [Td Kh]
5f57f2a4: folds
Hero: folds
ca69682c: folds
260b5131: folds
b76088f1: folds
*** SHOWDOWN ***
58d4df64 collected $3 from pot
*** SUMMARY ***
Total pot $3
Seat 3: b76088f1(small blind) folded before Flop
Seat 5: 5f57f2a4 folded before Flop (didn't bet)
Seat 4: 58d4df64(big blind)won ($3)
Seat 2: 260b5131 folded before Flop (didn't bet)
Seat 1: ca69682c folded before Flop (didn't bet)
Seat 6: Hero folded before Flop (didn't bet)



Poker Hand #ring_827899350: NLH No Limit ($1/$2) - 2025/04/17 12:05:46
Table 'MR NLH 1/2' 7-max Seat #1 is the button
Seat 3: b76088f1 ($250.7 in chips)
Seat 5: 5f57f2a4 ($390.89 in chips)
Seat 4: 58d4df64 ($217.73 in chips)
Seat 2: 260b5131 ($261.51 in chips)
Seat 1: ca69682c ($383.72 in chips)
Seat 6: Hero ($188 in chips)
260b5131: posts small blind $1
b76088f1: posts big blind $2
*** HOLE CARDS ***
Dealt to b76088f1 
Dealt to 5f57f2a4 
Dealt to 58d4df64 
Dealt to 260b5131 
Dealt to ca69682c 
Dealt to Hero [3s Js]
58d4df64: calls $2
5f57f2a4: folds
Hero: folds
ca69682c: folds
260b5131: calls $1
b76088f1: checks
*** FLOP *** [8c Jd 8d]
260b5131: checks
b76088f1: bets $4.5
58d4df64: folds
260b5131: folds
Uncalled bet ($4.5) returned to b76088f1
*** SHOWDOWN ***
b76088f1 collected $6 from pot
*** SUMMARY ***
Total pot $6
Board [8c Jd 8d]
Seat 3: b76088f1(big blind)won ($6) with Three Eights
Seat 5: 5f57f2a4 folded before Flop (didn't bet)
Seat 4: 58d4df64 folded on the Flop
Seat 2: 260b5131(small blind) folded on the Flop
Seat 1: ca69682c folded before Flop (didn't bet)
Seat 6: Hero folded before Flop (didn't bet)



Poker Hand #ring_827898259: NLH No Limit ($1/$2) - 2025/04/17 12:04:30
Table 'MR NLH 1/2' 7-max Seat #6 is the button
Seat 3: b76088f1 ($250.7 in chips)
Seat 5: 5f57f2a4 ($395.89 in chips)
Seat 4: 58d4df64 ($217.73 in chips)
Seat 2: 260b5131 ($256 in chips)
Seat 1: ca69682c ($384.72 in chips)
Seat 6: Hero ($188 in chips)
ca69682c: posts small blind $1
260b5131: posts big blind $2
*** HOLE CARDS ***
Dealt to b76088f1 
Dealt to 5f57f2a4 
Dealt to 58d4df64 
Dealt to 260b5131 
Dealt to ca69682c 
Dealt to Hero [7h 2s]
b76088f1: folds
58d4df64: folds
5f57f2a4: raises $3 to $5
Hero: folds
ca69682c: folds
260b5131: calls $3
*** FLOP *** [6s 4d 8s]
260b5131: checks
5f57f2a4: checks
*** TURN *** [6s 4d 8s] [4s]
260b5131: bets $5.5
5f57f2a4: folds
Uncalled bet ($5.5) returned to 260b5131
*** SHOWDOWN ***
260b5131 collected $11 from pot
*** SUMMARY ***
Total pot $11
Board [6s 4d 8s 4s]
Seat 3: b76088f1 folded before Flop (didn't bet)
Seat 5: 5f57f2a4 folded on the Turn
Seat 4: 58d4df64 folded before Flop (didn't bet)
Seat 2: 260b5131(big blind)won ($11) with Pair of Fours
Seat 1: ca69682c(small blind) folded before Flop
Seat 6: Hero folded before Flop (didn't bet)



Poker Hand #ring_827897853: NLH No Limit ($1/$2) - 2025/04/17 12:04:04
Table 'MR NLH 1/2' 7-max Seat #5 is the button
Seat 3: b76088f1 ($250.7 in chips)
Seat 5: 5f57f2a4 ($392.89 in chips)
Seat 4: 58d4df64 ($217.73 in chips)
Seat 2: 260b5131 ($256 in chips)
Seat 1: ca69682c ($386.72 in chips)
Seat 6: Hero ($189 in chips)
Hero: posts small blind $1
ca69682c: posts big blind $2
*** HOLE CARDS ***
Dealt to b76088f1 
Dealt to 5f57f2a4 
Dealt to 58d4df64 
Dealt to 260b5131 
Dealt to ca69682c 
Dealt to Hero [Qd 2h]
260b5131: folds
b76088f1: folds
58d4df64: folds
5f57f2a4: raises $3 to $5
Hero: folds
ca69682c: folds
Uncalled bet ($3) returned to 5f57f2a4
*** SHOWDOWN ***
5f57f2a4 collected $5 from pot
*** SUMMARY ***
Total pot $5
Seat 3: b76088f1 folded before Flop (didn't bet)
Seat 5: 5f57f2a4won ($5)
Seat 4: 58d4df64 folded before Flop (didn't bet)
Seat 2: 260b5131 folded before Flop (didn't bet)
Seat 1: ca69682c(big blind) folded before Flop
Seat 6: Hero(small blind) folded before Flop



Poker Hand #ring_827897355: NLH No Limit ($1/$2) - 2025/04/17 12:03:29
Table 'MR NLH 1/2' 7-max Seat #4 is the button
Seat 3: b76088f1 ($250.7 in chips)
Seat 5: 5f57f2a4 ($388.89 in chips)
Seat 4: 58d4df64 ($217.73 in chips)
Seat 2: 260b5131 ($258 in chips)
Seat 1: ca69682c ($386.72 in chips)
Seat 6: Hero ($191 in chips)
5f57f2a4: posts small blind $1
Hero: posts big blind $2
260b5131: posts big blind $2
*** HOLE CARDS ***
Dealt to b76088f1 
Dealt to 5f57f2a4 
Dealt to 58d4df64 
Dealt to 260b5131 
Dealt to ca69682c 
Dealt to Hero [8d Ks]
ca69682c: folds
260b5131: checks
b76088f1: folds
58d4df64: folds
5f57f2a4: raises $8 to $10
Hero: folds
260b5131: folds
Uncalled bet ($8) returned to 5f57f2a4
*** SHOWDOWN ***
5f57f2a4 collected $6 from pot
*** SUMMARY ***
Total pot $6
Seat 3: b76088f1 folded before Flop (didn't bet)
Seat 5: 5f57f2a4(small blind)won ($6)
Seat 4: 58d4df64 folded before Flop (didn't bet)
Seat 2: 260b5131 folded before Flop
Seat 1: ca69682c folded before Flop (didn't bet)
Seat 6: Hero(big blind) folded before Flop



Poker Hand #ring_827896053: NLH No Limit ($1/$2) - 2025/04/17 12:02:01
Table 'MR NLH 1/2' 7-max Seat #3 is the button
Seat 3: b76088f1 ($236.11 in chips)
Seat 5: 5f57f2a4 ($393.89 in chips)
Seat 4: 58d4df64 ($218.73 in chips)
Seat 1: ca69682c ($397 in chips)
Seat 6: Hero ($191 in chips)
58d4df64: posts small blind $1
5f57f2a4: posts big blind $2
*** HOLE CARDS ***
Dealt to b76088f1 
Dealt to 5f57f2a4 
Dealt to 58d4df64 
Dealt to ca69682c 
Dealt to Hero [Td 2s]
Hero: folds
ca69682c: raises $3 to $5
b76088f1: calls $5
58d4df64: folds
5f57f2a4: calls $3
*** FLOP *** [Ts Jh 6h]
5f57f2a4: checks
ca69682c: checks
b76088f1: checks
*** TURN *** [Ts Jh 6h] [Ks]
5f57f2a4: checks
ca69682c: checks
b76088f1: bets $5.28
5f57f2a4: folds
ca69682c: calls $5.28
*** RIVER *** [Ts Jh 6h Ks] [3s]
ca69682c: checks
b76088f1: checks
ca69682c: shows [7d Ad]
b76088f1: shows [9s 9h]
*** SHOWDOWN ***
b76088f1 collected $26.56 from pot
*** SUMMARY ***
Total pot $26.56
Board [Ts Jh 6h Ks 3s]
Seat 3: b76088f1 showed [9s 9h] and won ($26.56) with Pair of Nines
Seat 5: 5f57f2a4(big blind) folded on the Turn
Seat 4: 58d4df64(small blind) folded before Flop
Seat 1: ca69682c showed [7d Ad] and lost with Ace-High
Seat 6: Hero folded before Flop (didn't bet)



Poker Hand #ring_827895445: NLH No Limit ($1/$2) - 2025/04/17 12:01:20
Table 'MR NLH 1/2' 7-max Seat #1 is the button
Seat 3: b76088f1 ($222.11 in chips)
Seat 5: 5f57f2a4 ($399.89 in chips)
Seat 4: 58d4df64 ($220.73 in chips)
Seat 1: ca69682c ($397 in chips)
Seat 6: Hero ($197 in chips)
b76088f1: posts small blind $1
58d4df64: posts big blind $2
*** HOLE CARDS ***
Dealt to b76088f1 
Dealt to 5f57f2a4 
Dealt to 58d4df64 
Dealt to ca69682c 
Dealt to Hero [Jd 8d]
5f57f2a4: raises $4 to $6
Hero: calls $6
ca69682c: folds
b76088f1: raises $20 to $26
58d4df64: folds
5f57f2a4: folds
Hero: folds
Uncalled bet ($20) returned to b76088f1
*** SHOWDOWN ***
b76088f1 collected $20 from pot
*** SUMMARY ***
Total pot $20
Seat 3: b76088f1(small blind)won ($20)
Seat 5: 5f57f2a4 folded before Flop
Seat 4: 58d4df64(big blind) folded before Flop
Seat 1: ca69682c folded before Flop (didn't bet)
Seat 6: Hero folded before Flop



Poker Hand #ring_827894590: NLH No Limit ($1/$2) - 2025/04/17 12:00:20
Table 'MR NLH 1/2' 7-max Seat #6 is the button
Seat 3: b76088f1 ($252.74 in chips)
Seat 5: 5f57f2a4 ($399.89 in chips)
Seat 4: 58d4df64 ($192.4 in chips)
Seat 1: ca69682c ($398 in chips)
Seat 6: Hero ($197 in chips)
ca69682c: posts small blind $1
b76088f1: posts big blind $2
*** HOLE CARDS ***
Dealt to b76088f1 
Dealt to 5f57f2a4 
Dealt to 58d4df64 
Dealt to ca69682c 
Dealt to Hero [6h 3s]
58d4df64: calls $2
5f57f2a4: folds
Hero: folds
ca69682c: folds
b76088f1: checks
*** FLOP *** [7h Qs 5d]
b76088f1: bets $5
58d4df64: raises $11.25 to $16.25
b76088f1: calls $11.25
*** TURN *** [7h Qs 5d] [Ah]
b76088f1: checks
58d4df64: bets $12.38
b76088f1: calls $12.38
*** RIVER *** [7h Qs 5d Ah] [3c]
b76088f1: checks
58d4df64: bets $46.7
b76088f1: folds
Uncalled bet ($46.7) returned to 58d4df64
*** SHOWDOWN ***
58d4df64 collected $62.26 from pot
*** SUMMARY ***
Total pot $62.26
Board [7h Qs 5d Ah 3c]
Seat 3: b76088f1(big blind) folded on the River
Seat 5: 5f57f2a4 folded before Flop (didn't bet)
Seat 4: 58d4df64won ($62.26) with Pair of Aces and Pair of Queens
Seat 1: ca69682c(small blind) folded before Flop
Seat 6: Hero folded before Flop (didn't bet)



Poker Hand #ring_827894173: NLH No Limit ($1/$2) - 2025/04/17 11:59:51
Table 'MR NLH 1/2' 7-max Seat #5 is the button
Seat 3: b76088f1 ($252.74 in chips)
Seat 5: 5f57f2a4 ($399.89 in chips)
Seat 4: 58d4df64 ($194.4 in chips)
Seat 1: ca69682c ($400 in chips)
Seat 2: 77ba6189 ($222.28 in chips)
Seat 6: Hero ($193 in chips)
Hero: posts small blind $1
ca69682c: posts big blind $2
*** HOLE CARDS ***
Dealt to b76088f1 
Dealt to 5f57f2a4 
Dealt to 58d4df64 
Dealt to ca69682c 
Dealt to 77ba6189 
Dealt to Hero [Jc Ad]
77ba6189: folds
b76088f1: folds
58d4df64: calls $2
5f57f2a4: folds
Hero: raises $6 to $8
ca69682c: folds
58d4df64: folds
Uncalled bet ($6) returned to Hero
*** SHOWDOWN ***
Hero collected $6 from pot
*** SUMMARY ***
Total pot $6
Seat 3: b76088f1 folded before Flop (didn't bet)
Seat 5: 5f57f2a4 folded before Flop (didn't bet)
Seat 4: 58d4df64 folded before Flop
Seat 1: ca69682c(big blind) folded before Flop
Seat 2: 77ba6189 folded before Flop (didn't bet)
Seat 6: Hero(small blind)won ($6)



Poker Hand #ring_827893558: NLH No Limit ($1/$2) - 2025/04/17 11:59:09
Table 'MR NLH 1/2' 7-max Seat #4 is the button
Seat 3: b76088f1 ($252.74 in chips)
Seat 5: 5f57f2a4 ($400.89 in chips)
Seat 4: 58d4df64 ($199.4 in chips)
Seat 2: 77ba6189 ($212 in chips)
Seat 6: Hero ($198 in chips)
5f57f2a4: posts small blind $1
Hero: posts big blind $2
*** HOLE CARDS ***
Dealt to b76088f1 
Dealt to 5f57f2a4 
Dealt to 58d4df64 
Dealt to 77ba6189 
Dealt to Hero [7c Jh]
77ba6189: raises $3 to $5
b76088f1: folds
58d4df64: calls $5
5f57f2a4: folds
Hero: calls $3
*** FLOP *** [5s 2s Th]
Hero: checks
77ba6189: bets $6
58d4df64: folds
Hero: folds
Uncalled bet ($6) returned to 77ba6189
*** SHOWDOWN ***
77ba6189 collected $16 from pot
*** SUMMARY ***
Total pot $16
Board [5s 2s Th]
Seat 3: b76088f1 folded before Flop (didn't bet)
Seat 5: 5f57f2a4(small blind) folded before Flop
Seat 4: 58d4df64 folded on the Flop
Seat 2: 77ba6189won ($16) with Pair of Tens
Seat 6: Hero(big blind) folded on the Flop



