Poker Hand #ring_831633049: NLH No Limit ($1/$2) - 2025/04/19 17:35:30
Table 'MR NLH 1/2' 7-max Seat #2 is the button
Seat 1: c1d2e37c ($416.13 in chips)
Seat 2: 5c70fe27 ($213.02 in chips)
Seat 4: Hero ($203.2 in chips)
Hero: posts small blind $1
c1d2e37c: posts big blind $2
*** HOLE CARDS ***
Dealt to c1d2e37c 
Dealt to 5c70fe27 
Dealt to Hero [6d 6s]
5c70fe27: folds
Hero: raises $4 to $6
c1d2e37c: calls $4
*** FLOP *** [5c Jc 3d]
Hero: bets $6
c1d2e37c: calls $6
*** TURN *** [5c Jc 3d] [5h]
Hero: bets $12
c1d2e37c: calls $12
*** RIVER *** [5c Jc 3d 5h] [Tc]
Hero: bets $14.4
c1d2e37c: calls $14.4
c1d2e37c: shows [3s 2s]
Hero: shows [6d 6s]
*** SHOWDOWN ***
Hero collected $76.8 from pot
*** SUMMARY ***
Total pot $76.8
Board [5c Jc 3d 5h Tc]
Seat 1: c1d2e37c(big blind) showed [3s 2s] and lost with Pair of Fives and Pair of Treys
Seat 2: 5c70fe27 folded before Flop (didn't bet)
Seat 4: Hero(small blind) showed [6d 6s] and won ($76.8) with Pair of Sixes and Pair of Fives



Poker Hand #ring_831632789: NLH No Limit ($1/$2) - 2025/04/19 17:35:15
Table 'MR NLH 1/2' 7-max Seat #1 is the button
Seat 1: c1d2e37c ($416.13 in chips)
Seat 2: 5c70fe27 ($214.02 in chips)
Seat 7: b4e2598a ($152.13 in chips)
Seat 4: Hero ($202.2 in chips)
5c70fe27: posts small blind $1
Hero: posts big blind $2
*** HOLE CARDS ***
Dealt to c1d2e37c 
Dealt to 5c70fe27 
Dealt to b4e2598a 
Dealt to Hero [Ac Jd]
b4e2598a: folds
c1d2e37c: folds
5c70fe27: folds
*** SHOWDOWN ***
Hero collected $3 from pot
*** SUMMARY ***
Total pot $3
Seat 1: c1d2e37c folded before Flop (didn't bet)
Seat 2: 5c70fe27(small blind) folded before Flop
Seat 7: b4e2598a folded before Flop (didn't bet)
Seat 4: Hero(big blind)won ($3)



Poker Hand #ring_831632045: NLH No Limit ($1/$2) - 2025/04/19 17:34:35
Table 'MR NLH 1/2' 7-max Seat #7 is the button
Seat 1: c1d2e37c ($381.5 in chips)
Seat 2: 5c70fe27 ($216.02 in chips)
Seat 7: b4e2598a ($188.63 in chips)
Seat 4: Hero ($202.2 in chips)
c1d2e37c: posts small blind $1
5c70fe27: posts big blind $2
*** HOLE CARDS ***
Dealt to c1d2e37c 
Dealt to 5c70fe27 
Dealt to b4e2598a 
Dealt to Hero [6s Tc]
Hero: folds
b4e2598a: raises $3 to $5
c1d2e37c: raises $9 to $14
5c70fe27: folds
b4e2598a: calls $9
*** FLOP *** [8s Jd 5s]
c1d2e37c: bets $22.5
b4e2598a: calls $22.5
*** TURN *** [8s Jd 5s] [Jc]
c1d2e37c: bets $37.5
b4e2598a: folds
Uncalled bet ($37.5) returned to c1d2e37c
*** SHOWDOWN ***
c1d2e37c collected $75 from pot
*** SUMMARY ***
Total pot $75
Board [8s Jd 5s Jc]
Seat 1: c1d2e37c(small blind)won ($75) with Pair of Aces and Pair of Jacks
Seat 2: 5c70fe27(big blind) folded before Flop
Seat 7: b4e2598a folded on the Turn
Seat 4: Hero folded before Flop (didn't bet)



Poker Hand #ring_831631490: NLH No Limit ($1/$2) - 2025/04/19 17:34:02
Table 'MR NLH 1/2' 7-max Seat #4 is the button
Seat 1: c1d2e37c ($395.3 in chips)
Seat 2: 5c70fe27 ($203 in chips)
Seat 7: b4e2598a ($189.63 in chips)
Seat 4: Hero ($202.2 in chips)
b4e2598a: posts small blind $1
c1d2e37c: posts big blind $2
*** HOLE CARDS ***
Dealt to c1d2e37c 
Dealt to 5c70fe27 
Dealt to b4e2598a 
Dealt to Hero [5c Qd]
5c70fe27: raises $4 to $6
Hero: folds
b4e2598a: folds
c1d2e37c: calls $4
*** FLOP *** [9s 8c 6c]
c1d2e37c: checks
5c70fe27: bets $7.8
c1d2e37c: calls $7.8
*** TURN *** [9s 8c 6c] [3h]
c1d2e37c: checks
5c70fe27: checks
*** RIVER *** [9s 8c 6c 3h] [6d]
c1d2e37c: checks
5c70fe27: checks
c1d2e37c: shows [Jc Tc]
5c70fe27: shows [8h 7d]
*** SHOWDOWN ***
5c70fe27 collected $28.6 from pot
*** SUMMARY ***
Total pot $28.6
Board [9s 8c 6c 3h 6d]
Seat 1: c1d2e37c(big blind) showed [Jc Tc] and lost with Pair of Sixes
Seat 2: 5c70fe27 showed [8h 7d] and won ($28.6) with Pair of Eights and Pair of Sixes
Seat 7: b4e2598a(small blind) folded before Flop
Seat 4: Hero folded before Flop (didn't bet)



Poker Hand #ring_831631242: NLH No Limit ($1/$2) - 2025/04/19 17:33:49
Table 'MR NLH 1/2' 7-max Seat #2 is the button
Seat 1: c1d2e37c ($395.3 in chips)
Seat 2: 5c70fe27 ($203 in chips)
Seat 7: b4e2598a ($188.63 in chips)
Seat 4: Hero ($203.2 in chips)
Hero: posts small blind $1
b4e2598a: posts big blind $2
*** HOLE CARDS ***
Dealt to c1d2e37c 
Dealt to 5c70fe27 
Dealt to b4e2598a 
Dealt to Hero [5h Qd]
c1d2e37c: folds
5c70fe27: folds
Hero: folds
*** SHOWDOWN ***
b4e2598a collected $3 from pot
*** SUMMARY ***
Total pot $3
Seat 1: c1d2e37c folded before Flop (didn't bet)
Seat 2: 5c70fe27 folded before Flop (didn't bet)
Seat 7: b4e2598a(big blind)won ($3)
Seat 4: Hero(small blind) folded before Flop



Poker Hand #ring_831630903: NLH No Limit ($1/$2) - 2025/04/19 17:33:29
Table 'MR NLH 1/2' 7-max Seat #1 is the button
Seat 1: c1d2e37c ($395.3 in chips)
Seat 2: 5c70fe27 ($201 in chips)
Seat 7: b4e2598a ($188.63 in chips)
Seat 4: Hero ($205.2 in chips)
5c70fe27: posts small blind $1
Hero: posts big blind $2
*** HOLE CARDS ***
Dealt to c1d2e37c 
Dealt to 5c70fe27 
Dealt to b4e2598a 
Dealt to Hero [6c Th]
b4e2598a: folds
c1d2e37c: folds
5c70fe27: raises $4 to $6
Hero: folds
Uncalled bet ($4) returned to 5c70fe27
*** SHOWDOWN ***
5c70fe27 collected $4 from pot
*** SUMMARY ***
Total pot $4
Seat 1: c1d2e37c folded before Flop (didn't bet)
Seat 2: 5c70fe27(small blind)won ($4)
Seat 7: b4e2598a folded before Flop (didn't bet)
Seat 4: Hero(big blind) folded before Flop



Poker Hand #ring_831630604: NLH No Limit ($1/$2) - 2025/04/19 17:33:13
Table 'MR NLH 1/2' 7-max Seat #7 is the button
Seat 1: c1d2e37c ($393.3 in chips)
Seat 2: 5c70fe27 ($203 in chips)
Seat 7: b4e2598a ($188.63 in chips)
Seat 4: Hero ($205.2 in chips)
c1d2e37c: posts small blind $1
5c70fe27: posts big blind $2
*** HOLE CARDS ***
Dealt to c1d2e37c 
Dealt to 5c70fe27 
Dealt to b4e2598a 
Dealt to Hero [Ac 6s]
Hero: folds
b4e2598a: folds
c1d2e37c: raises $4 to $6
5c70fe27: folds
Uncalled bet ($4) returned to c1d2e37c
*** SHOWDOWN ***
c1d2e37c collected $4 from pot
*** SUMMARY ***
Total pot $4
Seat 1: c1d2e37c(small blind)won ($4)
Seat 2: 5c70fe27(big blind) folded before Flop
Seat 7: b4e2598a folded before Flop (didn't bet)
Seat 4: Hero folded before Flop (didn't bet)



Poker Hand #ring_831630164: NLH No Limit ($1/$2) - 2025/04/19 17:32:48
Table 'MR NLH 1/2' 7-max Seat #4 is the button
Seat 1: c1d2e37c ($392.3 in chips)
Seat 2: 5c70fe27 ($203 in chips)
Seat 7: b4e2598a ($189.63 in chips)
Seat 4: Hero ($205.2 in chips)
b4e2598a: posts small blind $1
c1d2e37c: posts big blind $2
*** HOLE CARDS ***
Dealt to c1d2e37c 
Dealt to 5c70fe27 
Dealt to b4e2598a 
Dealt to Hero [5h 3d]
5c70fe27: folds
Hero: folds
b4e2598a: folds
*** SHOWDOWN ***
c1d2e37c collected $3 from pot
*** SUMMARY ***
Total pot $3
Seat 1: c1d2e37c(big blind)won ($3)
Seat 2: 5c70fe27 folded before Flop (didn't bet)
Seat 7: b4e2598a(small blind) folded before Flop
Seat 4: Hero folded before Flop (didn't bet)



Poker Hand #ring_831629557: NLH No Limit ($1/$2) - 2025/04/19 17:32:14
Table 'MR NLH 1/2' 7-max Seat #2 is the button
Seat 1: c1d2e37c ($407.92 in chips)
Seat 2: 5c70fe27 ($203 in chips)
Seat 7: b4e2598a ($174.96 in chips)
Seat 4: Hero ($206.2 in chips)
Hero: posts small blind $1
b4e2598a: posts big blind $2
*** HOLE CARDS ***
Dealt to c1d2e37c 
Dealt to 5c70fe27 
Dealt to b4e2598a 
Dealt to Hero [8c Td]
c1d2e37c: raises $4 to $6
5c70fe27: folds
Hero: folds
b4e2598a: calls $4
*** FLOP *** [9h 2c 8d]
b4e2598a: checks
c1d2e37c: checks
*** TURN *** [9h 2c 8d] [9s]
b4e2598a: bets $9.62
c1d2e37c: calls $9.62
*** RIVER *** [9h 2c 8d 9s] [9c]
b4e2598a: bets $17.41
c1d2e37c: folds
Uncalled bet ($17.41) returned to b4e2598a
*** SHOWDOWN ***
b4e2598a collected $32.24 from pot
*** SUMMARY ***
Total pot $32.24
Board [9h 2c 8d 9s 9c]
Seat 1: c1d2e37c folded on the River
Seat 2: 5c70fe27 folded before Flop (didn't bet)
Seat 7: b4e2598a(big blind)won ($32.24) with Nines Full over Eights
Seat 4: Hero(small blind) folded before Flop



Poker Hand #ring_831629230: NLH No Limit ($1/$2) - 2025/04/19 17:31:57
Table 'MR NLH 1/2' 7-max Seat #1 is the button
Seat 1: c1d2e37c ($404.92 in chips)
Seat 2: 5c70fe27 ($204 in chips)
Seat 7: b4e2598a ($174.96 in chips)
Seat 4: Hero ($208.2 in chips)
5c70fe27: posts small blind $1
Hero: posts big blind $2
*** HOLE CARDS ***
Dealt to c1d2e37c 
Dealt to 5c70fe27 
Dealt to b4e2598a 
Dealt to Hero [3s 8c]
b4e2598a: folds
c1d2e37c: raises $4 to $6
5c70fe27: folds
Hero: folds
Uncalled bet ($4) returned to c1d2e37c
*** SHOWDOWN ***
c1d2e37c collected $5 from pot
*** SUMMARY ***
Total pot $5
Seat 1: c1d2e37cwon ($5)
Seat 2: 5c70fe27(small blind) folded before Flop
Seat 7: b4e2598a folded before Flop (didn't bet)
Seat 4: Hero(big blind) folded before Flop



Poker Hand #ring_831628962: NLH No Limit ($1/$2) - 2025/04/19 17:31:42
Table 'MR NLH 1/2' 7-max Seat #7 is the button
Seat 1: c1d2e37c ($405.92 in chips)
Seat 2: 5c70fe27 ($203 in chips)
Seat 7: b4e2598a ($174.96 in chips)
Seat 4: Hero ($208.2 in chips)
c1d2e37c: posts small blind $1
5c70fe27: posts big blind $2
*** HOLE CARDS ***
Dealt to c1d2e37c 
Dealt to 5c70fe27 
Dealt to b4e2598a 
Dealt to Hero [6h 8s]
Hero: folds
b4e2598a: folds
c1d2e37c: folds
*** SHOWDOWN ***
5c70fe27 collected $3 from pot
*** SUMMARY ***
Total pot $3
Seat 1: c1d2e37c(small blind) folded before Flop
Seat 2: 5c70fe27(big blind)won ($3)
Seat 7: b4e2598a folded before Flop (didn't bet)
Seat 4: Hero folded before Flop (didn't bet)



Poker Hand #ring_831628180: NLH No Limit ($1/$2) - 2025/04/19 17:30:59
Table 'MR NLH 1/2' 7-max Seat #4 is the button
Seat 1: c1d2e37c ($410.92 in chips)
Seat 2: 5c70fe27 ($203 in chips)
Seat 7: b4e2598a ($175.96 in chips)
Seat 3: fe2e9e6f ($425.83 in chips)
Seat 4: Hero ($202.69 in chips)
b4e2598a: posts small blind $1
c1d2e37c: posts big blind $2
*** HOLE CARDS ***
Dealt to c1d2e37c 
Dealt to 5c70fe27 
Dealt to b4e2598a 
Dealt to fe2e9e6f 
Dealt to Hero [Tc Kd]
5c70fe27: folds
fe2e9e6f: folds
Hero: raises $3 to $5
b4e2598a: folds
c1d2e37c: calls $3
*** FLOP *** [Jd 6h Ah]
c1d2e37c: checks
Hero: bets $5.5
c1d2e37c: folds
Uncalled bet ($5.5) returned to Hero
*** SHOWDOWN ***
Hero collected $11 from pot
*** SUMMARY ***
Total pot $11
Board [Jd 6h Ah]
Seat 1: c1d2e37c(big blind) folded on the Flop
Seat 2: 5c70fe27 folded before Flop (didn't bet)
Seat 7: b4e2598a(small blind) folded before Flop
Seat 3: fe2e9e6f folded before Flop (didn't bet)
Seat 4: Herowon ($11) with Ace-High



Poker Hand #ring_831627727: NLH No Limit ($1/$2) - 2025/04/19 17:30:34
Table 'MR NLH 1/2' 7-max Seat #3 is the button
Seat 1: c1d2e37c ($407.92 in chips)
Seat 2: 5c70fe27 ($203 in chips)
Seat 7: b4e2598a ($177.96 in chips)
Seat 3: fe2e9e6f ($425.83 in chips)
Seat 4: Hero ($203.69 in chips)
Hero: posts small blind $1
b4e2598a: posts big blind $2
*** HOLE CARDS ***
Dealt to c1d2e37c 
Dealt to 5c70fe27 
Dealt to b4e2598a 
Dealt to fe2e9e6f 
Dealt to Hero [7s 2d]
c1d2e37c: raises $4 to $6
5c70fe27: folds
fe2e9e6f: folds
Hero: folds
b4e2598a: folds
Uncalled bet ($4) returned to c1d2e37c
*** SHOWDOWN ***
c1d2e37c collected $5 from pot
*** SUMMARY ***
Total pot $5
Seat 1: c1d2e37cwon ($5)
Seat 2: 5c70fe27 folded before Flop (didn't bet)
Seat 7: b4e2598a(big blind) folded before Flop
Seat 3: fe2e9e6f folded before Flop (didn't bet)
Seat 4: Hero(small blind) folded before Flop



Poker Hand #ring_831627385: NLH No Limit ($1/$2) - 2025/04/19 17:30:15
Table 'MR NLH 1/2' 7-max Seat #2 is the button
Seat 1: c1d2e37c ($407.92 in chips)
Seat 2: 5c70fe27 ($203 in chips)
Seat 7: b4e2598a ($174.96 in chips)
Seat 3: fe2e9e6f ($426.83 in chips)
Seat 4: Hero ($205.69 in chips)
fe2e9e6f: posts small blind $1
Hero: posts big blind $2
*** HOLE CARDS ***
Dealt to c1d2e37c 
Dealt to 5c70fe27 
Dealt to b4e2598a 
Dealt to fe2e9e6f 
Dealt to Hero [Ac 6s]
b4e2598a: raises $4 to $6
c1d2e37c: folds
5c70fe27: folds
fe2e9e6f: folds
Hero: folds
Uncalled bet ($4) returned to b4e2598a
*** SHOWDOWN ***
b4e2598a collected $5 from pot
*** SUMMARY ***
Total pot $5
Seat 1: c1d2e37c folded before Flop (didn't bet)
Seat 2: 5c70fe27 folded before Flop (didn't bet)
Seat 7: b4e2598awon ($5)
Seat 3: fe2e9e6f(small blind) folded before Flop
Seat 4: Hero(big blind) folded before Flop



Poker Hand #ring_831627065: NLH No Limit ($1/$2) - 2025/04/19 17:29:56
Table 'MR NLH 1/2' 7-max Seat #1 is the button
Seat 1: c1d2e37c ($404.92 in chips)
Seat 2: 5c70fe27 ($204 in chips)
Seat 7: b4e2598a ($174.96 in chips)
Seat 3: fe2e9e6f ($428.83 in chips)
Seat 4: Hero ($205.69 in chips)
5c70fe27: posts small blind $1
fe2e9e6f: posts big blind $2
*** HOLE CARDS ***
Dealt to c1d2e37c 
Dealt to 5c70fe27 
Dealt to b4e2598a 
Dealt to fe2e9e6f 
Dealt to Hero [7c Ah]
Hero: folds
b4e2598a: folds
c1d2e37c: raises $4 to $6
5c70fe27: folds
fe2e9e6f: folds
Uncalled bet ($4) returned to c1d2e37c
*** SHOWDOWN ***
c1d2e37c collected $5 from pot
*** SUMMARY ***
Total pot $5
Seat 1: c1d2e37cwon ($5)
Seat 2: 5c70fe27(small blind) folded before Flop
Seat 7: b4e2598a folded before Flop (didn't bet)
Seat 3: fe2e9e6f(big blind) folded before Flop
Seat 4: Hero folded before Flop (didn't bet)



Poker Hand #ring_831626399: NLH No Limit ($1/$2) - 2025/04/19 17:29:18
Table 'MR NLH 1/2' 7-max Seat #7 is the button
Seat 1: c1d2e37c ($390.77 in chips)
Seat 2: 5c70fe27 ($206 in chips)
Seat 7: b4e2598a ($188.96 in chips)
Seat 3: fe2e9e6f ($428.83 in chips)
Seat 4: Hero ($205.69 in chips)
c1d2e37c: posts small blind $1
5c70fe27: posts big blind $2
*** HOLE CARDS ***
Dealt to c1d2e37c 
Dealt to 5c70fe27 
Dealt to b4e2598a 
Dealt to fe2e9e6f 
Dealt to Hero [Qd 9c]
fe2e9e6f: folds
Hero: folds
b4e2598a: raises $3 to $5
c1d2e37c: calls $4
5c70fe27: folds
*** FLOP *** [3d 3h Jd]
c1d2e37c: checks
b4e2598a: checks
*** TURN *** [3d 3h Jd] [6s]
c1d2e37c: bets $9
b4e2598a: calls $9
*** RIVER *** [3d 3h Jd 6s] [7s]
c1d2e37c: checks
b4e2598a: checks
c1d2e37c: shows [7d 4h]
b4e2598a: shows [Kc 6c]
*** SHOWDOWN ***
c1d2e37c collected $30 from pot
*** SUMMARY ***
Total pot $30
Board [3d 3h Jd 6s 7s]
Seat 1: c1d2e37c(small blind) showed [7d 4h] and won ($30) with Pair of Sevens and Pair of Treys
Seat 2: 5c70fe27(big blind) folded before Flop
Seat 7: b4e2598a showed [Kc 6c] and lost with Pair of Sixes and Pair of Treys
Seat 3: fe2e9e6f folded before Flop (didn't bet)
Seat 4: Hero folded before Flop (didn't bet)



Poker Hand #ring_831626062: NLH No Limit ($1/$2) - 2025/04/19 17:28:59
Table 'MR NLH 1/2' 7-max Seat #4 is the button
Seat 1: c1d2e37c ($392.77 in chips)
Seat 2: 5c70fe27 ($203 in chips)
Seat 7: b4e2598a ($189.96 in chips)
Seat 3: fe2e9e6f ($428.83 in chips)
Seat 4: Hero ($205.69 in chips)
b4e2598a: posts small blind $1
c1d2e37c: posts big blind $2
*** HOLE CARDS ***
Dealt to c1d2e37c 
Dealt to 5c70fe27 
Dealt to b4e2598a 
Dealt to fe2e9e6f 
Dealt to Hero [Jh 4s]
5c70fe27: raises $4 to $6
fe2e9e6f: folds
Hero: folds
b4e2598a: folds
c1d2e37c: folds
Uncalled bet ($4) returned to 5c70fe27
*** SHOWDOWN ***
5c70fe27 collected $5 from pot
*** SUMMARY ***
Total pot $5
Seat 1: c1d2e37c(big blind) folded before Flop
Seat 2: 5c70fe27won ($5)
Seat 7: b4e2598a(small blind) folded before Flop
Seat 3: fe2e9e6f folded before Flop (didn't bet)
Seat 4: Hero folded before Flop (didn't bet)



Poker Hand #ring_831625469: NLH No Limit ($1/$2) - 2025/04/19 17:28:26
Table 'MR NLH 1/2' 7-max Seat #3 is the button
Seat 1: c1d2e37c ($392.77 in chips)
Seat 2: 5c70fe27 ($200 in chips)
Seat 7: b4e2598a ($191.96 in chips)
Seat 3: fe2e9e6f ($428.83 in chips)
Seat 4: Hero ($206.69 in chips)
Hero: posts small blind $1
b4e2598a: posts big blind $2
*** HOLE CARDS ***
Dealt to c1d2e37c 
Dealt to 5c70fe27 
Dealt to b4e2598a 
Dealt to fe2e9e6f 
Dealt to Hero [Td 4c]
c1d2e37c: folds
5c70fe27: raises $4 to $6
fe2e9e6f: folds
Hero: folds
b4e2598a: folds
Uncalled bet ($4) returned to 5c70fe27
*** SHOWDOWN ***
5c70fe27 collected $5 from pot
*** SUMMARY ***
Total pot $5
Seat 1: c1d2e37c folded before Flop (didn't bet)
Seat 2: 5c70fe27won ($5)
Seat 7: b4e2598a(big blind) folded before Flop
Seat 3: fe2e9e6f folded before Flop (didn't bet)
Seat 4: Hero(small blind) folded before Flop



Poker Hand #ring_831624741: NLH No Limit ($1/$2) - 2025/04/19 17:27:45
Table 'MR NLH 1/2' 7-max Seat #2 is the button
Seat 1: c1d2e37c ($401.27 in chips)
Seat 2: 5c70fe27 ($200 in chips)
Seat 7: b4e2598a ($191.96 in chips)
Seat 3: fe2e9e6f ($429.83 in chips)
Seat 4: Hero ($198 in chips)
fe2e9e6f: posts small blind $1
Hero: posts big blind $2
*** HOLE CARDS ***
Dealt to c1d2e37c 
Dealt to 5c70fe27 
Dealt to b4e2598a 
Dealt to fe2e9e6f 
Dealt to Hero [Tc 9s]
b4e2598a: folds
c1d2e37c: raises $2 to $4
5c70fe27: folds
fe2e9e6f: folds
Hero: calls $2
*** FLOP *** [Td 5s Ad]
Hero: checks
c1d2e37c: bets $4.5
Hero: calls $4.5
*** TURN *** [Td 5s Ad] [6h]
Hero: checks
c1d2e37c: checks
*** RIVER *** [Td 5s Ad 6h] [7d]
Hero: bets $5.4
c1d2e37c: folds
Uncalled bet ($5.4) returned to Hero
*** SHOWDOWN ***
Hero collected $18 from pot
*** SUMMARY ***
Total pot $18
Board [Td 5s Ad 6h 7d]
Seat 1: c1d2e37c folded on the River
Seat 2: 5c70fe27 folded before Flop (didn't bet)
Seat 7: b4e2598a folded before Flop (didn't bet)
Seat 3: fe2e9e6f(small blind) folded before Flop
Seat 4: Hero(big blind)won ($18) with Pair of Tens



