Poker Hand #ring_842837944: NLH No Limit ($1/$2) - 2025/04/26 00:21:32
Table 'MR NLH 1/2' 7-max Seat #6 is the button
Seat 6: c8b53980 ($399.26 in chips)
Seat 2: Hero ($650.37 in chips)
c8b53980: posts small blind $1
Hero: posts big blind $2
*** HOLE CARDS ***
Dealt to c8b53980 
Dealt to Hero [8d Qc]
c8b53980: raises $3 to $5
Hero: calls $3
*** FLOP *** [5d 4s Qd]
Hero: checks
c8b53980: bets $6.6
Hero: calls $6.6
*** TURN *** [5d 4s Qd] [Ad]
Hero: checks
c8b53980: checks
*** RIVER *** [5d 4s Qd Ad] [Qh]
Hero: bets $6.96
c8b53980: folds
Uncalled bet ($6.96) returned to Hero
*** SHOWDOWN ***
Hero collected $23.2 from pot
*** SUMMARY ***
Total pot $23.2
Board [5d 4s Qd Ad Qh]
Seat 6: c8b53980(small blind) folded on the River
Seat 2: Hero(big blind)won ($23.2) with Three Queens



Poker Hand #ring_842836988: NLH No Limit ($1/$2) - 2025/04/26 00:21:00
Table 'MR NLH 1/2' 7-max Seat #2 is the button
Seat 6: c8b53980 ($394.48 in chips)
Seat 2: Hero ($655.37 in chips)
Hero: posts small blind $1
c8b53980: posts big blind $2
*** HOLE CARDS ***
Dealt to c8b53980 
Dealt to Hero [8h Qd]
Hero: raises $3 to $5
c8b53980: calls $3
*** FLOP *** [Th 6h 4h]
c8b53980: checks
Hero: checks
*** TURN *** [Th 6h 4h] [9s]
c8b53980: bets $15
Hero: folds
Uncalled bet ($15) returned to c8b53980
*** SHOWDOWN ***
c8b53980 collected $10 from pot
*** SUMMARY ***
Total pot $10
Board [Th 6h 4h 9s]
Seat 6: c8b53980(big blind)won ($10) with Ten High Flush
Seat 2: Hero(small blind) folded on the Turn



Poker Hand #ring_842836076: NLH No Limit ($1/$2) - 2025/04/26 00:20:27
Table 'MR NLH 1/2' 7-max Seat #6 is the button
Seat 6: c8b53980 ($399.48 in chips)
Seat 2: Hero ($650.59 in chips)
c8b53980: posts small blind $1
Hero: posts big blind $2
*** HOLE CARDS ***
Dealt to c8b53980 
Dealt to Hero [Kc 7h]
c8b53980: raises $3 to $5
Hero: calls $3
*** FLOP *** [Ac 9c 4c]
Hero: checks
c8b53980: checks
*** TURN *** [Ac 9c 4c] [Qh]
Hero: bets $3
c8b53980: folds
Uncalled bet ($3) returned to Hero
*** SHOWDOWN ***
Hero collected $10 from pot
*** SUMMARY ***
Total pot $10
Board [Ac 9c 4c Qh]
Seat 6: c8b53980(small blind) folded on the Turn
Seat 2: Hero(big blind)won ($10) with Ace-High



Poker Hand #ring_842831784: NLH No Limit ($1/$2) - 2025/04/26 00:17:58
Table 'MR NLH 1/2' 7-max Seat #2 is the button
Seat 6: c8b53980 ($732.26 in chips)
Seat 2: Hero ($332.78 in chips)
Hero: posts small blind $1
c8b53980: posts big blind $2
*** HOLE CARDS ***
Dealt to c8b53980 
Dealt to Hero [Js Qd]
Hero: raises $3 to $5
c8b53980: calls $3
*** FLOP *** [9c 8h Ts]
c8b53980: checks
Hero: bets $5
c8b53980: raises $23 to $28
Hero: calls $23
*** TURN *** [9c 8h Ts] [Td]
c8b53980: checks
Hero: bets $75.9
c8b53980: calls $75.9
*** RIVER *** [9c 8h Ts Td] [7c]
c8b53980: bets $623.36 and is all-in
Hero: calls $223.88 and is all-in
Uncalled bet ($399.48) returned to c8b53980
Hero: shows [Js Qd]
c8b53980: shows [9h Jd]
*** SHOWDOWN ***
Hero collected $665.56 from pot
*** SUMMARY ***
Total pot $665.56
Board [9c 8h Ts Td 7c]
Seat 6: c8b53980(big blind) showed [9h Jd] and lost with Jacks-High Straight
Seat 2: Hero(small blind) showed [Js Qd] and won ($665.56) with Queens-High Straight



Poker Hand #ring_842831450: NLH No Limit ($1/$2) - 2025/04/26 00:17:47
Table 'MR NLH 1/2' 7-max Seat #4 is the button
Seat 4: a0587669 ($289.08 in chips)
Seat 6: c8b53980 ($733.26 in chips)
Seat 2: Hero ($331.78 in chips)
c8b53980: posts small blind $1
Hero: posts big blind $2
*** HOLE CARDS ***
Dealt to a0587669 
Dealt to c8b53980 
Dealt to Hero [Th 3d]
a0587669: folds
c8b53980: folds
*** SHOWDOWN ***
Hero collected $3 from pot
*** SUMMARY ***
Total pot $3
Seat 4: a0587669 folded before Flop (didn't bet)
Seat 6: c8b53980(small blind) folded before Flop
Seat 2: Hero(big blind)won ($3)



Poker Hand #ring_842830964: NLH No Limit ($1/$2) - 2025/04/26 00:17:31
Table 'MR NLH 1/2' 7-max Seat #0 is the button
Seat 4: a0587669 ($290.08 in chips)
Seat 6: c8b53980 ($735.26 in chips)
Seat 2: Hero ($328.78 in chips)
a0587669: posts small blind $1
c8b53980: posts big blind $2
*** HOLE CARDS ***
Dealt to a0587669 
Dealt to c8b53980 
Dealt to Hero [Ah 6h]
Hero: raises $3 to $5
a0587669: folds
c8b53980: folds
Uncalled bet ($3) returned to Hero
*** SHOWDOWN ***
Hero collected $5 from pot
*** SUMMARY ***
Total pot $5
Seat 4: a0587669(small blind) folded before Flop
Seat 6: c8b53980(big blind) folded before Flop
Seat 2: Herowon ($5)



Poker Hand #ring_842828802: NLH No Limit ($1/$2) - 2025/04/26 00:16:16
Table 'MR NLH 1/2' 7-max Seat #2 is the button
Seat 5: 13a5c92d ($231.03 in chips)
Seat 4: a0587669 ($292.08 in chips)
Seat 6: c8b53980 ($536.53 in chips)
Seat 3: 8e78e374 ($216.83 in chips)
Seat 2: Hero ($328.78 in chips)
8e78e374: posts small blind $1
a0587669: posts big blind $2
*** HOLE CARDS ***
Dealt to 13a5c92d 
Dealt to a0587669 
Dealt to c8b53980 
Dealt to 8e78e374 
Dealt to Hero [Ts 2c]
13a5c92d: folds
c8b53980: raises $4 to $6
Hero: folds
8e78e374: raises $10.5 to $16.5
a0587669: folds
c8b53980: calls $10.5
*** FLOP *** [3d 9d 4c]
8e78e374: bets $17.5
c8b53980: calls $17.5
*** TURN *** [3d 9d 4c] [2s]
8e78e374: bets $70
c8b53980: raises $432.53 to $502.53 and is all-in
8e78e374: calls $112.83 and is all-in
Uncalled bet ($319.7) returned to c8b53980
8e78e374: shows [Qd Qh]
c8b53980: shows [5c Ac]
*** RIVER *** [3d 9d 4c 2s] [Qc]
*** SHOWDOWN ***
c8b53980 collected $435.66 from pot
*** SUMMARY ***
Total pot $435.66
Board [3d 9d 4c 2s Qc]
Seat 5: 13a5c92d folded before Flop (didn't bet)
Seat 4: a0587669(big blind) folded before Flop
Seat 6: c8b53980 showed [5c Ac] and won ($435.66) with Fives-High Straight
Seat 3: 8e78e374(small blind) showed [Qd Qh] and lost with Three Queens
Seat 2: Hero folded before Flop (didn't bet)



Poker Hand #ring_842828126: NLH No Limit ($1/$2) - 2025/04/26 00:15:52
Table 'MR NLH 1/2' 7-max Seat #6 is the button
Seat 5: 13a5c92d ($236.03 in chips)
Seat 4: a0587669 ($292.08 in chips)
Seat 6: c8b53980 ($528.53 in chips)
Seat 3: 8e78e374 ($218.83 in chips)
Seat 2: Hero ($329.78 in chips)
Hero: posts small blind $1
8e78e374: posts big blind $2
*** HOLE CARDS ***
Dealt to 13a5c92d 
Dealt to a0587669 
Dealt to c8b53980 
Dealt to 8e78e374 
Dealt to Hero [Ad 6d]
a0587669: folds
13a5c92d: raises $3 to $5
c8b53980: raises $17 to $22
Hero: folds
8e78e374: folds
13a5c92d: folds
Uncalled bet ($17) returned to c8b53980
*** SHOWDOWN ***
c8b53980 collected $13 from pot
*** SUMMARY ***
Total pot $13
Seat 5: 13a5c92d folded before Flop
Seat 4: a0587669 folded before Flop (didn't bet)
Seat 6: c8b53980won ($13)
Seat 3: 8e78e374(big blind) folded before Flop
Seat 2: Hero(small blind) folded before Flop



Poker Hand #ring_842827446: NLH No Limit ($1/$2) - 2025/04/26 00:15:29
Table 'MR NLH 1/2' 7-max Seat #5 is the button
Seat 5: 13a5c92d ($236.03 in chips)
Seat 4: a0587669 ($289.08 in chips)
Seat 6: c8b53980 ($529.53 in chips)
Seat 3: 8e78e374 ($218.83 in chips)
Seat 2: Hero ($331.78 in chips)
c8b53980: posts small blind $1
Hero: posts big blind $2
*** HOLE CARDS ***
Dealt to 13a5c92d 
Dealt to a0587669 
Dealt to c8b53980 
Dealt to 8e78e374 
Dealt to Hero [3h 4s]
8e78e374: folds
a0587669: raises $3 to $5
13a5c92d: folds
c8b53980: folds
Hero: folds
Uncalled bet ($3) returned to a0587669
*** SHOWDOWN ***
a0587669 collected $5 from pot
*** SUMMARY ***
Total pot $5
Seat 5: 13a5c92d folded before Flop (didn't bet)
Seat 4: a0587669won ($5)
Seat 6: c8b53980(small blind) folded before Flop
Seat 3: 8e78e374 folded before Flop (didn't bet)
Seat 2: Hero(big blind) folded before Flop



Poker Hand #ring_842827005: NLH No Limit ($1/$2) - 2025/04/26 00:15:13
Table 'MR NLH 1/2' 7-max Seat #4 is the button
Seat 5: 13a5c92d ($237.03 in chips)
Seat 4: a0587669 ($289.08 in chips)
Seat 6: c8b53980 ($528.53 in chips)
Seat 3: 8e78e374 ($218.83 in chips)
Seat 2: Hero ($331.78 in chips)
13a5c92d: posts small blind $1
c8b53980: posts big blind $2
*** HOLE CARDS ***
Dealt to 13a5c92d 
Dealt to a0587669 
Dealt to c8b53980 
Dealt to 8e78e374 
Dealt to Hero [3d Qh]
Hero: folds
8e78e374: folds
a0587669: folds
13a5c92d: folds
*** SHOWDOWN ***
c8b53980 collected $3 from pot
*** SUMMARY ***
Total pot $3
Seat 5: 13a5c92d(small blind) folded before Flop
Seat 4: a0587669 folded before Flop (didn't bet)
Seat 6: c8b53980(big blind)won ($3)
Seat 3: 8e78e374 folded before Flop (didn't bet)
Seat 2: Hero folded before Flop (didn't bet)



Poker Hand #ring_842825688: NLH No Limit ($1/$2) - 2025/04/26 00:14:27
Table 'MR NLH 1/2' 7-max Seat #3 is the button
Seat 5: 13a5c92d ($231.03 in chips)
Seat 4: a0587669 ($295.08 in chips)
Seat 6: c8b53980 ($528.53 in chips)
Seat 3: 8e78e374 ($218.83 in chips)
Seat 2: Hero ($331.78 in chips)
a0587669: posts small blind $1
13a5c92d: posts big blind $2
*** HOLE CARDS ***
Dealt to 13a5c92d 
Dealt to a0587669 
Dealt to c8b53980 
Dealt to 8e78e374 
Dealt to Hero [3c Jd]
c8b53980: folds
Hero: folds
8e78e374: folds
a0587669: raises $4 to $6
13a5c92d: raises $12 to $18
a0587669: folds
Uncalled bet ($12) returned to 13a5c92d
*** SHOWDOWN ***
13a5c92d collected $12 from pot
*** SUMMARY ***
Total pot $12
Seat 5: 13a5c92d(big blind)won ($12)
Seat 4: a0587669(small blind) folded before Flop
Seat 6: c8b53980 folded before Flop (didn't bet)
Seat 3: 8e78e374 folded before Flop (didn't bet)
Seat 2: Hero folded before Flop (didn't bet)



Poker Hand #ring_842824274: NLH No Limit ($1/$2) - 2025/04/26 00:13:37
Table 'MR NLH 1/2' 7-max Seat #2 is the button
Seat 5: 13a5c92d ($231.03 in chips)
Seat 4: a0587669 ($293.26 in chips)
Seat 6: c8b53980 ($528.53 in chips)
Seat 3: 8e78e374 ($220.83 in chips)
Seat 2: Hero ($331.78 in chips)
8e78e374: posts small blind $1
a0587669: posts big blind $2
*** HOLE CARDS ***
Dealt to 13a5c92d 
Dealt to a0587669 
Dealt to c8b53980 
Dealt to 8e78e374 
Dealt to Hero [9d 5s]
13a5c92d: folds
c8b53980: folds
Hero: folds
8e78e374: calls $1
a0587669: checks
*** FLOP *** [4h 3h 9s]
8e78e374: checks
a0587669: checks
*** TURN *** [4h 3h 9s] [Qh]
8e78e374: checks
a0587669: bets $2
8e78e374: folds
Uncalled bet ($2) returned to a0587669
*** SHOWDOWN ***
a0587669 collected $4 from pot
*** SUMMARY ***
Total pot $4
Board [4h 3h 9s Qh]
Seat 5: 13a5c92d folded before Flop (didn't bet)
Seat 4: a0587669(big blind)won ($4) with King-High
Seat 6: c8b53980 folded before Flop (didn't bet)
Seat 3: 8e78e374(small blind) folded on the Turn
Seat 2: Hero folded before Flop (didn't bet)



Poker Hand #ring_842823298: NLH No Limit ($1/$2) - 2025/04/26 00:13:04
Table 'MR NLH 1/2' 7-max Seat #6 is the button
Seat 5: 13a5c92d ($231.03 in chips)
Seat 4: a0587669 ($293.26 in chips)
Seat 6: c8b53980 ($528.53 in chips)
Seat 3: 8e78e374 ($219.01 in chips)
Seat 2: Hero ($333.78 in chips)
Hero: posts small blind $1
8e78e374: posts big blind $2
*** HOLE CARDS ***
Dealt to 13a5c92d 
Dealt to a0587669 
Dealt to c8b53980 
Dealt to 8e78e374 
Dealt to Hero [Qc 5d]
a0587669: folds
13a5c92d: folds
c8b53980: folds
Hero: calls $1
8e78e374: checks
*** FLOP *** [6h Jd Jh]
Hero: checks
8e78e374: bets $2
Hero: folds
Uncalled bet ($2) returned to 8e78e374
*** SHOWDOWN ***
8e78e374 collected $4 from pot
*** SUMMARY ***
Total pot $4
Board [6h Jd Jh]
Seat 5: 13a5c92d folded before Flop (didn't bet)
Seat 4: a0587669 folded before Flop (didn't bet)
Seat 6: c8b53980 folded before Flop (didn't bet)
Seat 3: 8e78e374(big blind)won ($4) with Jacks Full over Sixes
Seat 2: Hero(small blind) folded on the Flop



Poker Hand #ring_842821931: NLH No Limit ($1/$2) - 2025/04/26 00:12:15
Table 'MR NLH 1/2' 7-max Seat #5 is the button
Seat 5: 13a5c92d ($231.03 in chips)
Seat 4: a0587669 ($293.26 in chips)
Seat 6: c8b53980 ($529.53 in chips)
Seat 3: 8e78e374 ($216.23 in chips)
Seat 2: Hero ($335.78 in chips)
c8b53980: posts small blind $1
Hero: posts big blind $2
*** HOLE CARDS ***
Dealt to 13a5c92d 
Dealt to a0587669 
Dealt to c8b53980 
Dealt to 8e78e374 
Dealt to Hero [Jc 4d]
8e78e374: calls $2
a0587669: folds
13a5c92d: folds
c8b53980: folds
Hero: checks
*** FLOP *** [Kd Th Kh]
Hero: checks
8e78e374: bets $2.5
Hero: folds
Uncalled bet ($2.5) returned to 8e78e374
*** SHOWDOWN ***
8e78e374 collected $5 from pot
*** SUMMARY ***
Total pot $5
Board [Kd Th Kh]
Seat 5: 13a5c92d folded before Flop (didn't bet)
Seat 4: a0587669 folded before Flop (didn't bet)
Seat 6: c8b53980(small blind) folded before Flop
Seat 3: 8e78e374won ($5) with Pair of Kings
Seat 2: Hero(big blind) folded on the Flop



Poker Hand #ring_842820664: NLH No Limit ($1/$2) - 2025/04/26 00:11:31
Table 'MR NLH 1/2' 7-max Seat #4 is the button
Seat 5: 13a5c92d ($232.03 in chips)
Seat 4: a0587669 ($293.26 in chips)
Seat 6: c8b53980 ($524.02 in chips)
Seat 3: 8e78e374 ($216.23 in chips)
Seat 2: Hero ($340.78 in chips)
13a5c92d: posts small blind $1
c8b53980: posts big blind $2
*** HOLE CARDS ***
Dealt to 13a5c92d 
Dealt to a0587669 
Dealt to c8b53980 
Dealt to 8e78e374 
Dealt to Hero [Js Ac]
Hero: raises $3 to $5
8e78e374: folds
a0587669: folds
13a5c92d: folds
c8b53980: calls $3
*** FLOP *** [Kc 9s 2d]
c8b53980: checks
Hero: checks
*** TURN *** [Kc 9s 2d] [3d]
c8b53980: bets $10
Hero: folds
Uncalled bet ($10) returned to c8b53980
*** SHOWDOWN ***
c8b53980 collected $11 from pot
*** SUMMARY ***
Total pot $11
Board [Kc 9s 2d 3d]
Seat 5: 13a5c92d(small blind) folded before Flop
Seat 4: a0587669 folded before Flop (didn't bet)
Seat 6: c8b53980(big blind)won ($11) with King-High
Seat 3: 8e78e374 folded before Flop (didn't bet)
Seat 2: Hero folded on the Turn



Poker Hand #ring_842820004: NLH No Limit ($1/$2) - 2025/04/26 00:11:07
Table 'MR NLH 1/2' 7-max Seat #3 is the button
Seat 5: 13a5c92d ($234.03 in chips)
Seat 4: a0587669 ($294.26 in chips)
Seat 6: c8b53980 ($521.02 in chips)
Seat 3: 8e78e374 ($216.23 in chips)
Seat 2: Hero ($340.78 in chips)
a0587669: posts small blind $1
13a5c92d: posts big blind $2
*** HOLE CARDS ***
Dealt to 13a5c92d 
Dealt to a0587669 
Dealt to c8b53980 
Dealt to 8e78e374 
Dealt to Hero [8d Js]
c8b53980: raises $4 to $6
Hero: folds
8e78e374: folds
a0587669: folds
13a5c92d: folds
Uncalled bet ($4) returned to c8b53980
*** SHOWDOWN ***
c8b53980 collected $5 from pot
*** SUMMARY ***
Total pot $5
Seat 5: 13a5c92d(big blind) folded before Flop
Seat 4: a0587669(small blind) folded before Flop
Seat 6: c8b53980won ($5)
Seat 3: 8e78e374 folded before Flop (didn't bet)
Seat 2: Hero folded before Flop (didn't bet)



Poker Hand #ring_842817649: NLH No Limit ($1/$2) - 2025/04/26 00:09:43
Table 'MR NLH 1/2' 7-max Seat #2 is the button
Seat 4: a0587669 ($296.26 in chips)
Seat 6: c8b53980 ($537.02 in chips)
Seat 3: 8e78e374 ($232.23 in chips)
Seat 2: Hero ($309.53 in chips)
8e78e374: posts small blind $1
a0587669: posts big blind $2
*** HOLE CARDS ***
Dealt to a0587669 
Dealt to c8b53980 
Dealt to 8e78e374 
Dealt to Hero [Ad Jh]
c8b53980: raises $4 to $6
Hero: calls $6
8e78e374: calls $5
a0587669: folds
*** FLOP *** [7d 8h 5s]
8e78e374: checks
c8b53980: checks
Hero: checks
*** TURN *** [7d 8h 5s] [As]
8e78e374: bets $10
c8b53980: calls $10
Hero: calls $10
*** RIVER *** [7d 8h 5s As] [5c]
8e78e374: checks
c8b53980: checks
Hero: bets $15
8e78e374: folds
c8b53980: folds
Uncalled bet ($15) returned to Hero
*** SHOWDOWN ***
Hero collected $50 from pot
*** SUMMARY ***
Total pot $50
Board [7d 8h 5s As 5c]
Seat 4: a0587669(big blind) folded before Flop
Seat 6: c8b53980 folded on the River
Seat 3: 8e78e374(small blind) folded on the River
Seat 2: Herowon ($50) with Pair of Aces and Pair of Fives



Poker Hand #ring_842816231: NLH No Limit ($1/$2) - 2025/04/26 00:08:53
Table 'MR NLH 1/2' 7-max Seat #6 is the button
Seat 4: a0587669 ($296.26 in chips)
Seat 6: c8b53980 ($537.02 in chips)
Seat 3: 8e78e374 ($225.82 in chips)
Seat 2: Hero ($316.57 in chips)
Hero: posts small blind $1
8e78e374: posts big blind $2
*** HOLE CARDS ***
Dealt to a0587669 
Dealt to c8b53980 
Dealt to 8e78e374 
Dealt to Hero [Kd 2s]
a0587669: folds
c8b53980: folds
Hero: raises $2.4 to $4.4
8e78e374: calls $2.4
*** FLOP *** [6c 3s 6h]
Hero: checks
8e78e374: checks
*** TURN *** [6c 3s 6h] [2h]
Hero: bets $2.64
8e78e374: raises $7.04 to $9.68
Hero: folds
Uncalled bet ($7.04) returned to 8e78e374
*** SHOWDOWN ***
8e78e374 collected $14.08 from pot
*** SUMMARY ***
Total pot $14.08
Board [6c 3s 6h 2h]
Seat 4: a0587669 folded before Flop (didn't bet)
Seat 6: c8b53980 folded before Flop (didn't bet)
Seat 3: 8e78e374(big blind)won ($14.08) with Three Sixes
Seat 2: Hero(small blind) folded on the Turn



Poker Hand #ring_842815531: NLH No Limit ($1/$2) - 2025/04/26 00:08:28
Table 'MR NLH 1/2' 7-max Seat #4 is the button
Seat 4: a0587669 ($301.26 in chips)
Seat 6: c8b53980 ($530.02 in chips)
Seat 3: 8e78e374 ($225.82 in chips)
Seat 2: Hero ($318.57 in chips)
c8b53980: posts small blind $1
Hero: posts big blind $2
*** HOLE CARDS ***
Dealt to a0587669 
Dealt to c8b53980 
Dealt to 8e78e374 
Dealt to Hero [7d Js]
8e78e374: folds
a0587669: raises $3 to $5
c8b53980: raises $18 to $23
Hero: folds
a0587669: folds
Uncalled bet ($18) returned to c8b53980
*** SHOWDOWN ***
c8b53980 collected $12 from pot
*** SUMMARY ***
Total pot $12
Seat 4: a0587669 folded before Flop
Seat 6: c8b53980(small blind)won ($12)
Seat 3: 8e78e374 folded before Flop (didn't bet)
Seat 2: Hero(big blind) folded before Flop



Poker Hand #ring_842814274: NLH No Limit ($1/$2) - 2025/04/26 00:07:46
Table 'MR NLH 1/2' 7-max Seat #3 is the button
Seat 4: a0587669 ($302.26 in chips)
Seat 6: c8b53980 ($524.51 in chips)
Seat 3: 8e78e374 ($225.82 in chips)
Seat 2: Hero ($323.57 in chips)
a0587669: posts small blind $1
c8b53980: posts big blind $2
*** HOLE CARDS ***
Dealt to a0587669 
Dealt to c8b53980 
Dealt to 8e78e374 
Dealt to Hero [Td Ac]
Hero: raises $3 to $5
8e78e374: folds
a0587669: folds
c8b53980: calls $3
*** FLOP *** [Jd 6s 2h]
c8b53980: checks
Hero: checks
*** TURN *** [Jd 6s 2h] [3c]
c8b53980: bets $7.26
Hero: folds
Uncalled bet ($7.26) returned to c8b53980
*** SHOWDOWN ***
c8b53980 collected $11 from pot
*** SUMMARY ***
Total pot $11
Board [Jd 6s 2h 3c]
Seat 4: a0587669(small blind) folded before Flop
Seat 6: c8b53980(big blind)won ($11) with Pair of Jacks
Seat 3: 8e78e374 folded before Flop (didn't bet)
Seat 2: Hero folded on the Turn



Poker Hand #ring_842812862: NLH No Limit ($1/$2) - 2025/04/26 00:06:57
Table 'MR NLH 1/2' 7-max Seat #2 is the button
Seat 4: a0587669 ($269.73 in chips)
Seat 6: c8b53980 ($554.51 in chips)
Seat 3: 8e78e374 ($231.82 in chips)
Seat 2: Hero ($323.57 in chips)
8e78e374: posts small blind $1
a0587669: posts big blind $2
*** HOLE CARDS ***
Dealt to a0587669 
Dealt to c8b53980 
Dealt to 8e78e374 
Dealt to Hero [Kc 4c]
c8b53980: raises $4 to $6
Hero: folds
8e78e374: calls $5
a0587669: raises $24 to $30
c8b53980: calls $24
8e78e374: folds
*** FLOP *** [Kd 9d Qs]
a0587669: bets $33
c8b53980: folds
Uncalled bet ($33) returned to a0587669
*** SHOWDOWN ***
a0587669 collected $66 from pot
*** SUMMARY ***
Total pot $66
Board [Kd 9d Qs]
Seat 4: a0587669(big blind)won ($66) with Pair of Kings
Seat 6: c8b53980 folded on the Flop
Seat 3: 8e78e374(small blind) folded before Flop
Seat 2: Hero folded before Flop (didn't bet)



Poker Hand #ring_842812368: NLH No Limit ($1/$2) - 2025/04/26 00:06:39
Table 'MR NLH 1/2' 7-max Seat #6 is the button
Seat 4: a0587669 ($269.73 in chips)
Seat 6: c8b53980 ($554.51 in chips)
Seat 3: 8e78e374 ($230.82 in chips)
Seat 2: Hero ($324.57 in chips)
Hero: posts small blind $1
8e78e374: posts big blind $2
*** HOLE CARDS ***
Dealt to a0587669 
Dealt to c8b53980 
Dealt to 8e78e374 
Dealt to Hero [2h 5s]
a0587669: folds
c8b53980: folds
Hero: folds
*** SHOWDOWN ***
8e78e374 collected $3 from pot
*** SUMMARY ***
Total pot $3
Seat 4: a0587669 folded before Flop (didn't bet)
Seat 6: c8b53980 folded before Flop (didn't bet)
Seat 3: 8e78e374(big blind)won ($3)
Seat 2: Hero(small blind) folded before Flop



Poker Hand #ring_842811154: NLH No Limit ($1/$2) - 2025/04/26 00:05:55
Table 'MR NLH 1/2' 7-max Seat #4 is the button
Seat 4: a0587669 ($264.22 in chips)
Seat 6: c8b53980 ($555.51 in chips)
Seat 3: 8e78e374 ($230.82 in chips)
Seat 2: Hero ($329.57 in chips)
c8b53980: posts small blind $1
Hero: posts big blind $2
*** HOLE CARDS ***
Dealt to a0587669 
Dealt to c8b53980 
Dealt to 8e78e374 
Dealt to Hero [3c 3d]
8e78e374: folds
a0587669: raises $3 to $5
c8b53980: folds
Hero: calls $3
*** FLOP *** [Th 5c Ah]
Hero: checks
a0587669: bets $3.63
Hero: folds
Uncalled bet ($3.63) returned to a0587669
*** SHOWDOWN ***
a0587669 collected $11 from pot
*** SUMMARY ***
Total pot $11
Board [Th 5c Ah]
Seat 4: a0587669won ($11) with Ace-High
Seat 6: c8b53980(small blind) folded before Flop
Seat 3: 8e78e374 folded before Flop (didn't bet)
Seat 2: Hero(big blind) folded on the Flop



Poker Hand #ring_842810396: NLH No Limit ($1/$2) - 2025/04/26 00:05:28
Table 'MR NLH 1/2' 7-max Seat #3 is the button
Seat 7: 4318023e ($234.03 in chips)
Seat 4: a0587669 ($265.22 in chips)
Seat 6: c8b53980 ($557.51 in chips)
Seat 3: 8e78e374 ($227.82 in chips)
Seat 2: Hero ($329.57 in chips)
a0587669: posts small blind $1
c8b53980: posts big blind $2
*** HOLE CARDS ***
Dealt to 4318023e 
Dealt to a0587669 
Dealt to c8b53980 
Dealt to 8e78e374 
Dealt to Hero [4h Jd]
4318023e: folds
Hero: folds
8e78e374: raises $4 to $6
a0587669: folds
c8b53980: folds
Uncalled bet ($4) returned to 8e78e374
*** SHOWDOWN ***
8e78e374 collected $5 from pot
*** SUMMARY ***
Total pot $5
Seat 7: 4318023e folded before Flop (didn't bet)
Seat 4: a0587669(small blind) folded before Flop
Seat 6: c8b53980(big blind) folded before Flop
Seat 3: 8e78e374won ($5)
Seat 2: Hero folded before Flop (didn't bet)



Poker Hand #ring_842809292: NLH No Limit ($1/$2) - 2025/04/26 00:04:48
Table 'MR NLH 1/2' 7-max Seat #2 is the button
Seat 7: 4318023e ($234.03 in chips)
Seat 4: a0587669 ($271.22 in chips)
Seat 6: c8b53980 ($557.51 in chips)
Seat 3: 8e78e374 ($222.36 in chips)
Seat 2: Hero ($329.57 in chips)
Seat 5: ff40808d ($376 in chips)
8e78e374: posts small blind $1
a0587669: posts big blind $2
*** HOLE CARDS ***
Dealt to 4318023e 
Dealt to a0587669 
Dealt to c8b53980 
Dealt to 8e78e374 
Dealt to Hero [2s 9d]
Dealt to ff40808d 
ff40808d: folds
c8b53980: folds
4318023e: folds
Hero: folds
8e78e374: raises $4 to $6
a0587669: calls $4
*** FLOP *** [2c Ad 6c]
8e78e374: bets $6
a0587669: folds
Uncalled bet ($6) returned to 8e78e374
*** SHOWDOWN ***
8e78e374 collected $12 from pot
*** SUMMARY ***
Total pot $12
Board [2c Ad 6c]
Seat 7: 4318023e folded before Flop (didn't bet)
Seat 4: a0587669(big blind) folded on the Flop
Seat 6: c8b53980 folded before Flop (didn't bet)
Seat 3: 8e78e374(small blind)won ($12) with Pair of Queens
Seat 2: Hero folded before Flop (didn't bet)
Seat 5: ff40808d folded before Flop (didn't bet)



Poker Hand #ring_842808742: NLH No Limit ($1/$2) - 2025/04/26 00:04:29
Table 'MR NLH 1/2' 7-max Seat #7 is the button
Seat 7: 4318023e ($234.03 in chips)
Seat 4: a0587669 ($271.22 in chips)
Seat 6: c8b53980 ($557.51 in chips)
Seat 3: 8e78e374 ($221.36 in chips)
Seat 2: Hero ($330.57 in chips)
Seat 5: ff40808d ($376 in chips)
Hero: posts small blind $1
8e78e374: posts big blind $2
*** HOLE CARDS ***
Dealt to 4318023e 
Dealt to a0587669 
Dealt to c8b53980 
Dealt to 8e78e374 
Dealt to Hero [2s Kc]
Dealt to ff40808d 
a0587669: folds
ff40808d: folds
c8b53980: folds
4318023e: folds
Hero: folds
*** SHOWDOWN ***
8e78e374 collected $3 from pot
*** SUMMARY ***
Total pot $3
Seat 7: 4318023e folded before Flop (didn't bet)
Seat 4: a0587669 folded before Flop (didn't bet)
Seat 6: c8b53980 folded before Flop (didn't bet)
Seat 3: 8e78e374(big blind)won ($3)
Seat 2: Hero(small blind) folded before Flop
Seat 5: ff40808d folded before Flop (didn't bet)



Poker Hand #ring_842807514: NLH No Limit ($1/$2) - 2025/04/26 00:03:47
Table 'MR NLH 1/2' 7-max Seat #6 is the button
Seat 7: 4318023e ($235.03 in chips)
Seat 4: a0587669 ($271.22 in chips)
Seat 6: c8b53980 ($554.51 in chips)
Seat 3: 8e78e374 ($221.36 in chips)
Seat 2: Hero ($332.57 in chips)
Seat 5: ff40808d ($376 in chips)
4318023e: posts small blind $1
Hero: posts big blind $2
*** HOLE CARDS ***
Dealt to 4318023e 
Dealt to a0587669 
Dealt to c8b53980 
Dealt to 8e78e374 
Dealt to Hero [7d 3h]
Dealt to ff40808d 
8e78e374: folds
a0587669: folds
ff40808d: folds
c8b53980: raises $4 to $6
4318023e: folds
Hero: folds
Uncalled bet ($4) returned to c8b53980
*** SHOWDOWN ***
c8b53980 collected $5 from pot
*** SUMMARY ***
Total pot $5
Seat 7: 4318023e(small blind) folded before Flop
Seat 4: a0587669 folded before Flop (didn't bet)
Seat 6: c8b53980won ($5)
Seat 3: 8e78e374 folded before Flop (didn't bet)
Seat 2: Hero(big blind) folded before Flop
Seat 5: ff40808d folded before Flop (didn't bet)



Poker Hand #ring_842806620: NLH No Limit ($1/$2) - 2025/04/26 00:03:15
Table 'MR NLH 1/2' 7-max Seat #5 is the button
Seat 7: 4318023e ($232.03 in chips)
Seat 4: a0587669 ($271.22 in chips)
Seat 6: c8b53980 ($555.51 in chips)
Seat 3: 8e78e374 ($223.36 in chips)
Seat 2: Hero ($332.57 in chips)
Seat 5: ff40808d ($376 in chips)
c8b53980: posts small blind $1
4318023e: posts big blind $2
*** HOLE CARDS ***
Dealt to 4318023e 
Dealt to a0587669 
Dealt to c8b53980 
Dealt to 8e78e374 
Dealt to Hero [4h Ad]
Dealt to ff40808d 
Hero: folds
8e78e374: calls $2
a0587669: folds
ff40808d: folds
c8b53980: folds
4318023e: raises $4 to $6
8e78e374: folds
Uncalled bet ($4) returned to 4318023e
*** SHOWDOWN ***
4318023e collected $5 from pot
*** SUMMARY ***
Total pot $5
Seat 7: 4318023e(big blind)won ($5)
Seat 4: a0587669 folded before Flop (didn't bet)
Seat 6: c8b53980(small blind) folded before Flop
Seat 3: 8e78e374 folded before Flop
Seat 2: Hero folded before Flop (didn't bet)
Seat 5: ff40808d folded before Flop (didn't bet)



Poker Hand #ring_842804980: NLH No Limit ($1/$2) - 2025/04/26 00:02:17
Table 'MR NLH 1/2' 7-max Seat #4 is the button
Seat 4: a0587669 ($271.22 in chips)
Seat 6: c8b53980 ($518.2 in chips)
Seat 3: 8e78e374 ($263.86 in chips)
Seat 2: Hero ($332.57 in chips)
Seat 5: ff40808d ($377 in chips)
ff40808d: posts small blind $1
c8b53980: posts big blind $2
*** HOLE CARDS ***
Dealt to a0587669 
Dealt to c8b53980 
Dealt to 8e78e374 
Dealt to Hero [Js 5h]
Dealt to ff40808d 
Hero: folds
8e78e374: raises $4 to $6
a0587669: folds
ff40808d: folds
c8b53980: calls $4
*** FLOP *** [Ah 6c Jh]
c8b53980: checks
8e78e374: bets $6.5
c8b53980: calls $6.5
*** TURN *** [Ah 6c Jh] [5d]
c8b53980: checks
8e78e374: checks
*** RIVER *** [Ah 6c Jh 5d] [Qs]
c8b53980: bets $28
8e78e374: calls $28
8e78e374: shows [9h Ac]
c8b53980: shows [Ad 5c]
*** SHOWDOWN ***
c8b53980 collected $82 from pot
*** SUMMARY ***
Total pot $82
Board [Ah 6c Jh 5d Qs]
Seat 4: a0587669 folded before Flop (didn't bet)
Seat 6: c8b53980(big blind) showed [Ad 5c] and won ($82) with Pair of Aces and Pair of Fives
Seat 3: 8e78e374 showed [9h Ac] and lost with Pair of Aces
Seat 2: Hero folded before Flop (didn't bet)
Seat 5: ff40808d(small blind) folded before Flop



Poker Hand #ring_842804262: NLH No Limit ($1/$2) - 2025/04/26 00:01:52
Table 'MR NLH 1/2' 7-max Seat #3 is the button
Seat 4: a0587669 ($269.22 in chips)
Seat 6: c8b53980 ($518.2 in chips)
Seat 3: 8e78e374 ($263.86 in chips)
Seat 2: Hero ($332.57 in chips)
Seat 5: ff40808d ($379 in chips)
a0587669: posts small blind $1
ff40808d: posts big blind $2
*** HOLE CARDS ***
Dealt to a0587669 
Dealt to c8b53980 
Dealt to 8e78e374 
Dealt to Hero [8c 5s]
Dealt to ff40808d 
c8b53980: folds
Hero: folds
8e78e374: folds
a0587669: raises $4 to $6
ff40808d: folds
Uncalled bet ($4) returned to a0587669
*** SHOWDOWN ***
a0587669 collected $4 from pot
*** SUMMARY ***
Total pot $4
Seat 4: a0587669(small blind)won ($4)
Seat 6: c8b53980 folded before Flop (didn't bet)
Seat 3: 8e78e374 folded before Flop (didn't bet)
Seat 2: Hero folded before Flop (didn't bet)
Seat 5: ff40808d(big blind) folded before Flop



Poker Hand #ring_842801917: NLH No Limit ($1/$2) - 2025/04/26 00:00:28
Table 'MR NLH 1/2' 7-max Seat #2 is the button
Seat 4: a0587669 ($288.14 in chips)
Seat 6: c8b53980 ($518.2 in chips)
Seat 1: 37c8f377 ($181.8 in chips)
Seat 3: 8e78e374 ($245.23 in chips)
Seat 2: Hero ($332.57 in chips)
Seat 5: ff40808d ($379 in chips)
8e78e374: posts small blind $1
a0587669: posts big blind $2
*** HOLE CARDS ***
Dealt to a0587669 
Dealt to c8b53980 
Dealt to 37c8f377 
Dealt to 8e78e374 
Dealt to Hero [5h 3s]
Dealt to ff40808d 
ff40808d: folds
c8b53980: folds
37c8f377: calls $2
Hero: folds
8e78e374: calls $1
a0587669: checks
*** FLOP *** [8h Kh 2c]
8e78e374: checks
a0587669: bets $3
37c8f377: folds
8e78e374: calls $3
*** TURN *** [8h Kh 2c] [8d]
8e78e374: checks
a0587669: bets $3.96
8e78e374: calls $3.96
*** RIVER *** [8h Kh 2c 8d] [7h]
8e78e374: bets $9.96
a0587669: calls $9.96
8e78e374: shows [9h 6h]
a0587669: shows [Ks 6c]
*** SHOWDOWN ***
8e78e374 collected $39.84 from pot
*** SUMMARY ***
Total pot $39.84
Board [8h Kh 2c 8d 7h]
Seat 4: a0587669(big blind) showed [Ks 6c] and lost with Pair of Kings and Pair of Eights
Seat 6: c8b53980 folded before Flop (didn't bet)
Seat 1: 37c8f377 folded on the Flop
Seat 3: 8e78e374(small blind) showed [9h 6h] and won ($39.84) with King High Flush
Seat 2: Hero folded before Flop (didn't bet)
Seat 5: ff40808d folded before Flop (didn't bet)



Poker Hand #ring_842800153: NLH No Limit ($1/$2) - 2025/04/25 23:59:26
Table 'MR NLH 1/2' 7-max Seat #1 is the button
Seat 4: a0587669 ($288.14 in chips)
Seat 6: c8b53980 ($518.2 in chips)
Seat 1: 37c8f377 ($189.8 in chips)
Seat 3: 8e78e374 ($236.04 in chips)
Seat 2: Hero ($334.57 in chips)
Seat 5: ff40808d ($379 in chips)
Hero: posts small blind $1
8e78e374: posts big blind $2
*** HOLE CARDS ***
Dealt to a0587669 
Dealt to c8b53980 
Dealt to 37c8f377 
Dealt to 8e78e374 
Dealt to Hero [Ah 9s]
Dealt to ff40808d 
a0587669: folds
ff40808d: folds
c8b53980: folds
37c8f377: calls $2
Hero: calls $1
8e78e374: checks
*** FLOP *** [4h Jc 8h]
Hero: checks
8e78e374: checks
37c8f377: checks
*** TURN *** [4h Jc 8h] [3d]
Hero: checks
8e78e374: bets $6
37c8f377: calls $6
Hero: folds
*** RIVER *** [4h Jc 8h 3d] [Kh]
8e78e374: checks
37c8f377: checks
37c8f377: shows [6d 6s]
8e78e374: shows [5c 8c]
*** SHOWDOWN ***
8e78e374 collected $18 from pot
*** SUMMARY ***
Total pot $18
Board [4h Jc 8h 3d Kh]
Seat 4: a0587669 folded before Flop (didn't bet)
Seat 6: c8b53980 folded before Flop (didn't bet)
Seat 1: 37c8f377 showed [6d 6s] and lost with Pair of Sixes
Seat 3: 8e78e374(big blind) showed [5c 8c] and won ($18) with Pair of Eights
Seat 2: Hero(small blind) folded on the Turn
Seat 5: ff40808d folded before Flop (didn't bet)



Poker Hand #ring_842798155: NLH No Limit ($1/$2) - 2025/04/25 23:58:16
Table 'MR NLH 1/2' 7-max Seat #0 is the button
Seat 4: a0587669 ($288.14 in chips)
Seat 6: c8b53980 ($530.14 in chips)
Seat 1: 37c8f377 ($300.24 in chips)
Seat 3: 8e78e374 ($236.04 in chips)
Seat 2: Hero ($223.16 in chips)
Seat 5: ff40808d ($379 in chips)
37c8f377: posts small blind $1
Hero: posts big blind $2
*** HOLE CARDS ***
Dealt to a0587669 
Dealt to c8b53980 
Dealt to 37c8f377 
Dealt to 8e78e374 
Dealt to Hero [7s As]
Dealt to ff40808d 
8e78e374: folds
a0587669: folds
ff40808d: folds
c8b53980: raises $4 to $6
37c8f377: calls $5
Hero: calls $4
*** FLOP *** [8s 8d Kc]
37c8f377: checks
Hero: checks
c8b53980: checks
*** TURN *** [8s 8d Kc] [3s]
37c8f377: bets $5.94
Hero: calls $5.94
c8b53980: calls $5.94
*** RIVER *** [8s 8d Kc 3s] [Js]
37c8f377: bets $26.86
Hero: raises $71.64 to $98.5
c8b53980: folds
37c8f377: calls $71.64
37c8f377: shows [Ks Qs]
Hero: shows [7s As]
*** SHOWDOWN ***
Hero collected $232.82 from pot
*** SUMMARY ***
Total pot $232.82
Board [8s 8d Kc 3s Js]
Seat 4: a0587669 folded before Flop (didn't bet)
Seat 6: c8b53980 folded on the River
Seat 1: 37c8f377(small blind) showed [Ks Qs] and lost with King High Flush
Seat 3: 8e78e374 folded before Flop (didn't bet)
Seat 2: Hero(big blind) showed [7s As] and won ($232.82) with Ace High Flush
Seat 5: ff40808d folded before Flop (didn't bet)



Poker Hand #ring_842795757: NLH No Limit ($1/$2) - 2025/04/25 23:56:54
Table 'MR NLH 1/2' 7-max Seat #6 is the button
Seat 4: a0587669 ($288.14 in chips)
Seat 6: c8b53980 ($484.23 in chips)
Seat 1: 37c8f377 ($325.12 in chips)
Seat 3: 8e78e374 ($236.04 in chips)
Seat 2: Hero ($248.04 in chips)
Seat 5: ff40808d ($379 in chips)
37c8f377: posts big blind $2
*** HOLE CARDS ***
Dealt to a0587669 
Dealt to c8b53980 
Dealt to 37c8f377 
Dealt to 8e78e374 
Dealt to Hero [As Th]
Dealt to ff40808d 
Hero: raises $3 to $5
8e78e374: folds
a0587669: folds
ff40808d: folds
c8b53980: calls $5
37c8f377: calls $3
*** FLOP *** [Qs Qh 8s]
37c8f377: checks
Hero: checks
c8b53980: checks
*** TURN *** [Qs Qh 8s] [8d]
37c8f377: bets $7.5
Hero: calls $7.5
c8b53980: calls $7.5
*** RIVER *** [Qs Qh 8s 8d] [Ts]
37c8f377: checks
Hero: checks
c8b53980: bets $12.38
37c8f377: calls $12.38
Hero: calls $12.38
37c8f377: shows [2s 4s]
Hero: shows [As Th]
c8b53980: shows [8h Kh]
*** SHOWDOWN ***
c8b53980 collected $74.64 from pot
*** SUMMARY ***
Total pot $74.64
Board [Qs Qh 8s 8d Ts]
Seat 4: a0587669 folded before Flop (didn't bet)
Seat 6: c8b53980 showed [8h Kh] and won ($74.64) with Eights Full over Queens
Seat 1: 37c8f377(big blind) showed [2s 4s] and lost with Queen High Flush
Seat 3: 8e78e374 folded before Flop (didn't bet)
Seat 2: Hero showed [As Th] and lost with Pair of Queens and Pair of Tens
Seat 5: ff40808d folded before Flop (didn't bet)



Poker Hand #ring_842794277: NLH No Limit ($1/$2) - 2025/04/25 23:56:02
Table 'MR NLH 1/2' 7-max Seat #5 is the button
Seat 4: a0587669 ($288.14 in chips)
Seat 6: c8b53980 ($485.23 in chips)
Seat 1: 37c8f377 ($412.58 in chips)
Seat 3: 8e78e374 ($236.04 in chips)
Seat 2: Hero ($87.46 in chips)
Seat 7: 457e5600 ($84.33 in chips)
Seat 5: ff40808d ($379 in chips)
c8b53980: posts small blind $1
457e5600: posts big blind $2
*** HOLE CARDS ***
Dealt to a0587669 
Dealt to c8b53980 
Dealt to 37c8f377 
Dealt to 8e78e374 
Dealt to Hero [Ah Th]
Dealt to 457e5600 
Dealt to ff40808d 
37c8f377: calls $2
Hero: raises $6 to $8
8e78e374: folds
a0587669: folds
ff40808d: folds
c8b53980: folds
457e5600: calls $6
37c8f377: calls $6
*** FLOP *** [Ts Ac 8c]
457e5600: bets $76.33 and is all-in
37c8f377: calls $76.33
Hero: raises $3.13 to $79.46 and is all-in
37c8f377: calls $3.13
37c8f377: shows [9h Td] (Pair of Tens)
Hero: shows [Ah Th] (Pair of Aces and Pair of Tens)
457e5600: shows [Qc 2c] (Ace-High)
*** TURN *** [Ts Ac 8c] [3d]
*** RIVER *** [Ts Ac 8c 3d] [Qs]
*** SHOWDOWN ***
Hero collected $253.99 from pot
Hero collected $6.26 from pot
*** SUMMARY ***
Total pot $260.25
Board [Ts Ac 8c 3d Qs]
Seat 4: a0587669 folded before Flop (didn't bet)
Seat 6: c8b53980(small blind) folded before Flop
Seat 1: 37c8f377 showed [9h Td] and lost with Pair of Tens
Seat 3: 8e78e374 folded before Flop (didn't bet)
Seat 2: Hero showed [Ah Th] and won ($253.99) with Pair of Aces and Pair of Tens
Seat 7: 457e5600(big blind) showed [Qc 2c] and lost with Pair of Queens
Seat 5: ff40808d folded before Flop (didn't bet)



Poker Hand #ring_842792511: NLH No Limit ($1/$2) - 2025/04/25 23:55:01
Table 'MR NLH 1/2' 7-max Seat #4 is the button
Seat 4: a0587669 ($288.14 in chips)
Seat 6: c8b53980 ($487.23 in chips)
Seat 1: 37c8f377 ($386.3 in chips)
Seat 3: 8e78e374 ($236.04 in chips)
Seat 2: Hero ($145.5 in chips)
Seat 7: 457e5600 ($58.04 in chips)
Seat 5: ff40808d ($380 in chips)
ff40808d: posts small blind $1
c8b53980: posts big blind $2
*** HOLE CARDS ***
Dealt to a0587669 
Dealt to c8b53980 
Dealt to 37c8f377 
Dealt to 8e78e374 
Dealt to Hero [Qh Kh]
Dealt to 457e5600 
Dealt to ff40808d 
457e5600: raises $6 to $8
37c8f377: calls $8
Hero: calls $8
8e78e374: folds
a0587669: folds
ff40808d: folds
c8b53980: folds
*** FLOP *** [Js Ks 7c]
457e5600: bets $8.91
37c8f377: calls $8.91
Hero: calls $8.91
*** TURN *** [Js Ks 7c] [Ts]
457e5600: bets $41.13 and is all-in
37c8f377: calls $41.13
Hero: calls $41.13
*** RIVER *** [Js Ks 7c Ts] [Qc]
37c8f377: checks
Hero: checks
37c8f377: shows [2d As]
Hero: shows [Qh Kh]
457e5600: shows [Kd Ah]
*** SHOWDOWN ***
37c8f377 collected $88.56 from pot
457e5600 collected $88.56 from pot
*** SUMMARY ***
Total pot $177.12
Board [Js Ks 7c Ts Qc]
Seat 4: a0587669 folded before Flop (didn't bet)
Seat 6: c8b53980(big blind) folded before Flop
Seat 1: 37c8f377 showed [2d As] and won ($88.56) with Aces-High Straight
Seat 3: 8e78e374 folded before Flop (didn't bet)
Seat 2: Hero showed [Qh Kh] and lost with Pair of Kings and Pair of Queens
Seat 7: 457e5600 showed [Kd Ah] and won ($88.56) with Aces-High Straight
Seat 5: ff40808d(small blind) folded before Flop



Poker Hand #ring_842789789: NLH No Limit ($1/$2) - 2025/04/25 23:53:29
Table 'MR NLH 1/2' 7-max Seat #3 is the button
Seat 4: a0587669 ($289.14 in chips)
Seat 6: c8b53980 ($516.08 in chips)
Seat 1: 37c8f377 ($258.6 in chips)
Seat 3: 8e78e374 ($236.04 in chips)
Seat 2: Hero ($145.5 in chips)
Seat 7: 457e5600 ($165.49 in chips)
Seat 5: ff40808d ($382 in chips)
a0587669: posts small blind $1
ff40808d: posts big blind $2
*** HOLE CARDS ***
Dealt to a0587669 
Dealt to c8b53980 
Dealt to 37c8f377 
Dealt to 8e78e374 
Dealt to Hero [7c Kh]
Dealt to 457e5600 
Dealt to ff40808d 
c8b53980: raises $3 to $5
457e5600: calls $5
37c8f377: calls $5
Hero: folds
8e78e374: folds
a0587669: folds
ff40808d: folds
*** FLOP *** [6c Kd 9s]
c8b53980: checks
457e5600: bets $9
37c8f377: calls $9
c8b53980: calls $9
*** TURN *** [6c Kd 9s] [Td]
c8b53980: checks
457e5600: bets $14.85
37c8f377: calls $14.85
c8b53980: calls $14.85
*** RIVER *** [6c Kd 9s Td] [6s]
c8b53980: checks
457e5600: bets $29.55
37c8f377: raises $49.05 to $78.6
c8b53980: folds
457e5600: calls $49.05
37c8f377: shows [Ks 6d]
457e5600: shows [8c Kc]
*** SHOWDOWN ***
37c8f377 collected $246.75 from pot
*** SUMMARY ***
Total pot $246.75
Board [6c Kd 9s Td 6s]
Seat 4: a0587669(small blind) folded before Flop
Seat 6: c8b53980 folded on the River
Seat 1: 37c8f377 showed [Ks 6d] and won ($246.75) with Sixes Full over Kings
Seat 3: 8e78e374 folded before Flop (didn't bet)
Seat 2: Hero folded before Flop (didn't bet)
Seat 7: 457e5600 showed [8c Kc] and lost with Pair of Kings and Pair of Sixes
Seat 5: ff40808d(big blind) folded before Flop



Poker Hand #ring_842787742: NLH No Limit ($1/$2) - 2025/04/25 23:52:19
Table 'MR NLH 1/2' 7-max Seat #2 is the button
Seat 4: a0587669 ($285.41 in chips)
Seat 6: c8b53980 ($516.08 in chips)
Seat 1: 37c8f377 ($260.6 in chips)
Seat 3: 8e78e374 ($238.04 in chips)
Seat 2: Hero ($145.5 in chips)
Seat 7: 457e5600 ($165.49 in chips)
Seat 5: ff40808d ($382 in chips)
8e78e374: posts small blind $1
a0587669: posts big blind $2
*** HOLE CARDS ***
Dealt to a0587669 
Dealt to c8b53980 
Dealt to 37c8f377 
Dealt to 8e78e374 
Dealt to Hero [9h 5c]
Dealt to 457e5600 
Dealt to ff40808d 
ff40808d: folds
c8b53980: folds
457e5600: folds
37c8f377: calls $2
Hero: folds
8e78e374: calls $1
a0587669: checks
*** FLOP *** [3h 3d 3s]
8e78e374: checks
a0587669: checks
37c8f377: checks
*** TURN *** [3h 3d 3s] [4s]
8e78e374: checks
a0587669: checks
37c8f377: checks
*** RIVER *** [3h 3d 3s 4s] [5s]
8e78e374: checks
a0587669: checks
37c8f377: checks
37c8f377: shows [Td Jd]
8e78e374: shows [Kc 8s]
a0587669: shows [2d 6h]
*** SHOWDOWN ***
a0587669 collected $6 from pot
*** SUMMARY ***
Total pot $6
Board [3h 3d 3s 4s 5s]
Seat 4: a0587669(big blind) showed [2d 6h] and won ($6) with Sixes-High Straight
Seat 6: c8b53980 folded before Flop (didn't bet)
Seat 1: 37c8f377 showed [Td Jd] and lost with Three Treys
Seat 3: 8e78e374(small blind) showed [Kc 8s] and lost with Three Treys
Seat 2: Hero folded before Flop (didn't bet)
Seat 7: 457e5600 folded before Flop (didn't bet)
Seat 5: ff40808d folded before Flop (didn't bet)



Poker Hand #ring_842786350: NLH No Limit ($1/$2) - 2025/04/25 23:51:32
Table 'MR NLH 1/2' 7-max Seat #1 is the button
Seat 4: a0587669 ($285.41 in chips)
Seat 6: c8b53980 ($516.08 in chips)
Seat 1: 37c8f377 ($256.87 in chips)
Seat 3: 8e78e374 ($240.04 in chips)
Seat 2: Hero ($147.5 in chips)
Seat 7: 457e5600 ($165.49 in chips)
Seat 5: ff40808d ($382 in chips)
Hero: posts small blind $1
8e78e374: posts big blind $2
*** HOLE CARDS ***
Dealt to a0587669 
Dealt to c8b53980 
Dealt to 37c8f377 
Dealt to 8e78e374 
Dealt to Hero [Qd 5d]
Dealt to 457e5600 
Dealt to ff40808d 
a0587669: folds
ff40808d: folds
c8b53980: folds
457e5600: folds
37c8f377: calls $2
Hero: calls $1
8e78e374: checks
*** FLOP *** [Tc 2s 2d]
Hero: checks
8e78e374: checks
37c8f377: bets $4.5
Hero: folds
8e78e374: folds
Uncalled bet ($4.5) returned to 37c8f377
*** SHOWDOWN ***
37c8f377 collected $6 from pot
*** SUMMARY ***
Total pot $6
Board [Tc 2s 2d]
Seat 4: a0587669 folded before Flop (didn't bet)
Seat 6: c8b53980 folded before Flop (didn't bet)
Seat 1: 37c8f377won ($6) with Pair of Twos
Seat 3: 8e78e374(big blind) folded on the Flop
Seat 2: Hero(small blind) folded on the Flop
Seat 7: 457e5600 folded before Flop (didn't bet)
Seat 5: ff40808d folded before Flop (didn't bet)



Poker Hand #ring_842784917: NLH No Limit ($1/$2) - 2025/04/25 23:50:43
Table 'MR NLH 1/2' 7-max Seat #7 is the button
Seat 4: a0587669 ($239.41 in chips)
Seat 6: c8b53980 ($516.08 in chips)
Seat 1: 37c8f377 ($262.87 in chips)
Seat 3: 8e78e374 ($240.04 in chips)
Seat 2: Hero ($149.5 in chips)
Seat 7: 457e5600 ($158.12 in chips)
Seat 5: ff40808d ($382 in chips)
37c8f377: posts small blind $1
Hero: posts big blind $2
*** HOLE CARDS ***
Dealt to a0587669 
Dealt to c8b53980 
Dealt to 37c8f377 
Dealt to 8e78e374 
Dealt to Hero [4c 8s]
Dealt to 457e5600 
Dealt to ff40808d 
8e78e374: folds
a0587669: folds
ff40808d: folds
c8b53980: folds
457e5600: raises $4 to $6
37c8f377: calls $5
Hero: folds
*** FLOP *** [Ks 3s 5c]
37c8f377: checks
457e5600: checks
*** TURN *** [Ks 3s 5c] [2c]
37c8f377: checks
457e5600: bets $7
37c8f377: folds
Uncalled bet ($7) returned to 457e5600
*** SHOWDOWN ***
457e5600 collected $14 from pot
*** SUMMARY ***
Total pot $14
Board [Ks 3s 5c 2c]
Seat 4: a0587669 folded before Flop (didn't bet)
Seat 6: c8b53980 folded before Flop (didn't bet)
Seat 1: 37c8f377(small blind) folded on the Turn
Seat 3: 8e78e374 folded before Flop (didn't bet)
Seat 2: Hero(big blind) folded before Flop
Seat 7: 457e5600won ($14) with Pair of Twos
Seat 5: ff40808d folded before Flop (didn't bet)



Poker Hand #ring_842783962: NLH No Limit ($1/$2) - 2025/04/25 23:50:10
Table 'MR NLH 1/2' 7-max Seat #6 is the button
Seat 4: a0587669 ($239.41 in chips)
Seat 6: c8b53980 ($516.08 in chips)
Seat 1: 37c8f377 ($264.87 in chips)
Seat 3: 8e78e374 ($237.04 in chips)
Seat 2: Hero ($149.5 in chips)
Seat 7: 457e5600 ($159.12 in chips)
Seat 5: ff40808d ($382 in chips)
457e5600: posts small blind $1
37c8f377: posts big blind $2
*** HOLE CARDS ***
Dealt to a0587669 
Dealt to c8b53980 
Dealt to 37c8f377 
Dealt to 8e78e374 
Dealt to Hero [Td 6c]
Dealt to 457e5600 
Dealt to ff40808d 
Hero: folds
8e78e374: raises $4 to $6
a0587669: folds
ff40808d: folds
c8b53980: folds
457e5600: folds
37c8f377: folds
Uncalled bet ($4) returned to 8e78e374
*** SHOWDOWN ***
8e78e374 collected $5 from pot
*** SUMMARY ***
Total pot $5
Seat 4: a0587669 folded before Flop (didn't bet)
Seat 6: c8b53980 folded before Flop (didn't bet)
Seat 1: 37c8f377(big blind) folded before Flop
Seat 3: 8e78e374won ($5)
Seat 2: Hero folded before Flop (didn't bet)
Seat 7: 457e5600(small blind) folded before Flop
Seat 5: ff40808d folded before Flop (didn't bet)



Poker Hand #ring_842781131: NLH No Limit ($1/$2) - 2025/04/25 23:48:33
Table 'MR NLH 1/2' 7-max Seat #5 is the button
Seat 4: a0587669 ($239.41 in chips)
Seat 6: c8b53980 ($517.08 in chips)
Seat 1: 37c8f377 ($213.09 in chips)
Seat 3: 8e78e374 ($237.04 in chips)
Seat 2: Hero ($203.8 in chips)
Seat 7: 457e5600 ($161.12 in chips)
Seat 5: ff40808d ($382 in chips)
c8b53980: posts small blind $1
457e5600: posts big blind $2
*** HOLE CARDS ***
Dealt to a0587669 
Dealt to c8b53980 
Dealt to 37c8f377 
Dealt to 8e78e374 
Dealt to Hero [5s As]
Dealt to 457e5600 
Dealt to ff40808d 
37c8f377: calls $2
Hero: raises $3 to $5
8e78e374: folds
a0587669: folds
ff40808d: folds
c8b53980: folds
457e5600: folds
37c8f377: calls $3
*** FLOP *** [2s 3c 7d]
37c8f377: checks
Hero: bets $6.5
37c8f377: calls $6.5
*** TURN *** [2s 3c 7d] [Ks]
37c8f377: checks
Hero: bets $20.8
37c8f377: calls $20.8
*** RIVER *** [2s 3c 7d Ks] [Tc]
37c8f377: checks
Hero: bets $22
37c8f377: calls $22
37c8f377: shows [Qs Qd]
Hero: shows [5s As]
*** SHOWDOWN ***
37c8f377 collected $111.6 from pot
*** SUMMARY ***
Total pot $111.6
Board [2s 3c 7d Ks Tc]
Seat 4: a0587669 folded before Flop (didn't bet)
Seat 6: c8b53980(small blind) folded before Flop
Seat 1: 37c8f377 showed [Qs Qd] and won ($111.6) with Pair of Queens
Seat 3: 8e78e374 folded before Flop (didn't bet)
Seat 2: Hero showed [5s As] and lost with Ace-High
Seat 7: 457e5600(big blind) folded before Flop
Seat 5: ff40808d folded before Flop (didn't bet)



Poker Hand #ring_842778188: NLH No Limit ($1/$2) - 2025/04/25 23:46:50
Table 'MR NLH 1/2' 7-max Seat #4 is the button
Seat 4: a0587669 ($239.41 in chips)
Seat 6: c8b53980 ($525.08 in chips)
Seat 1: 37c8f377 ($198.67 in chips)
Seat 3: 8e78e374 ($237.04 in chips)
Seat 2: Hero ($203.8 in chips)
Seat 7: 457e5600 ($161.12 in chips)
Seat 5: ff40808d ($390 in chips)
ff40808d: posts small blind $1
c8b53980: posts big blind $2
*** HOLE CARDS ***
Dealt to a0587669 
Dealt to c8b53980 
Dealt to 37c8f377 
Dealt to 8e78e374 
Dealt to Hero [3d Ks]
Dealt to 457e5600 
Dealt to ff40808d 
457e5600: folds
37c8f377: calls $2
Hero: folds
8e78e374: folds
a0587669: folds
ff40808d: calls $1
c8b53980: checks
*** FLOP *** [Kc 3h Qc]
ff40808d: checks
c8b53980: checks
37c8f377: bets $6
ff40808d: calls $6
c8b53980: calls $6
*** TURN *** [Kc 3h Qc] [4d]
ff40808d: checks
c8b53980: checks
37c8f377: checks
*** RIVER *** [Kc 3h Qc 4d] [7s]
ff40808d: checks
c8b53980: checks
37c8f377: bets $12
ff40808d: folds
c8b53980: folds
Uncalled bet ($12) returned to 37c8f377
*** SHOWDOWN ***
37c8f377 collected $24 from pot
*** SUMMARY ***
Total pot $24
Board [Kc 3h Qc 4d 7s]
Seat 4: a0587669 folded before Flop (didn't bet)
Seat 6: c8b53980(big blind) folded on the River
Seat 1: 37c8f377won ($24) with Pair of Queens
Seat 3: 8e78e374 folded before Flop (didn't bet)
Seat 2: Hero folded before Flop (didn't bet)
Seat 7: 457e5600 folded before Flop (didn't bet)
Seat 5: ff40808d(small blind) folded on the River



Poker Hand #ring_842776020: NLH No Limit ($1/$2) - 2025/04/25 23:45:35
Table 'MR NLH 1/2' 7-max Seat #3 is the button
Seat 4: a0587669 ($240.41 in chips)
Seat 6: c8b53980 ($525.08 in chips)
Seat 1: 37c8f377 ($214.17 in chips)
Seat 3: 8e78e374 ($237.04 in chips)
Seat 2: Hero ($205.8 in chips)
Seat 7: 457e5600 ($142.74 in chips)
Seat 5: ff40808d ($392 in chips)
a0587669: posts small blind $1
ff40808d: posts big blind $2
*** HOLE CARDS ***
Dealt to a0587669 
Dealt to c8b53980 
Dealt to 37c8f377 
Dealt to 8e78e374 
Dealt to Hero [Jh Kc]
Dealt to 457e5600 
Dealt to ff40808d 
c8b53980: folds
457e5600: calls $2
37c8f377: calls $2
Hero: calls $2
8e78e374: folds
a0587669: folds
ff40808d: checks
*** FLOP *** [Ad 8h Td]
ff40808d: checks
457e5600: checks
37c8f377: checks
Hero: checks
*** TURN *** [Ad 8h Td] [4d]
ff40808d: checks
457e5600: bets $4.5
37c8f377: calls $4.5
Hero: folds
ff40808d: folds
*** RIVER *** [Ad 8h Td 4d] [5d]
457e5600: bets $9
37c8f377: calls $9
37c8f377: shows [3h Th]
457e5600: shows [Tc 8d]
*** SHOWDOWN ***
457e5600 collected $36 from pot
*** SUMMARY ***
Total pot $36
Board [Ad 8h Td 4d 5d]
Seat 4: a0587669(small blind) folded before Flop
Seat 6: c8b53980 folded before Flop (didn't bet)
Seat 1: 37c8f377 showed [3h Th] and lost with Pair of Tens
Seat 3: 8e78e374 folded before Flop (didn't bet)
Seat 2: Hero folded on the Turn
Seat 7: 457e5600 showed [Tc 8d] and won ($36) with Ace High Flush
Seat 5: ff40808d(big blind) folded on the Turn



Poker Hand #ring_842773923: NLH No Limit ($1/$2) - 2025/04/25 23:44:22
Table 'MR NLH 1/2' 7-max Seat #2 is the button
Seat 4: a0587669 ($242.41 in chips)
Seat 6: c8b53980 ($500.76 in chips)
Seat 1: 37c8f377 ($234.09 in chips)
Seat 3: 8e78e374 ($242.04 in chips)
Seat 2: Hero ($205.8 in chips)
Seat 7: 457e5600 ($142.74 in chips)
Seat 5: ff40808d ($392 in chips)
8e78e374: posts small blind $1
a0587669: posts big blind $2
*** HOLE CARDS ***
Dealt to a0587669 
Dealt to c8b53980 
Dealt to 37c8f377 
Dealt to 8e78e374 
Dealt to Hero [7d 5s]
Dealt to 457e5600 
Dealt to ff40808d 
ff40808d: folds
c8b53980: raises $3 to $5
457e5600: folds
37c8f377: calls $5
Hero: folds
8e78e374: calls $4
a0587669: folds
*** FLOP *** [9s 5c 9h]
8e78e374: checks
c8b53980: checks
37c8f377: bets $5.61
8e78e374: folds
c8b53980: calls $5.61
*** TURN *** [9s 5c 9h] [Th]
c8b53980: checks
37c8f377: bets $9.31
c8b53980: calls $9.31
*** RIVER *** [9s 5c 9h Th] [9d]
c8b53980: checks
37c8f377: checks
37c8f377: shows [2d 2s]
c8b53980: shows [Jc Jh]
*** SHOWDOWN ***
c8b53980 collected $46.84 from pot
*** SUMMARY ***
Total pot $46.84
Board [9s 5c 9h Th 9d]
Seat 4: a0587669(big blind) folded before Flop
Seat 6: c8b53980 showed [Jc Jh] and won ($46.84) with Nines Full over Jacks
Seat 1: 37c8f377 showed [2d 2s] and lost with Nines Full over Twos
Seat 3: 8e78e374(small blind) folded on the Flop
Seat 2: Hero folded before Flop (didn't bet)
Seat 7: 457e5600 folded before Flop (didn't bet)
Seat 5: ff40808d folded before Flop (didn't bet)



Poker Hand #ring_842771792: NLH No Limit ($1/$2) - 2025/04/25 23:43:09
Table 'MR NLH 1/2' 7-max Seat #1 is the button
Seat 4: a0587669 ($242.41 in chips)
Seat 6: c8b53980 ($500.76 in chips)
Seat 1: 37c8f377 ($285.09 in chips)
Seat 3: 8e78e374 ($244.04 in chips)
Seat 2: Hero ($206.8 in chips)
Seat 7: 457e5600 ($89.19 in chips)
Seat 5: ff40808d ($397 in chips)
Hero: posts small blind $1
8e78e374: posts big blind $2
*** HOLE CARDS ***
Dealt to a0587669 
Dealt to c8b53980 
Dealt to 37c8f377 
Dealt to 8e78e374 
Dealt to Hero [3h 5d]
Dealt to 457e5600 
Dealt to ff40808d 
a0587669: folds
ff40808d: raises $3 to $5
c8b53980: folds
457e5600: raises $13 to $18
37c8f377: calls $18
Hero: folds
8e78e374: folds
ff40808d: folds
*** FLOP *** [7s Ks 4h]
457e5600: bets $33
37c8f377: calls $33
*** TURN *** [7s Ks 4h] [5s]
457e5600: bets $38.19 and is all-in
37c8f377: folds
Uncalled bet ($38.19) returned to 457e5600
*** SHOWDOWN ***
457e5600 collected $110 from pot
*** SUMMARY ***
Total pot $110
Board [7s Ks 4h 5s]
Seat 4: a0587669 folded before Flop (didn't bet)
Seat 6: c8b53980 folded before Flop (didn't bet)
Seat 1: 37c8f377 folded on the Turn
Seat 3: 8e78e374(big blind) folded before Flop
Seat 2: Hero(small blind) folded before Flop
Seat 7: 457e5600won ($110) with Pair of Queens
Seat 5: ff40808d folded before Flop



Poker Hand #ring_842771066: NLH No Limit ($1/$2) - 2025/04/25 23:42:43
Table 'MR NLH 1/2' 7-max Seat #7 is the button
Seat 4: a0587669 ($242.41 in chips)
Seat 6: c8b53980 ($505.76 in chips)
Seat 1: 37c8f377 ($286.09 in chips)
Seat 3: 8e78e374 ($244.04 in chips)
Seat 2: Hero ($208.8 in chips)
Seat 7: 457e5600 ($81.19 in chips)
Seat 5: ff40808d ($397 in chips)
37c8f377: posts small blind $1
Hero: posts big blind $2
*** HOLE CARDS ***
Dealt to a0587669 
Dealt to c8b53980 
Dealt to 37c8f377 
Dealt to 8e78e374 
Dealt to Hero [6s 5c]
Dealt to 457e5600 
Dealt to ff40808d 
8e78e374: folds
a0587669: folds
ff40808d: folds
c8b53980: raises $3 to $5
457e5600: raises $76.19 to $81.19 and is all-in
37c8f377: folds
Hero: folds
c8b53980: folds
Uncalled bet ($76.19) returned to 457e5600
*** SHOWDOWN ***
457e5600 collected $13 from pot
*** SUMMARY ***
Total pot $13
Seat 4: a0587669 folded before Flop (didn't bet)
Seat 6: c8b53980 folded before Flop
Seat 1: 37c8f377(small blind) folded before Flop
Seat 3: 8e78e374 folded before Flop (didn't bet)
Seat 2: Hero(big blind) folded before Flop
Seat 7: 457e5600won ($13)
Seat 5: ff40808d folded before Flop (didn't bet)



Poker Hand #ring_842769355: NLH No Limit ($1/$2) - 2025/04/25 23:41:44
Table 'MR NLH 1/2' 7-max Seat #6 is the button
Seat 4: a0587669 ($242.41 in chips)
Seat 6: c8b53980 ($505.76 in chips)
Seat 1: 37c8f377 ($288.09 in chips)
Seat 3: 8e78e374 ($244.04 in chips)
Seat 2: Hero ($195.56 in chips)
Seat 7: 457e5600 ($94.19 in chips)
Seat 5: ff40808d ($397 in chips)
457e5600: posts small blind $1
37c8f377: posts big blind $2
*** HOLE CARDS ***
Dealt to a0587669 
Dealt to c8b53980 
Dealt to 37c8f377 
Dealt to 8e78e374 
Dealt to Hero [Kd Qd]
Dealt to 457e5600 
Dealt to ff40808d 
Hero: raises $4 to $6
8e78e374: folds
a0587669: folds
ff40808d: folds
c8b53980: folds
457e5600: calls $5
37c8f377: folds
*** FLOP *** [Kh 6d 4c]
457e5600: checks
Hero: bets $7
457e5600: calls $7
*** TURN *** [Kh 6d 4c] [4s]
457e5600: checks
Hero: checks
*** RIVER *** [Kh 6d 4c 4s] [2d]
457e5600: checks
Hero: bets $22.4
457e5600: folds
Uncalled bet ($22.4) returned to Hero
*** SHOWDOWN ***
Hero collected $28 from pot
*** SUMMARY ***
Total pot $28
Board [Kh 6d 4c 4s 2d]
Seat 4: a0587669 folded before Flop (didn't bet)
Seat 6: c8b53980 folded before Flop (didn't bet)
Seat 1: 37c8f377(big blind) folded before Flop
Seat 3: 8e78e374 folded before Flop (didn't bet)
Seat 2: Herowon ($28) with Pair of Kings and Pair of Fours
Seat 7: 457e5600(small blind) folded on the River
Seat 5: ff40808d folded before Flop (didn't bet)



Poker Hand #ring_842767396: NLH No Limit ($1/$2) - 2025/04/25 23:40:36
Table 'MR NLH 1/2' 7-max Seat #5 is the button
Seat 4: a0587669 ($242.41 in chips)
Seat 6: c8b53980 ($506.76 in chips)
Seat 1: 37c8f377 ($294.09 in chips)
Seat 3: 8e78e374 ($230.48 in chips)
Seat 2: Hero ($201.56 in chips)
Seat 7: 457e5600 ($96.19 in chips)
Seat 5: ff40808d ($397 in chips)
c8b53980: posts small blind $1
457e5600: posts big blind $2
*** HOLE CARDS ***
Dealt to a0587669 
Dealt to c8b53980 
Dealt to 37c8f377 
Dealt to 8e78e374 
Dealt to Hero [Ah Kc]
Dealt to 457e5600 
Dealt to ff40808d 
37c8f377: calls $2
Hero: raises $4 to $6
8e78e374: calls $6
a0587669: folds
ff40808d: folds
c8b53980: folds
457e5600: folds
37c8f377: calls $4
*** FLOP *** [6s 2c 5c]
37c8f377: checks
Hero: checks
8e78e374: checks
*** TURN *** [6s 2c 5c] [4h]
37c8f377: checks
Hero: checks
8e78e374: bets $10.5
37c8f377: folds
Hero: folds
Uncalled bet ($10.5) returned to 8e78e374
*** SHOWDOWN ***
8e78e374 collected $21 from pot
*** SUMMARY ***
Total pot $21
Board [6s 2c 5c 4h]
Seat 4: a0587669 folded before Flop (didn't bet)
Seat 6: c8b53980(small blind) folded before Flop
Seat 1: 37c8f377 folded on the Turn
Seat 3: 8e78e374won ($21) with Ace-High
Seat 2: Hero folded on the Turn
Seat 7: 457e5600(big blind) folded before Flop
Seat 5: ff40808d folded before Flop (didn't bet)



Poker Hand #ring_842765336: NLH No Limit ($1/$2) - 2025/04/25 23:39:26
Table 'MR NLH 1/2' 7-max Seat #4 is the button
Seat 4: a0587669 ($242.41 in chips)
Seat 6: c8b53980 ($508.76 in chips)
Seat 1: 37c8f377 ($283.4 in chips)
Seat 3: 8e78e374 ($236.98 in chips)
Seat 2: Hero ($201.56 in chips)
Seat 7: 457e5600 ($98.19 in chips)
Seat 5: ff40808d ($398 in chips)
ff40808d: posts small blind $1
c8b53980: posts big blind $2
*** HOLE CARDS ***
Dealt to a0587669 
Dealt to c8b53980 
Dealt to 37c8f377 
Dealt to 8e78e374 
Dealt to Hero [8d 2c]
Dealt to 457e5600 
Dealt to ff40808d 
457e5600: calls $2
37c8f377: calls $2
Hero: folds
8e78e374: calls $2
a0587669: folds
ff40808d: folds
c8b53980: checks
*** FLOP *** [Qd 2s 8s]
c8b53980: checks
457e5600: checks
37c8f377: checks
8e78e374: bets $4.5
c8b53980: folds
457e5600: folds
37c8f377: calls $4.5
*** TURN *** [Qd 2s 8s] [6s]
37c8f377: bets $13.5
8e78e374: folds
Uncalled bet ($13.5) returned to 37c8f377
*** SHOWDOWN ***
37c8f377 collected $18 from pot
*** SUMMARY ***
Total pot $18
Board [Qd 2s 8s 6s]
Seat 4: a0587669 folded before Flop (didn't bet)
Seat 6: c8b53980(big blind) folded on the Flop
Seat 1: 37c8f377won ($18) with King-High
Seat 3: 8e78e374 folded on the Turn
Seat 2: Hero folded before Flop (didn't bet)
Seat 7: 457e5600 folded on the Flop
Seat 5: ff40808d(small blind) folded before Flop



Poker Hand #ring_842763705: NLH No Limit ($1/$2) - 2025/04/25 23:38:30
Table 'MR NLH 1/2' 7-max Seat #3 is the button
Seat 4: a0587669 ($243.41 in chips)
Seat 6: c8b53980 ($485.64 in chips)
Seat 1: 37c8f377 ($306.2 in chips)
Seat 3: 8e78e374 ($236.98 in chips)
Seat 2: Hero ($201.56 in chips)
Seat 7: 457e5600 ($98.19 in chips)
Seat 5: ff40808d ($400 in chips)
a0587669: posts small blind $1
ff40808d: posts big blind $2
*** HOLE CARDS ***
Dealt to a0587669 
Dealt to c8b53980 
Dealt to 37c8f377 
Dealt to 8e78e374 
Dealt to Hero [5h 4c]
Dealt to 457e5600 
Dealt to ff40808d 
c8b53980: raises $4 to $6
457e5600: folds
37c8f377: calls $6
Hero: folds
8e78e374: folds
a0587669: folds
ff40808d: folds
*** FLOP *** [Kd Ts Ac]
c8b53980: checks
37c8f377: checks
*** TURN *** [Kd Ts Ac] [8c]
c8b53980: bets $6
37c8f377: calls $6
*** RIVER *** [Kd Ts Ac 8c] [Qd]
c8b53980: bets $10.8
37c8f377: calls $10.8
37c8f377: shows [8h Td]
c8b53980: shows [Ad Th]
*** SHOWDOWN ***
c8b53980 collected $48.6 from pot
*** SUMMARY ***
Total pot $48.6
Board [Kd Ts Ac 8c Qd]
Seat 4: a0587669(small blind) folded before Flop
Seat 6: c8b53980 showed [Ad Th] and won ($48.6) with Pair of Aces and Pair of Tens
Seat 1: 37c8f377 showed [8h Td] and lost with Pair of Tens and Pair of Eights
Seat 3: 8e78e374 folded before Flop (didn't bet)
Seat 2: Hero folded before Flop (didn't bet)
Seat 7: 457e5600 folded before Flop (didn't bet)
Seat 5: ff40808d(big blind) folded before Flop



Poker Hand #ring_842761777: NLH No Limit ($1/$2) - 2025/04/25 23:37:24
Table 'MR NLH 1/2' 7-max Seat #2 is the button
Seat 4: a0587669 ($229.26 in chips)
Seat 6: c8b53980 ($485.64 in chips)
Seat 1: 37c8f377 ($320.2 in chips)
Seat 3: 8e78e374 ($238.98 in chips)
Seat 2: Hero ($201.56 in chips)
Seat 7: 457e5600 ($98.19 in chips)
Seat 5: ff40808d ($400 in chips)
8e78e374: posts small blind $1
a0587669: posts big blind $2
*** HOLE CARDS ***
Dealt to a0587669 
Dealt to c8b53980 
Dealt to 37c8f377 
Dealt to 8e78e374 
Dealt to Hero [Th 2c]
Dealt to 457e5600 
Dealt to ff40808d 
ff40808d: folds
c8b53980: folds
457e5600: folds
37c8f377: calls $2
Hero: folds
8e78e374: calls $1
a0587669: raises $8 to $10
37c8f377: calls $8
8e78e374: folds
*** FLOP *** [7s Td 5s]
a0587669: bets $4
37c8f377: calls $4
*** TURN *** [7s Td 5s] [Ah]
a0587669: bets $26
37c8f377: folds
Uncalled bet ($26) returned to a0587669
*** SHOWDOWN ***
a0587669 collected $30 from pot
*** SUMMARY ***
Total pot $30
Board [7s Td 5s Ah]
Seat 4: a0587669(big blind)won ($30) with Pair of Aces
Seat 6: c8b53980 folded before Flop (didn't bet)
Seat 1: 37c8f377 folded on the Turn
Seat 3: 8e78e374(small blind) folded before Flop
Seat 2: Hero folded before Flop (didn't bet)
Seat 7: 457e5600 folded before Flop (didn't bet)
Seat 5: ff40808d folded before Flop (didn't bet)



Poker Hand #ring_842759701: NLH No Limit ($1/$2) - 2025/04/25 23:36:12
Table 'MR NLH 1/2' 7-max Seat #1 is the button
Seat 4: a0587669 ($229.26 in chips)
Seat 6: c8b53980 ($485.64 in chips)
Seat 1: 37c8f377 ($332.8 in chips)
Seat 3: 8e78e374 ($251.58 in chips)
Seat 2: Hero ($203.56 in chips)
Seat 7: 457e5600 ($73.28 in chips)
Seat 5: ff40808d ($400 in chips)
Hero: posts small blind $1
8e78e374: posts big blind $2
*** HOLE CARDS ***
Dealt to a0587669 
Dealt to c8b53980 
Dealt to 37c8f377 
Dealt to 8e78e374 
Dealt to Hero [Jd Tc]
Dealt to 457e5600 
Dealt to ff40808d 
a0587669: folds
ff40808d: folds
c8b53980: folds
457e5600: calls $2
37c8f377: calls $2
Hero: calls $1
8e78e374: checks
*** FLOP *** [Qc 5s 7c]
Hero: checks
8e78e374: checks
457e5600: bets $4
37c8f377: calls $4
Hero: folds
8e78e374: calls $4
*** TURN *** [Qc 5s 7c] [3c]
8e78e374: checks
457e5600: bets $6.6
37c8f377: calls $6.6
8e78e374: calls $6.6
*** RIVER *** [Qc 5s 7c 3c] [6d]
8e78e374: checks
457e5600: checks
37c8f377: checks
37c8f377: shows [Kh 5c]
8e78e374: shows [7h Jc]
457e5600: shows [Qd 8h]
*** SHOWDOWN ***
457e5600 collected $39.8 from pot
*** SUMMARY ***
Total pot $39.8
Board [Qc 5s 7c 3c 6d]
Seat 4: a0587669 folded before Flop (didn't bet)
Seat 6: c8b53980 folded before Flop (didn't bet)
Seat 1: 37c8f377 showed [Kh 5c] and lost with Pair of Fives
Seat 3: 8e78e374(big blind) showed [7h Jc] and lost with Pair of Sevens
Seat 2: Hero(small blind) folded on the Flop
Seat 7: 457e5600 showed [Qd 8h] and won ($39.8) with Pair of Queens
Seat 5: ff40808d folded before Flop (didn't bet)



Poker Hand #ring_842756402: NLH No Limit ($1/$2) - 2025/04/25 23:34:16
Table 'MR NLH 1/2' 7-max Seat #7 is the button
Seat 4: a0587669 ($243 in chips)
Seat 6: c8b53980 ($485.64 in chips)
Seat 1: 37c8f377 ($337.2 in chips)
Seat 3: 8e78e374 ($251.58 in chips)
Seat 2: Hero ($187.35 in chips)
Seat 7: 457e5600 ($73.28 in chips)
Seat 5: ff40808d ($400 in chips)
37c8f377: posts small blind $1
Hero: posts big blind $2
*** HOLE CARDS ***
Dealt to a0587669 
Dealt to c8b53980 
Dealt to 37c8f377 
Dealt to 8e78e374 
Dealt to Hero [3c 3h]
Dealt to 457e5600 
Dealt to ff40808d 
8e78e374: folds
a0587669: raises $2.4 to $4.4
ff40808d: folds
c8b53980: folds
457e5600: folds
37c8f377: calls $3.4
Hero: calls $2.4
*** FLOP *** [Qd 2c As]
37c8f377: checks
Hero: checks
a0587669: bets $3
37c8f377: folds
Hero: calls $3
*** TURN *** [Qd 2c As] [Qc]
Hero: checks
a0587669: checks
*** RIVER *** [Qd 2c As Qc] [Jd]
Hero: checks
a0587669: bets $6.34
Hero: raises $23.86 to $30.2
a0587669: folds
Uncalled bet ($23.86) returned to Hero
*** SHOWDOWN ***
Hero collected $31.88 from pot
*** SUMMARY ***
Total pot $31.88
Board [Qd 2c As Qc Jd]
Seat 4: a0587669 folded on the River
Seat 6: c8b53980 folded before Flop (didn't bet)
Seat 1: 37c8f377(small blind) folded on the Flop
Seat 3: 8e78e374 folded before Flop (didn't bet)
Seat 2: Hero(big blind)won ($31.88) with Pair of Queens and Pair of Treys
Seat 7: 457e5600 folded before Flop (didn't bet)
Seat 5: ff40808d folded before Flop (didn't bet)



Poker Hand #ring_842754386: NLH No Limit ($1/$2) - 2025/04/25 23:33:05
Table 'MR NLH 1/2' 7-max Seat #6 is the button
Seat 4: a0587669 ($243 in chips)
Seat 6: c8b53980 ($485.64 in chips)
Seat 1: 37c8f377 ($342.2 in chips)
Seat 3: 8e78e374 ($251.58 in chips)
Seat 2: Hero ($181.84 in chips)
Seat 7: 457e5600 ($74.28 in chips)
Seat 5: ff40808d ($400 in chips)
457e5600: posts small blind $1
37c8f377: posts big blind $2
*** HOLE CARDS ***
Dealt to a0587669 
Dealt to c8b53980 
Dealt to 37c8f377 
Dealt to 8e78e374 
Dealt to Hero [Tc Ah]
Dealt to 457e5600 
Dealt to ff40808d 
Hero: raises $3 to $5
8e78e374: folds
a0587669: folds
ff40808d: folds
c8b53980: folds
457e5600: folds
37c8f377: calls $3
*** FLOP *** [7c 3s Jh]
37c8f377: checks
Hero: checks
*** TURN *** [7c 3s Jh] [5h]
37c8f377: checks
Hero: checks
*** RIVER *** [7c 3s Jh 5h] [7d]
37c8f377: checks
Hero: checks
37c8f377: shows [9d 8d]
Hero: shows [Tc Ah]
*** SHOWDOWN ***
Hero collected $11 from pot
*** SUMMARY ***
Total pot $11
Board [7c 3s Jh 5h 7d]
Seat 4: a0587669 folded before Flop (didn't bet)
Seat 6: c8b53980 folded before Flop (didn't bet)
Seat 1: 37c8f377(big blind) showed [9d 8d] and lost with Pair of Sevens
Seat 3: 8e78e374 folded before Flop (didn't bet)
Seat 2: Hero showed [Tc Ah] and won ($11) with Pair of Sevens
Seat 7: 457e5600(small blind) folded before Flop
Seat 5: ff40808d folded before Flop (didn't bet)



Poker Hand #ring_842753042: NLH No Limit ($1/$2) - 2025/04/25 23:32:18
Table 'MR NLH 1/2' 7-max Seat #5 is the button
Seat 4: a0587669 ($243 in chips)
Seat 6: c8b53980 ($487.64 in chips)
Seat 1: 37c8f377 ($338.47 in chips)
Seat 3: 8e78e374 ($251.58 in chips)
Seat 2: Hero ($181.84 in chips)
Seat 7: 457e5600 ($76.28 in chips)
Seat 5: ff40808d ($400 in chips)
c8b53980: posts small blind $1
457e5600: posts big blind $2
*** HOLE CARDS ***
Dealt to a0587669 
Dealt to c8b53980 
Dealt to 37c8f377 
Dealt to 8e78e374 
Dealt to Hero [Kc 2s]
Dealt to 457e5600 
Dealt to ff40808d 
37c8f377: calls $2
Hero: folds
8e78e374: folds
a0587669: folds
ff40808d: folds
c8b53980: calls $1
457e5600: checks
*** FLOP *** [2d 6c 3d]
c8b53980: checks
457e5600: checks
37c8f377: checks
*** TURN *** [2d 6c 3d] [Qs]
c8b53980: checks
457e5600: checks
37c8f377: bets $6
c8b53980: folds
457e5600: folds
Uncalled bet ($6) returned to 37c8f377
*** SHOWDOWN ***
37c8f377 collected $6 from pot
*** SUMMARY ***
Total pot $6
Board [2d 6c 3d Qs]
Seat 4: a0587669 folded before Flop (didn't bet)
Seat 6: c8b53980(small blind) folded on the Turn
Seat 1: 37c8f377won ($6) with Queen-High
Seat 3: 8e78e374 folded before Flop (didn't bet)
Seat 2: Hero folded before Flop (didn't bet)
Seat 7: 457e5600(big blind) folded on the Turn
Seat 5: ff40808d folded before Flop (didn't bet)



Poker Hand #ring_842752232: NLH No Limit ($1/$2) - 2025/04/25 23:31:48
Table 'MR NLH 1/2' 7-max Seat #4 is the button
Seat 4: a0587669 ($243 in chips)
Seat 6: c8b53980 ($489.64 in chips)
Seat 1: 37c8f377 ($338.47 in chips)
Seat 3: 8e78e374 ($251.58 in chips)
Seat 2: Hero ($181.84 in chips)
Seat 7: 457e5600 ($73.28 in chips)
Seat 5: ff40808d ($279.24 in chips)
ff40808d: posts small blind $1
c8b53980: posts big blind $2
*** HOLE CARDS ***
Dealt to a0587669 
Dealt to c8b53980 
Dealt to 37c8f377 
Dealt to 8e78e374 
Dealt to Hero [6d Kc]
Dealt to 457e5600 
Dealt to ff40808d 
457e5600: raises $4 to $6
37c8f377: folds
Hero: folds
8e78e374: folds
a0587669: folds
ff40808d: folds
c8b53980: folds
Uncalled bet ($4) returned to 457e5600
*** SHOWDOWN ***
457e5600 collected $5 from pot
*** SUMMARY ***
Total pot $5
Seat 4: a0587669 folded before Flop (didn't bet)
Seat 6: c8b53980(big blind) folded before Flop
Seat 1: 37c8f377 folded before Flop (didn't bet)
Seat 3: 8e78e374 folded before Flop (didn't bet)
Seat 2: Hero folded before Flop (didn't bet)
Seat 7: 457e5600won ($5)
Seat 5: ff40808d(small blind) folded before Flop



Poker Hand #ring_842750454: NLH No Limit ($1/$2) - 2025/04/25 23:30:47
Table 'MR NLH 1/2' 7-max Seat #3 is the button
Seat 4: a0587669 ($244 in chips)
Seat 6: c8b53980 ($489.64 in chips)
Seat 1: 37c8f377 ($352.12 in chips)
Seat 3: 8e78e374 ($251.58 in chips)
Seat 2: Hero ($181.84 in chips)
Seat 7: 457e5600 ($58.49 in chips)
Seat 5: ff40808d ($281.24 in chips)
a0587669: posts small blind $1
ff40808d: posts big blind $2
*** HOLE CARDS ***
Dealt to a0587669 
Dealt to c8b53980 
Dealt to 37c8f377 
Dealt to 8e78e374 
Dealt to Hero [7d Kh]
Dealt to 457e5600 
Dealt to ff40808d 
c8b53980: folds
457e5600: raises $2 to $4
37c8f377: calls $4
Hero: folds
8e78e374: folds
a0587669: folds
ff40808d: folds
*** FLOP *** [8c Ts 3c]
457e5600: bets $3.63
37c8f377: calls $3.63
*** TURN *** [8c Ts 3c] [9c]
457e5600: bets $6.02
37c8f377: calls $6.02
*** RIVER *** [8c Ts 3c 9c] [Ah]
457e5600: bets $9.99
37c8f377: folds
Uncalled bet ($9.99) returned to 457e5600
*** SHOWDOWN ***
457e5600 collected $30.3 from pot
*** SUMMARY ***
Total pot $30.3
Board [8c Ts 3c 9c Ah]
Seat 4: a0587669(small blind) folded before Flop
Seat 6: c8b53980 folded before Flop (didn't bet)
Seat 1: 37c8f377 folded on the River
Seat 3: 8e78e374 folded before Flop (didn't bet)
Seat 2: Hero folded before Flop (didn't bet)
Seat 7: 457e5600won ($30.3) with Pair of Eights
Seat 5: ff40808d(big blind) folded before Flop



Poker Hand #ring_842748794: NLH No Limit ($1/$2) - 2025/04/25 23:29:49
Table 'MR NLH 1/2' 7-max Seat #2 is the button
Seat 4: a0587669 ($246 in chips)
Seat 6: c8b53980 ($489.64 in chips)
Seat 1: 37c8f377 ($352.12 in chips)
Seat 3: 8e78e374 ($243.75 in chips)
Seat 2: Hero ($181.84 in chips)
Seat 7: 457e5600 ($64.99 in chips)
Seat 5: ff40808d ($281.24 in chips)
8e78e374: posts small blind $1
a0587669: posts big blind $2
*** HOLE CARDS ***
Dealt to a0587669 
Dealt to c8b53980 
Dealt to 37c8f377 
Dealt to 8e78e374 
Dealt to Hero [4d 3h]
Dealt to 457e5600 
Dealt to ff40808d 
ff40808d: folds
c8b53980: folds
457e5600: calls $2
37c8f377: folds
Hero: folds
8e78e374: calls $1
a0587669: checks
*** FLOP *** [Td Jh 9s]
8e78e374: checks
a0587669: checks
457e5600: checks
*** TURN *** [Td Jh 9s] [6c]
8e78e374: bets $4.5
a0587669: folds
457e5600: calls $4.5
*** RIVER *** [Td Jh 9s 6c] [2h]
8e78e374: checks
457e5600: checks
8e78e374: shows [7s Th]
457e5600: shows [Kh Ac]
*** SHOWDOWN ***
8e78e374 collected $15 from pot
*** SUMMARY ***
Total pot $15
Board [Td Jh 9s 6c 2h]
Seat 4: a0587669(big blind) folded on the Turn
Seat 6: c8b53980 folded before Flop (didn't bet)
Seat 1: 37c8f377 folded before Flop (didn't bet)
Seat 3: 8e78e374(small blind) showed [7s Th] and won ($15) with Pair of Tens
Seat 2: Hero folded before Flop (didn't bet)
Seat 7: 457e5600 showed [Kh Ac] and lost with Ace-High
Seat 5: ff40808d folded before Flop (didn't bet)



Poker Hand #ring_842747812: NLH No Limit ($1/$2) - 2025/04/25 23:29:16
Table 'MR NLH 1/2' 7-max Seat #1 is the button
Seat 6: c8b53980 ($489.64 in chips)
Seat 1: 37c8f377 ($358.12 in chips)
Seat 3: 8e78e374 ($245.75 in chips)
Seat 2: Hero ($182.84 in chips)
Seat 7: 457e5600 ($56.66 in chips)
Seat 5: ff40808d ($281.24 in chips)
Hero: posts small blind $1
8e78e374: posts big blind $2
*** HOLE CARDS ***
Dealt to c8b53980 
Dealt to 37c8f377 
Dealt to 8e78e374 
Dealt to Hero [Js 4h]
Dealt to 457e5600 
Dealt to ff40808d 
ff40808d: folds
c8b53980: folds
457e5600: raises $4 to $6
37c8f377: calls $6
Hero: folds
8e78e374: folds
*** FLOP *** [Jc 2s 2h]
457e5600: bets $11.25
37c8f377: folds
Uncalled bet ($11.25) returned to 457e5600
*** SHOWDOWN ***
457e5600 collected $15 from pot
*** SUMMARY ***
Total pot $15
Board [Jc 2s 2h]
Seat 6: c8b53980 folded before Flop (didn't bet)
Seat 1: 37c8f377 folded on the Flop
Seat 3: 8e78e374(big blind) folded before Flop
Seat 2: Hero(small blind) folded before Flop
Seat 7: 457e5600won ($15) with Pair of Twos
Seat 5: ff40808d folded before Flop (didn't bet)



Poker Hand #ring_842745151: NLH No Limit ($1/$2) - 2025/04/25 23:27:43
Table 'MR NLH 1/2' 7-max Seat #7 is the button
Seat 6: c8b53980 ($489.64 in chips)
Seat 1: 37c8f377 ($386.75 in chips)
Seat 3: 8e78e374 ($245.75 in chips)
Seat 2: Hero ($187.84 in chips)
Seat 7: 457e5600 ($56.66 in chips)
Seat 5: ff40808d ($250.91 in chips)
37c8f377: posts small blind $1
Hero: posts big blind $2
*** HOLE CARDS ***
Dealt to c8b53980 
Dealt to 37c8f377 
Dealt to 8e78e374 
Dealt to Hero [Kh 6d]
Dealt to 457e5600 
Dealt to ff40808d 
8e78e374: folds
ff40808d: raises $3 to $5
c8b53980: folds
457e5600: folds
37c8f377: calls $4
Hero: calls $3
*** FLOP *** [4c Ah Qc]
37c8f377: checks
Hero: checks
ff40808d: bets $4.95
37c8f377: calls $4.95
Hero: folds
*** TURN *** [4c Ah Qc] [4s]
37c8f377: checks
ff40808d: bets $18.68
37c8f377: calls $18.68
*** RIVER *** [4c Ah Qc 4s] [Jc]
37c8f377: checks
ff40808d: bets $20.55
37c8f377: folds
Uncalled bet ($20.55) returned to ff40808d
*** SHOWDOWN ***
ff40808d collected $62.26 from pot
*** SUMMARY ***
Total pot $62.26
Board [4c Ah Qc 4s Jc]
Seat 6: c8b53980 folded before Flop (didn't bet)
Seat 1: 37c8f377(small blind) folded on the River
Seat 3: 8e78e374 folded before Flop (didn't bet)
Seat 2: Hero(big blind) folded on the Flop
Seat 7: 457e5600 folded before Flop (didn't bet)
Seat 5: ff40808dwon ($62.26) with Pair of Aces and Pair of Fours



Poker Hand #ring_842742973: NLH No Limit ($1/$2) - 2025/04/25 23:26:28
Table 'MR NLH 1/2' 7-max Seat #6 is the button
Seat 6: c8b53980 ($489.64 in chips)
Seat 1: 37c8f377 ($400 in chips)
Seat 3: 8e78e374 ($245.75 in chips)
Seat 2: Hero ($187.84 in chips)
Seat 7: 457e5600 ($91.78 in chips)
Seat 5: ff40808d ($206.79 in chips)
457e5600: posts small blind $1
37c8f377: posts big blind $2
*** HOLE CARDS ***
Dealt to c8b53980 
Dealt to 37c8f377 
Dealt to 8e78e374 
Dealt to Hero [Th 5c]
Dealt to 457e5600 
Dealt to ff40808d 
Hero: folds
8e78e374: folds
ff40808d: raises $3 to $5
c8b53980: folds
457e5600: calls $4
37c8f377: calls $3
*** FLOP *** [4d 7d Tc]
457e5600: checks
37c8f377: checks
ff40808d: bets $8.25
457e5600: calls $8.25
37c8f377: calls $8.25
*** TURN *** [4d 7d Tc] [3d]
457e5600: checks
37c8f377: checks
ff40808d: bets $21.87
457e5600: calls $21.87
37c8f377: folds
*** RIVER *** [4d 7d Tc 3d] [Ac]
457e5600: checks
ff40808d: bets $62.62
457e5600: folds
Uncalled bet ($62.62) returned to ff40808d
*** SHOWDOWN ***
ff40808d collected $83.49 from pot
*** SUMMARY ***
Total pot $83.49
Board [4d 7d Tc 3d Ac]
Seat 6: c8b53980 folded before Flop (didn't bet)
Seat 1: 37c8f377(big blind) folded on the Turn
Seat 3: 8e78e374 folded before Flop (didn't bet)
Seat 2: Hero folded before Flop (didn't bet)
Seat 7: 457e5600(small blind) folded on the River
Seat 5: ff40808dwon ($83.49) with Queen High Flush



Poker Hand #ring_842742520: NLH No Limit ($1/$2) - 2025/04/25 23:26:12
Table 'MR NLH 1/2' 7-max Seat #5 is the button
Seat 6: c8b53980 ($490.64 in chips)
Seat 3: 8e78e374 ($245.75 in chips)
Seat 2: Hero ($184.84 in chips)
Seat 7: 457e5600 ($93.78 in chips)
Seat 5: ff40808d ($206.79 in chips)
c8b53980: posts small blind $1
457e5600: posts big blind $2
*** HOLE CARDS ***
Dealt to c8b53980 
Dealt to 8e78e374 
Dealt to Hero [7c 6c]
Dealt to 457e5600 
Dealt to ff40808d 
Hero: raises $4 to $6
8e78e374: folds
ff40808d: folds
c8b53980: folds
457e5600: folds
Uncalled bet ($4) returned to Hero
*** SHOWDOWN ***
Hero collected $5 from pot
*** SUMMARY ***
Total pot $5
Seat 6: c8b53980(small blind) folded before Flop
Seat 3: 8e78e374 folded before Flop (didn't bet)
Seat 2: Herowon ($5)
Seat 7: 457e5600(big blind) folded before Flop
Seat 5: ff40808d folded before Flop (didn't bet)



Poker Hand #ring_842739670: NLH No Limit ($1/$2) - 2025/04/25 23:24:33
Table 'MR NLH 1/2' 7-max Seat #3 is the button
Seat 6: c8b53980 ($399.51 in chips)
Seat 3: 8e78e374 ($245.75 in chips)
Seat 2: Hero ($284.48 in chips)
Seat 7: 457e5600 ($93.78 in chips)
Seat 5: ff40808d ($207.79 in chips)
ff40808d: posts small blind $1
c8b53980: posts big blind $2
*** HOLE CARDS ***
Dealt to c8b53980 
Dealt to 8e78e374 
Dealt to Hero [As 9c]
Dealt to 457e5600 
Dealt to ff40808d 
457e5600: folds
Hero: raises $4 to $6
8e78e374: folds
ff40808d: folds
c8b53980: calls $4
*** FLOP *** [9s Qd Qc]
c8b53980: checks
Hero: bets $6.5
c8b53980: calls $6.5
*** TURN *** [9s Qd Qc] [4c]
c8b53980: checks
Hero: bets $13
c8b53980: raises $34.32 to $47.32
Hero: calls $34.32
*** RIVER *** [9s Qd Qc 4c] [Js]
c8b53980: bets $39.82
Hero: calls $39.82
Hero: shows [As 9c]
c8b53980: shows [Jh Qs]
*** SHOWDOWN ***
c8b53980 collected $200.28 from pot
*** SUMMARY ***
Total pot $200.28
Board [9s Qd Qc 4c Js]
Seat 6: c8b53980(big blind) showed [Jh Qs] and won ($200.28) with Queens Full over Jacks
Seat 3: 8e78e374 folded before Flop (didn't bet)
Seat 2: Hero showed [As 9c] and lost with Pair of Queens and Pair of Nines
Seat 7: 457e5600 folded before Flop (didn't bet)
Seat 5: ff40808d(small blind) folded before Flop



Poker Hand #ring_842739086: NLH No Limit ($1/$2) - 2025/04/25 23:24:12
Table 'MR NLH 1/2' 7-max Seat #2 is the button
Seat 6: c8b53980 ($399.51 in chips)
Seat 3: 8e78e374 ($246.75 in chips)
Seat 2: Hero ($281.48 in chips)
Seat 7: 457e5600 ($93.78 in chips)
Seat 5: ff40808d ($209.79 in chips)
8e78e374: posts small blind $1
ff40808d: posts big blind $2
*** HOLE CARDS ***
Dealt to c8b53980 
Dealt to 8e78e374 
Dealt to Hero [Ah Ad]
Dealt to 457e5600 
Dealt to ff40808d 
c8b53980: folds
457e5600: folds
Hero: raises $4 to $6
8e78e374: folds
ff40808d: folds
Uncalled bet ($4) returned to Hero
*** SHOWDOWN ***
Hero collected $5 from pot
*** SUMMARY ***
Total pot $5
Seat 6: c8b53980 folded before Flop (didn't bet)
Seat 3: 8e78e374(small blind) folded before Flop
Seat 2: Herowon ($5)
Seat 7: 457e5600 folded before Flop (didn't bet)
Seat 5: ff40808d(big blind) folded before Flop



Poker Hand #ring_842737731: NLH No Limit ($1/$2) - 2025/04/25 23:23:25
Table 'MR NLH 1/2' 7-max Seat #7 is the button
Seat 4: 7f48982b ($232.03 in chips)
Seat 6: c8b53980 ($399.51 in chips)
Seat 3: 8e78e374 ($251.75 in chips)
Seat 2: Hero ($282.48 in chips)
Seat 7: 457e5600 ($98.78 in chips)
Seat 5: ff40808d ($199.51 in chips)
Hero: posts small blind $1
8e78e374: posts big blind $2
*** HOLE CARDS ***
Dealt to 7f48982b 
Dealt to c8b53980 
Dealt to 8e78e374 
Dealt to Hero [4s 8s]
Dealt to 457e5600 
Dealt to ff40808d 
7f48982b: folds
ff40808d: raises $3 to $5
c8b53980: folds
457e5600: calls $5
Hero: folds
8e78e374: calls $3
*** FLOP *** [Kh 9s 3h]
8e78e374: checks
ff40808d: bets $12
457e5600: folds
8e78e374: folds
Uncalled bet ($12) returned to ff40808d
*** SHOWDOWN ***
ff40808d collected $16 from pot
*** SUMMARY ***
Total pot $16
Board [Kh 9s 3h]
Seat 4: 7f48982b folded before Flop (didn't bet)
Seat 6: c8b53980 folded before Flop (didn't bet)
Seat 3: 8e78e374(big blind) folded on the Flop
Seat 2: Hero(small blind) folded before Flop
Seat 7: 457e5600 folded on the Flop
Seat 5: ff40808dwon ($16) with Pair of Kings



Poker Hand #ring_842735795: NLH No Limit ($1/$2) - 2025/04/25 23:22:18
Table 'MR NLH 1/2' 7-max Seat #6 is the button
Seat 4: 7f48982b ($232.03 in chips)
Seat 6: c8b53980 ($399.51 in chips)
Seat 3: 8e78e374 ($253.75 in chips)
Seat 2: Hero ($278.75 in chips)
Seat 7: 457e5600 ($100.78 in chips)
Seat 5: ff40808d ($199.51 in chips)
457e5600: posts small blind $1
Hero: posts big blind $2
*** HOLE CARDS ***
Dealt to 7f48982b 
Dealt to c8b53980 
Dealt to 8e78e374 
Dealt to Hero [Qs 7s]
Dealt to 457e5600 
Dealt to ff40808d 
8e78e374: calls $2
7f48982b: folds
ff40808d: folds
c8b53980: folds
457e5600: calls $1
Hero: checks
*** FLOP *** [Jc Ah Td]
457e5600: checks
Hero: checks
8e78e374: checks
*** TURN *** [Jc Ah Td] [Jd]
457e5600: checks
Hero: checks
8e78e374: checks
*** RIVER *** [Jc Ah Td Jd] [2c]
457e5600: checks
Hero: checks
8e78e374: checks
Hero: shows [Qs 7s]
8e78e374: shows [5h 3h]
457e5600: shows [5s 6h]
*** SHOWDOWN ***
Hero collected $6 from pot
*** SUMMARY ***
Total pot $6
Board [Jc Ah Td Jd 2c]
Seat 4: 7f48982b folded before Flop (didn't bet)
Seat 6: c8b53980 folded before Flop (didn't bet)
Seat 3: 8e78e374 showed [5h 3h] and lost with Pair of Jacks
Seat 2: Hero(big blind) showed [Qs 7s] and won ($6) with Pair of Jacks
Seat 7: 457e5600(small blind) showed [5s 6h] and lost with Pair of Jacks
Seat 5: ff40808d folded before Flop (didn't bet)



Poker Hand #ring_842734059: NLH No Limit ($1/$2) - 2025/04/25 23:21:19
Table 'MR NLH 1/2' 7-max Seat #5 is the button
Seat 4: 7f48982b ($232.03 in chips)
Seat 6: c8b53980 ($400.51 in chips)
Seat 3: 8e78e374 ($255.75 in chips)
Seat 2: Hero ($278.75 in chips)
Seat 7: 457e5600 ($98 in chips)
Seat 5: ff40808d ($199.51 in chips)
c8b53980: posts small blind $1
457e5600: posts big blind $2
*** HOLE CARDS ***
Dealt to 7f48982b 
Dealt to c8b53980 
Dealt to 8e78e374 
Dealt to Hero [3d Qc]
Dealt to 457e5600 
Dealt to ff40808d 
Hero: folds
8e78e374: calls $2
7f48982b: folds
ff40808d: folds
c8b53980: folds
457e5600: checks
*** FLOP *** [8c Th 6h]
457e5600: checks
8e78e374: checks
*** TURN *** [8c Th 6h] [5d]
457e5600: checks
8e78e374: checks
*** RIVER *** [8c Th 6h 5d] [2d]
457e5600: checks
8e78e374: checks
8e78e374: shows [Ac 3c]
457e5600: shows [Ah 5c]
*** SHOWDOWN ***
457e5600 collected $5 from pot
*** SUMMARY ***
Total pot $5
Board [8c Th 6h 5d 2d]
Seat 4: 7f48982b folded before Flop (didn't bet)
Seat 6: c8b53980(small blind) folded before Flop
Seat 3: 8e78e374 showed [Ac 3c] and lost with Ace-High
Seat 2: Hero folded before Flop (didn't bet)
Seat 7: 457e5600(big blind) showed [Ah 5c] and won ($5) with Pair of Fives
Seat 5: ff40808d folded before Flop (didn't bet)



Poker Hand #ring_842733331: NLH No Limit ($1/$2) - 2025/04/25 23:20:54
Table 'MR NLH 1/2' 7-max Seat #4 is the button
Seat 4: 7f48982b ($232.03 in chips)
Seat 6: c8b53980 ($402.51 in chips)
Seat 3: 8e78e374 ($252.75 in chips)
Seat 2: Hero ($278.75 in chips)
Seat 7: 457e5600 ($98 in chips)
Seat 5: ff40808d ($200.51 in chips)
ff40808d: posts small blind $1
c8b53980: posts big blind $2
*** HOLE CARDS ***
Dealt to 7f48982b 
Dealt to c8b53980 
Dealt to 8e78e374 
Dealt to Hero [Ts 6c]
Dealt to 457e5600 
Dealt to ff40808d 
457e5600: folds
Hero: folds
8e78e374: raises $4 to $6
7f48982b: folds
ff40808d: folds
c8b53980: folds
Uncalled bet ($4) returned to 8e78e374
*** SHOWDOWN ***
8e78e374 collected $5 from pot
*** SUMMARY ***
Total pot $5
Seat 4: 7f48982b folded before Flop (didn't bet)
Seat 6: c8b53980(big blind) folded before Flop
Seat 3: 8e78e374won ($5)
Seat 2: Hero folded before Flop (didn't bet)
Seat 7: 457e5600 folded before Flop (didn't bet)
Seat 5: ff40808d(small blind) folded before Flop



Poker Hand #ring_842730529: NLH No Limit ($1/$2) - 2025/04/25 23:19:17
Table 'MR NLH 1/2' 7-max Seat #3 is the button
Seat 4: 7f48982b ($233.03 in chips)
Seat 6: c8b53980 ($402.51 in chips)
Seat 3: 8e78e374 ($181.95 in chips)
Seat 2: Hero ($186.75 in chips)
Seat 7: 457e5600 ($98 in chips)
Seat 5: ff40808d ($271.51 in chips)
7f48982b: posts small blind $1
ff40808d: posts big blind $2
*** HOLE CARDS ***
Dealt to 7f48982b 
Dealt to c8b53980 
Dealt to 8e78e374 
Dealt to Hero [5c 5d]
Dealt to 457e5600 
Dealt to ff40808d 
c8b53980: folds
457e5600: folds
Hero: raises $4 to $6
8e78e374: raises $11.25 to $17.25
7f48982b: folds
ff40808d: raises $28.75 to $46
Hero: folds
8e78e374: calls $28.75
*** FLOP *** [6d Jh 2s]
ff40808d: bets $25
8e78e374: raises $110.95 to $135.95 and is all-in
ff40808d: folds
Uncalled bet ($110.95) returned to 8e78e374
*** SHOWDOWN ***
8e78e374 collected $149 from pot
*** SUMMARY ***
Total pot $149
Board [6d Jh 2s]
Seat 4: 7f48982b(small blind) folded before Flop
Seat 6: c8b53980 folded before Flop (didn't bet)
Seat 3: 8e78e374won ($149) with Pair of Queens
Seat 2: Hero folded before Flop
Seat 7: 457e5600 folded before Flop (didn't bet)
Seat 5: ff40808d(big blind) folded on the Flop



Poker Hand #ring_842729302: NLH No Limit ($1/$2) - 2025/04/25 23:18:35
Table 'MR NLH 1/2' 7-max Seat #2 is the button
Seat 4: 7f48982b ($235.03 in chips)
Seat 6: c8b53980 ($402.51 in chips)
Seat 3: 8e78e374 ($175.95 in chips)
Seat 2: Hero ($88.75 in chips)
Seat 7: 457e5600 ($100 in chips)
Seat 5: ff40808d ($271.51 in chips)
8e78e374: posts small blind $1
7f48982b: posts big blind $2
457e5600: posts big blind $2
*** HOLE CARDS ***
Dealt to 7f48982b 
Dealt to c8b53980 
Dealt to 8e78e374 
Dealt to Hero [4h 2h]
Dealt to 457e5600 
Dealt to ff40808d 
ff40808d: folds
c8b53980: folds
457e5600: checks
Hero: calls $2
8e78e374: raises $6 to $8
7f48982b: folds
457e5600: folds
Hero: folds
Uncalled bet ($6) returned to 8e78e374
*** SHOWDOWN ***
8e78e374 collected $8 from pot
*** SUMMARY ***
Total pot $8
Seat 4: 7f48982b(big blind) folded before Flop
Seat 6: c8b53980 folded before Flop (didn't bet)
Seat 3: 8e78e374(small blind)won ($8)
Seat 2: Hero folded before Flop
Seat 7: 457e5600 folded before Flop
Seat 5: ff40808d folded before Flop (didn't bet)



Poker Hand #ring_842727668: NLH No Limit ($1/$2) - 2025/04/25 23:17:38
Table 'MR NLH 1/2' 7-max Seat #6 is the button
Seat 4: 7f48982b ($235.03 in chips)
Seat 6: c8b53980 ($397 in chips)
Seat 3: 8e78e374 ($180.95 in chips)
Seat 2: Hero ($89.75 in chips)
Seat 5: ff40808d ($271.51 in chips)
Hero: posts small blind $1
8e78e374: posts big blind $2
*** HOLE CARDS ***
Dealt to 7f48982b 
Dealt to c8b53980 
Dealt to 8e78e374 
Dealt to Hero [3c Qc]
Dealt to ff40808d 
7f48982b: folds
ff40808d: folds
c8b53980: raises $3 to $5
Hero: folds
8e78e374: calls $3
*** FLOP *** [Js Ks 8h]
8e78e374: checks
c8b53980: checks
*** TURN *** [Js Ks 8h] [4c]
8e78e374: checks
c8b53980: checks
*** RIVER *** [Js Ks 8h 4c] [6h]
8e78e374: checks
c8b53980: checks
8e78e374: shows [9h Qh]
c8b53980: shows [Ah 4d]
*** SHOWDOWN ***
c8b53980 collected $11 from pot
*** SUMMARY ***
Total pot $11
Board [Js Ks 8h 4c 6h]
Seat 4: 7f48982b folded before Flop (didn't bet)
Seat 6: c8b53980 showed [Ah 4d] and won ($11) with Pair of Fours
Seat 3: 8e78e374(big blind) showed [9h Qh] and lost with King-High
Seat 2: Hero(small blind) folded before Flop
Seat 5: ff40808d folded before Flop (didn't bet)



Poker Hand #ring_842726906: NLH No Limit ($1/$2) - 2025/04/25 23:17:12
Table 'MR NLH 1/2' 7-max Seat #5 is the button
Seat 4: 7f48982b ($232.03 in chips)
Seat 6: c8b53980 ($398 in chips)
Seat 3: 8e78e374 ($180.95 in chips)
Seat 2: Hero ($91.75 in chips)
Seat 5: ff40808d ($271.51 in chips)
c8b53980: posts small blind $1
Hero: posts big blind $2
*** HOLE CARDS ***
Dealt to 7f48982b 
Dealt to c8b53980 
Dealt to 8e78e374 
Dealt to Hero [Kd 6s]
Dealt to ff40808d 
8e78e374: folds
7f48982b: raises $3 to $5
ff40808d: folds
c8b53980: folds
Hero: folds
Uncalled bet ($3) returned to 7f48982b
*** SHOWDOWN ***
7f48982b collected $5 from pot
*** SUMMARY ***
Total pot $5
Seat 4: 7f48982bwon ($5)
Seat 6: c8b53980(small blind) folded before Flop
Seat 3: 8e78e374 folded before Flop (didn't bet)
Seat 2: Hero(big blind) folded before Flop
Seat 5: ff40808d folded before Flop (didn't bet)



Poker Hand #ring_842726001: NLH No Limit ($1/$2) - 2025/04/25 23:16:41
Table 'MR NLH 1/2' 7-max Seat #4 is the button
Seat 4: 7f48982b ($229.03 in chips)
Seat 6: c8b53980 ($400 in chips)
Seat 3: 8e78e374 ($180.95 in chips)
Seat 2: Hero ($91.75 in chips)
Seat 5: ff40808d ($272.51 in chips)
ff40808d: posts small blind $1
c8b53980: posts big blind $2
*** HOLE CARDS ***
Dealt to 7f48982b 
Dealt to c8b53980 
Dealt to 8e78e374 
Dealt to Hero [Th Jc]
Dealt to ff40808d 
Hero: folds
8e78e374: folds
7f48982b: raises $3 to $5
ff40808d: folds
c8b53980: folds
Uncalled bet ($3) returned to 7f48982b
*** SHOWDOWN ***
7f48982b collected $5 from pot
*** SUMMARY ***
Total pot $5
Seat 4: 7f48982bwon ($5)
Seat 6: c8b53980(big blind) folded before Flop
Seat 3: 8e78e374 folded before Flop (didn't bet)
Seat 2: Hero folded before Flop (didn't bet)
Seat 5: ff40808d(small blind) folded before Flop



Poker Hand #ring_842725110: NLH No Limit ($1/$2) - 2025/04/25 23:16:11
Table 'MR NLH 1/2' 7-max Seat #3 is the button
Seat 4: 7f48982b ($221.03 in chips)
Seat 3: 8e78e374 ($186.95 in chips)
Seat 2: Hero ($91.75 in chips)
Seat 5: ff40808d ($274.51 in chips)
7f48982b: posts small blind $1
ff40808d: posts big blind $2
*** HOLE CARDS ***
Dealt to 7f48982b 
Dealt to 8e78e374 
Dealt to Hero [8h 5c]
Dealt to ff40808d 
Hero: folds
8e78e374: raises $4 to $6
7f48982b: raises $16 to $22
ff40808d: folds
8e78e374: folds
Uncalled bet ($16) returned to 7f48982b
*** SHOWDOWN ***
7f48982b collected $14 from pot
*** SUMMARY ***
Total pot $14
Seat 4: 7f48982b(small blind)won ($14)
Seat 3: 8e78e374 folded before Flop
Seat 2: Hero folded before Flop (didn't bet)
Seat 5: ff40808d(big blind) folded before Flop



Poker Hand #ring_842722077: NLH No Limit ($1/$2) - 2025/04/25 23:14:25
Table 'MR NLH 1/2' 7-max Seat #2 is the button
Seat 4: 7f48982b ($226.03 in chips)
Seat 3: 8e78e374 ($187.95 in chips)
Seat 2: Hero ($138.75 in chips)
Seat 5: ff40808d ($226.51 in chips)
8e78e374: posts small blind $1
7f48982b: posts big blind $2
*** HOLE CARDS ***
Dealt to 7f48982b 
Dealt to 8e78e374 
Dealt to Hero [Ks 5s]
Dealt to ff40808d 
ff40808d: raises $3 to $5
Hero: calls $5
8e78e374: folds
7f48982b: calls $3
*** FLOP *** [Jd 8s Kd]
7f48982b: checks
ff40808d: bets $12
Hero: calls $12
7f48982b: folds
*** TURN *** [Jd 8s Kd] [Js]
ff40808d: bets $30
Hero: calls $30
*** RIVER *** [Jd 8s Kd Js] [6d]
ff40808d: bets $92
Hero: folds
Uncalled bet ($92) returned to ff40808d
ff40808d: shows [Kc]
*** SHOWDOWN ***
ff40808d collected $100 from pot
*** SUMMARY ***
Total pot $100
Board [Jd 8s Kd Js 6d]
Seat 4: 7f48982b(big blind) folded on the Flop
Seat 3: 8e78e374(small blind) folded before Flop
Seat 2: Hero folded on the River
Seat 5: ff40808d showed [Kc] and won ($100) with Kings Full over Jacks



Poker Hand #ring_842720921: NLH No Limit ($1/$2) - 2025/04/25 23:13:45
Table 'MR NLH 1/2' 7-max Seat #5 is the button
Seat 4: 7f48982b ($226.03 in chips)
Seat 3: 8e78e374 ($192.95 in chips)
Seat 2: Hero ($139.75 in chips)
Seat 5: ff40808d ($221 in chips)
Hero: posts small blind $1
8e78e374: posts big blind $2
*** HOLE CARDS ***
Dealt to 7f48982b 
Dealt to 8e78e374 
Dealt to Hero [7c 3s]
Dealt to ff40808d 
7f48982b: folds
ff40808d: raises $3 to $5
Hero: folds
8e78e374: calls $3
*** FLOP *** [2c 3c 8d]
8e78e374: checks
ff40808d: bets $8.25
8e78e374: folds
Uncalled bet ($8.25) returned to ff40808d
*** SHOWDOWN ***
ff40808d collected $11 from pot
*** SUMMARY ***
Total pot $11
Board [2c 3c 8d]
Seat 4: 7f48982b folded before Flop (didn't bet)
Seat 3: 8e78e374(big blind) folded on the Flop
Seat 2: Hero(small blind) folded before Flop
Seat 5: ff40808dwon ($11) with Three Eights



Poker Hand #ring_842720435: NLH No Limit ($1/$2) - 2025/04/25 23:13:28
Table 'MR NLH 1/2' 7-max Seat #4 is the button
Seat 4: 7f48982b ($226.03 in chips)
Seat 3: 8e78e374 ($192.95 in chips)
Seat 2: Hero ($141.75 in chips)
Seat 5: ff40808d ($219 in chips)
ff40808d: posts small blind $1
Hero: posts big blind $2
*** HOLE CARDS ***
Dealt to 7f48982b 
Dealt to 8e78e374 
Dealt to Hero [4d 6s]
Dealt to ff40808d 
8e78e374: folds
7f48982b: folds
ff40808d: raises $4 to $6
Hero: folds
Uncalled bet ($4) returned to ff40808d
*** SHOWDOWN ***
ff40808d collected $4 from pot
*** SUMMARY ***
Total pot $4
Seat 4: 7f48982b folded before Flop (didn't bet)
Seat 3: 8e78e374 folded before Flop (didn't bet)
Seat 2: Hero(big blind) folded before Flop
Seat 5: ff40808d(small blind)won ($4)



Poker Hand #ring_842719630: NLH No Limit ($1/$2) - 2025/04/25 23:12:58
Table 'MR NLH 1/2' 7-max Seat #3 is the button
Seat 4: 7f48982b ($227.03 in chips)
Seat 3: 8e78e374 ($192.95 in chips)
Seat 2: Hero ($141.75 in chips)
Seat 5: ff40808d ($218 in chips)
7f48982b: posts small blind $1
ff40808d: posts big blind $2
*** HOLE CARDS ***
Dealt to 7f48982b 
Dealt to 8e78e374 
Dealt to Hero [8s Th]
Dealt to ff40808d 
Hero: folds
8e78e374: folds
7f48982b: folds
*** SHOWDOWN ***
ff40808d collected $3 from pot
*** SUMMARY ***
Total pot $3
Seat 4: 7f48982b(small blind) folded before Flop
Seat 3: 8e78e374 folded before Flop (didn't bet)
Seat 2: Hero folded before Flop (didn't bet)
Seat 5: ff40808d(big blind)won ($3)



Poker Hand #ring_842718623: NLH No Limit ($1/$2) - 2025/04/25 23:12:23
Table 'MR NLH 1/2' 7-max Seat #2 is the button
Seat 4: 7f48982b ($233.03 in chips)
Seat 3: 8e78e374 ($193.95 in chips)
Seat 2: Hero ($135.33 in chips)
8e78e374: posts small blind $1
7f48982b: posts big blind $2
*** HOLE CARDS ***
Dealt to 7f48982b 
Dealt to 8e78e374 
Dealt to Hero [Th Ac]
Hero: raises $4 to $6
8e78e374: folds
7f48982b: calls $4
*** FLOP *** [9d 6d 5c]
7f48982b: checks
Hero: checks
*** TURN *** [9d 6d 5c] [6s]
7f48982b: checks
Hero: checks
*** RIVER *** [9d 6d 5c 6s] [9c]
7f48982b: checks
Hero: checks
Hero: shows [Th Ac]
7f48982b: shows [2c 2d]
*** SHOWDOWN ***
Hero collected $13 from pot
*** SUMMARY ***
Total pot $13
Board [9d 6d 5c 6s 9c]
Seat 4: 7f48982b(big blind) showed [2c 2d] and lost with Pair of Nines and Pair of Sixes
Seat 3: 8e78e374(small blind) folded before Flop
Seat 2: Hero showed [Th Ac] and won ($13) with Pair of Nines and Pair of Sixes



Poker Hand #ring_842716728: NLH No Limit ($1/$2) - 2025/04/25 23:11:15
Table 'MR NLH 1/2' 7-max Seat #4 is the button
Seat 4: 7f48982b ($241.66 in chips)
Seat 3: 8e78e374 ($185.14 in chips)
Seat 2: Hero ($112.33 in chips)
Hero: posts small blind $1
8e78e374: posts big blind $2
*** HOLE CARDS ***
Dealt to 7f48982b 
Dealt to 8e78e374 
Dealt to Hero [6c Js]
7f48982b: raises $3 to $5
Hero: folds
8e78e374: calls $3
*** FLOP *** [4s 7d 9s]
8e78e374: checks
7f48982b: bets $3.63
8e78e374: raises $9.13 to $12.76
7f48982b: folds
Uncalled bet ($9.13) returned to 8e78e374
*** SHOWDOWN ***
8e78e374 collected $18.26 from pot
*** SUMMARY ***
Total pot $18.26
Board [4s 7d 9s]
Seat 4: 7f48982b folded on the Flop
Seat 3: 8e78e374(big blind)won ($18.26) with Pair of Nines and Pair of Sevens
Seat 2: Hero(small blind) folded before Flop



Poker Hand #ring_842714560: NLH No Limit ($1/$2) - 2025/04/25 23:09:57
Table 'MR NLH 1/2' 7-max Seat #3 is the button
Seat 4: 7f48982b ($242.66 in chips)
Seat 3: 8e78e374 ($197.64 in chips)
Seat 2: Hero ($100 in chips)
7f48982b: posts small blind $1
Hero: posts big blind $2
*** HOLE CARDS ***
Dealt to 7f48982b 
Dealt to 8e78e374 
Dealt to Hero [2h Ah]
8e78e374: raises $4 to $6
7f48982b: folds
Hero: calls $4
*** FLOP *** [Tc 9h 4h]
Hero: checks
8e78e374: bets $6.5
Hero: raises $29.9 to $36.4
8e78e374: folds
Uncalled bet ($29.9) returned to Hero
*** SHOWDOWN ***
Hero collected $26 from pot
*** SUMMARY ***
Total pot $26
Board [Tc 9h 4h]
Seat 4: 7f48982b(small blind) folded before Flop
Seat 3: 8e78e374 folded on the Flop
Seat 2: Hero(big blind)won ($26) with Ace-High



