Poker Hand #ring_821824088: NLH No Limit ($1/$2) - 2025/04/13 17:24:49
Table 'MR NLH 1/2' 7-max Seat #7 is the button
Seat 5: 2bb3e9e2 ($880.06 in chips)
Seat 4: c5e5ac05 ($394.84 in chips)
Seat 7: 39b2eb90 ($473.83 in chips)
Seat 3: Hero ($475.62 in chips)
Seat 1: a909de99 ($56.11 in chips)
Seat 2: f4e79fed ($136.09 in chips)
Seat 6: 80f449e ($384.6 in chips)
a909de99: posts small blind $1
f4e79fed: posts big blind $2
*** HOLE CARDS ***
Dealt to 2bb3e9e2 
Dealt to c5e5ac05 
Dealt to 39b2eb90 
Dealt to Hero [7c Qh]
Dealt to a909de99 
Dealt to f4e79fed 
Dealt to 80f449e 
Hero: folds
c5e5ac05: raises $4 to $6
2bb3e9e2: raises $12 to $18
80f449e: folds
39b2eb90: folds
a909de99: folds
f4e79fed: folds
c5e5ac05: calls $12
*** FLOP *** [Ks Tc 6h]
c5e5ac05: checks
2bb3e9e2: bets $10
c5e5ac05: calls $10
*** TURN *** [Ks Tc 6h] [8h]
c5e5ac05: checks
2bb3e9e2: checks
*** RIVER *** [Ks Tc 6h 8h] [Jc]
c5e5ac05: checks
2bb3e9e2: bets $49
c5e5ac05: folds
Uncalled bet ($49) returned to 2bb3e9e2
*** SHOWDOWN ***
2bb3e9e2 collected $59 from pot
*** SUMMARY ***
Total pot $59
Board [Ks Tc 6h 8h Jc]
Seat 5: 2bb3e9e2won ($59) with Aces-High Straight
Seat 4: c5e5ac05 folded on the River
Seat 7: 39b2eb90 folded before Flop (didn't bet)
Seat 3: Hero folded before Flop (didn't bet)
Seat 1: a909de99(small blind) folded before Flop
Seat 2: f4e79fed(big blind) folded before Flop
Seat 6: 80f449e folded before Flop (didn't bet)



Poker Hand #ring_821823229: NLH No Limit ($1/$2) - 2025/04/13 17:24:00
Table 'MR NLH 1/2' 7-max Seat #6 is the button
Seat 5: 2bb3e9e2 ($880.06 in chips)
Seat 4: c5e5ac05 ($394.84 in chips)
Seat 7: 39b2eb90 ($479.83 in chips)
Seat 3: Hero ($481.62 in chips)
Seat 1: a909de99 ($58.11 in chips)
Seat 2: f4e79fed ($123.49 in chips)
Seat 6: 80f449e ($384.6 in chips)
39b2eb90: posts small blind $1
a909de99: posts big blind $2
*** HOLE CARDS ***
Dealt to 2bb3e9e2 
Dealt to c5e5ac05 
Dealt to 39b2eb90 
Dealt to Hero [8h 6h]
Dealt to a909de99 
Dealt to f4e79fed 
Dealt to 80f449e 
f4e79fed: calls $2
Hero: raises $4 to $6
c5e5ac05: folds
2bb3e9e2: folds
80f449e: folds
39b2eb90: calls $5
a909de99: folds
f4e79fed: calls $4
*** FLOP *** [4c Ac Kh]
39b2eb90: checks
f4e79fed: checks
Hero: checks
*** TURN *** [4c Ac Kh] [Qs]
39b2eb90: checks
f4e79fed: bets $10
Hero: folds
39b2eb90: folds
Uncalled bet ($10) returned to f4e79fed
*** SHOWDOWN ***
f4e79fed collected $20 from pot
*** SUMMARY ***
Total pot $20
Board [4c Ac Kh Qs]
Seat 5: 2bb3e9e2 folded before Flop (didn't bet)
Seat 4: c5e5ac05 folded before Flop (didn't bet)
Seat 7: 39b2eb90(small blind) folded on the Turn
Seat 3: Hero folded on the Turn
Seat 1: a909de99(big blind) folded before Flop
Seat 2: f4e79fedwon ($20) with Pair of Aces
Seat 6: 80f449e folded before Flop (didn't bet)



Poker Hand #ring_821821593: NLH No Limit ($1/$2) - 2025/04/13 17:22:31
Table 'MR NLH 1/2' 7-max Seat #5 is the button
Seat 5: 2bb3e9e2 ($880.06 in chips)
Seat 4: c5e5ac05 ($394.84 in chips)
Seat 7: 39b2eb90 ($400 in chips)
Seat 3: Hero ($543.79 in chips)
Seat 1: a909de99 ($58.11 in chips)
Seat 2: f4e79fed ($123.49 in chips)
Seat 6: 80f449e ($409.47 in chips)
80f449e: posts small blind $1
39b2eb90: posts big blind $2
*** HOLE CARDS ***
Dealt to 2bb3e9e2 
Dealt to c5e5ac05 
Dealt to 39b2eb90 
Dealt to Hero [Tc Ad]
Dealt to a909de99 
Dealt to f4e79fed 
Dealt to 80f449e 
a909de99: folds
f4e79fed: folds
Hero: raises $3 to $5
c5e5ac05: folds
2bb3e9e2: folds
80f449e: calls $4
39b2eb90: calls $3
*** FLOP *** [6d Kc Jd]
80f449e: bets $7.5
39b2eb90: calls $7.5
Hero: calls $7.5
*** TURN *** [6d Kc Jd] [8s]
80f449e: checks
39b2eb90: checks
Hero: checks
*** RIVER *** [6d Kc Jd 8s] [3c]
80f449e: bets $12.37
39b2eb90: calls $12.37
Hero: raises $37.3 to $49.67
80f449e: folds
39b2eb90: calls $37.3
Hero: shows [Tc Ad]
39b2eb90: shows [9d Kh]
*** SHOWDOWN ***
39b2eb90 collected $149.21 from pot
*** SUMMARY ***
Total pot $149.21
Board [6d Kc Jd 8s 3c]
Seat 5: 2bb3e9e2 folded before Flop (didn't bet)
Seat 4: c5e5ac05 folded before Flop (didn't bet)
Seat 7: 39b2eb90(big blind) showed [9d Kh] and won ($149.21) with Pair of Kings
Seat 3: Hero showed [Tc Ad] and lost with Ace-High
Seat 1: a909de99 folded before Flop (didn't bet)
Seat 2: f4e79fed folded before Flop (didn't bet)
Seat 6: 80f449e(small blind) folded on the River



Poker Hand #ring_821820751: NLH No Limit ($1/$2) - 2025/04/13 17:21:44
Table 'MR NLH 1/2' 7-max Seat #4 is the button
Seat 5: 2bb3e9e2 ($881.06 in chips)
Seat 4: c5e5ac05 ($388.42 in chips)
Seat 7: 39b2eb90 ($398 in chips)
Seat 3: Hero ($543.79 in chips)
Seat 1: a909de99 ($58.11 in chips)
Seat 2: f4e79fed ($123.49 in chips)
Seat 6: 80f449e ($415.47 in chips)
2bb3e9e2: posts small blind $1
80f449e: posts big blind $2
*** HOLE CARDS ***
Dealt to 2bb3e9e2 
Dealt to c5e5ac05 
Dealt to 39b2eb90 
Dealt to Hero [Kd Tc]
Dealt to a909de99 
Dealt to f4e79fed 
Dealt to 80f449e 
39b2eb90: folds
a909de99: folds
f4e79fed: folds
Hero: folds
c5e5ac05: raises $4 to $6
2bb3e9e2: folds
80f449e: calls $4
*** FLOP *** [2c 6h Td]
80f449e: checks
c5e5ac05: checks
*** TURN *** [2c 6h Td] [Kc]
80f449e: checks
c5e5ac05: bets $9.75
80f449e: folds
Uncalled bet ($9.75) returned to c5e5ac05
*** SHOWDOWN ***
c5e5ac05 collected $13 from pot
*** SUMMARY ***
Total pot $13
Board [2c 6h Td Kc]
Seat 5: 2bb3e9e2(small blind) folded before Flop
Seat 4: c5e5ac05won ($13) with King-High
Seat 7: 39b2eb90 folded before Flop (didn't bet)
Seat 3: Hero folded before Flop (didn't bet)
Seat 1: a909de99 folded before Flop (didn't bet)
Seat 2: f4e79fed folded before Flop (didn't bet)
Seat 6: 80f449e(big blind) folded on the Turn



Poker Hand #ring_821820194: NLH No Limit ($1/$2) - 2025/04/13 17:21:12
Table 'MR NLH 1/2' 7-max Seat #3 is the button
Seat 5: 2bb3e9e2 ($883.06 in chips)
Seat 4: c5e5ac05 ($384.69 in chips)
Seat 7: 39b2eb90 ($400 in chips)
Seat 3: Hero ($543.79 in chips)
Seat 1: a909de99 ($58.11 in chips)
Seat 2: f4e79fed ($123.49 in chips)
Seat 6: 80f449e ($415.47 in chips)
c5e5ac05: posts small blind $1
2bb3e9e2: posts big blind $2
39b2eb90: posts big blind $2
*** HOLE CARDS ***
Dealt to 2bb3e9e2 
Dealt to c5e5ac05 
Dealt to 39b2eb90 
Dealt to Hero [7h 2s]
Dealt to a909de99 
Dealt to f4e79fed 
Dealt to 80f449e 
80f449e: folds
39b2eb90: checks
a909de99: folds
f4e79fed: folds
Hero: folds
c5e5ac05: calls $1
2bb3e9e2: checks
*** FLOP *** [2h 8s Jc]
c5e5ac05: bets $3
2bb3e9e2: folds
39b2eb90: folds
Uncalled bet ($3) returned to c5e5ac05
*** SHOWDOWN ***
c5e5ac05 collected $6 from pot
*** SUMMARY ***
Total pot $6
Board [2h 8s Jc]
Seat 5: 2bb3e9e2(big blind) folded on the Flop
Seat 4: c5e5ac05(small blind)won ($6) with Pair of Jacks
Seat 7: 39b2eb90 folded on the Flop
Seat 3: Hero folded before Flop (didn't bet)
Seat 1: a909de99 folded before Flop (didn't bet)
Seat 2: f4e79fed folded before Flop (didn't bet)
Seat 6: 80f449e folded before Flop (didn't bet)



Poker Hand #ring_821818950: NLH No Limit ($1/$2) - 2025/04/13 17:20:03
Table 'MR NLH 1/2' 7-max Seat #2 is the button
Seat 5: 2bb3e9e2 ($883.06 in chips)
Seat 4: c5e5ac05 ($386.69 in chips)
Seat 3: Hero ($540.06 in chips)
Seat 1: a909de99 ($58.11 in chips)
Seat 2: f4e79fed ($123.49 in chips)
Seat 6: 80f449e ($417.47 in chips)
Hero: posts small blind $1
c5e5ac05: posts big blind $2
*** HOLE CARDS ***
Dealt to 2bb3e9e2 
Dealt to c5e5ac05 
Dealt to Hero [Qs 4h]
Dealt to a909de99 
Dealt to f4e79fed 
Dealt to 80f449e 
2bb3e9e2: folds
80f449e: calls $2
a909de99: folds
f4e79fed: folds
Hero: calls $1
c5e5ac05: checks
*** FLOP *** [3c Qd Kh]
Hero: checks
c5e5ac05: checks
80f449e: checks
*** TURN *** [3c Qd Kh] [8h]
Hero: checks
c5e5ac05: checks
80f449e: checks
*** RIVER *** [3c Qd Kh 8h] [Ks]
Hero: bets $3
c5e5ac05: folds
80f449e: folds
Uncalled bet ($3) returned to Hero
*** SHOWDOWN ***
Hero collected $6 from pot
*** SUMMARY ***
Total pot $6
Board [3c Qd Kh 8h Ks]
Seat 5: 2bb3e9e2 folded before Flop (didn't bet)
Seat 4: c5e5ac05(big blind) folded on the River
Seat 3: Hero(small blind)won ($6) with Pair of Kings and Pair of Queens
Seat 1: a909de99 folded before Flop (didn't bet)
Seat 2: f4e79fed folded before Flop (didn't bet)
Seat 6: 80f449e folded on the River



Poker Hand #ring_821818333: NLH No Limit ($1/$2) - 2025/04/13 17:19:29
Table 'MR NLH 1/2' 7-max Seat #1 is the button
Seat 5: 2bb3e9e2 ($871.23 in chips)
Seat 4: c5e5ac05 ($386.69 in chips)
Seat 3: Hero ($552.56 in chips)
Seat 1: a909de99 ($58.11 in chips)
Seat 2: f4e79fed ($124.49 in chips)
Seat 6: 80f449e ($417.47 in chips)
f4e79fed: posts small blind $1
Hero: posts big blind $2
*** HOLE CARDS ***
Dealt to 2bb3e9e2 
Dealt to c5e5ac05 
Dealt to Hero [Qc Kc]
Dealt to a909de99 
Dealt to f4e79fed 
Dealt to 80f449e 
c5e5ac05: folds
2bb3e9e2: raises $4 to $6
80f449e: folds
a909de99: folds
f4e79fed: folds
Hero: calls $4
*** FLOP *** [Jc 8s Ac]
Hero: checks
2bb3e9e2: checks
*** TURN *** [Jc 8s Ac] [8d]
Hero: checks
2bb3e9e2: bets $6.5
Hero: calls $6.5
*** RIVER *** [Jc 8s Ac 8d] [Jd]
Hero: checks
2bb3e9e2: checks
Hero: shows [Qc Kc]
2bb3e9e2: shows [Th As]
*** SHOWDOWN ***
2bb3e9e2 collected $26 from pot
*** SUMMARY ***
Total pot $26
Board [Jc 8s Ac 8d Jd]
Seat 5: 2bb3e9e2 showed [Th As] and won ($26) with Pair of Aces and Pair of Jacks
Seat 4: c5e5ac05 folded before Flop (didn't bet)
Seat 3: Hero(big blind) showed [Qc Kc] and lost with Pair of Jacks and Pair of Eights
Seat 1: a909de99 folded before Flop (didn't bet)
Seat 2: f4e79fed(small blind) folded before Flop
Seat 6: 80f449e folded before Flop (didn't bet)



Poker Hand #ring_821817286: NLH No Limit ($1/$2) - 2025/04/13 17:18:32
Table 'MR NLH 1/2' 7-max Seat #6 is the button
Seat 5: 2bb3e9e2 ($871.23 in chips)
Seat 4: c5e5ac05 ($386.69 in chips)
Seat 3: Hero ($530.22 in chips)
Seat 1: a909de99 ($81.11 in chips)
Seat 2: f4e79fed ($126.49 in chips)
Seat 6: 80f449e ($417.47 in chips)
a909de99: posts small blind $1
f4e79fed: posts big blind $2
*** HOLE CARDS ***
Dealt to 2bb3e9e2 
Dealt to c5e5ac05 
Dealt to Hero [Qh Kc]
Dealt to a909de99 
Dealt to f4e79fed 
Dealt to 80f449e 
Hero: raises $3 to $5
c5e5ac05: folds
2bb3e9e2: folds
80f449e: folds
a909de99: calls $4
f4e79fed: folds
*** FLOP *** [Qd 4s 8c]
a909de99: checks
Hero: bets $6
a909de99: calls $6
*** TURN *** [Qd 4s 8c] [3d]
a909de99: checks
Hero: bets $12
a909de99: calls $12
*** RIVER *** [Qd 4s 8c 3d] [Kh]
a909de99: checks
Hero: bets $31.28
a909de99: folds
Uncalled bet ($31.28) returned to Hero
*** SHOWDOWN ***
Hero collected $48 from pot
*** SUMMARY ***
Total pot $48
Board [Qd 4s 8c 3d Kh]
Seat 5: 2bb3e9e2 folded before Flop (didn't bet)
Seat 4: c5e5ac05 folded before Flop (didn't bet)
Seat 3: Herowon ($48) with Pair of Kings and Pair of Queens
Seat 1: a909de99(small blind) folded on the River
Seat 2: f4e79fed(big blind) folded before Flop
Seat 6: 80f449e folded before Flop (didn't bet)



Poker Hand #ring_821816677: NLH No Limit ($1/$2) - 2025/04/13 17:17:59
Table 'MR NLH 1/2' 7-max Seat #5 is the button
Seat 5: 2bb3e9e2 ($866.54 in chips)
Seat 4: c5e5ac05 ($386.69 in chips)
Seat 3: Hero ($530.22 in chips)
Seat 1: a909de99 ($83.11 in chips)
Seat 2: f4e79fed ($128.49 in chips)
Seat 6: 80f449e ($418.47 in chips)
80f449e: posts small blind $1
a909de99: posts big blind $2
*** HOLE CARDS ***
Dealt to 2bb3e9e2 
Dealt to c5e5ac05 
Dealt to Hero [5h 9d]
Dealt to a909de99 
Dealt to f4e79fed 
Dealt to 80f449e 
f4e79fed: calls $2
Hero: folds
c5e5ac05: folds
2bb3e9e2: calls $2
80f449e: folds
a909de99: checks
*** FLOP *** [2h 5d 2s]
a909de99: checks
f4e79fed: checks
2bb3e9e2: bets $7
a909de99: folds
f4e79fed: folds
Uncalled bet ($7) returned to 2bb3e9e2
*** SHOWDOWN ***
2bb3e9e2 collected $7 from pot
*** SUMMARY ***
Total pot $7
Board [2h 5d 2s]
Seat 5: 2bb3e9e2won ($7) with Pair of Twos
Seat 4: c5e5ac05 folded before Flop (didn't bet)
Seat 3: Hero folded before Flop (didn't bet)
Seat 1: a909de99(big blind) folded on the Flop
Seat 2: f4e79fed folded on the Flop
Seat 6: 80f449e(small blind) folded before Flop



Poker Hand #ring_821815509: NLH No Limit ($1/$2) - 2025/04/13 17:16:52
Table 'MR NLH 1/2' 7-max Seat #4 is the button
Seat 5: 2bb3e9e2 ($867.54 in chips)
Seat 4: c5e5ac05 ($402.19 in chips)
Seat 3: Hero ($456.52 in chips)
Seat 1: a909de99 ($88.11 in chips)
Seat 2: f4e79fed ($128.49 in chips)
Seat 6: 80f449e ($477.44 in chips)
2bb3e9e2: posts small blind $1
80f449e: posts big blind $2
*** HOLE CARDS ***
Dealt to 2bb3e9e2 
Dealt to c5e5ac05 
Dealt to Hero [8c 6c]
Dealt to a909de99 
Dealt to f4e79fed 
Dealt to 80f449e 
a909de99: raises $3 to $5
f4e79fed: folds
Hero: calls $5
c5e5ac05: calls $5
2bb3e9e2: folds
80f449e: calls $3
*** FLOP *** [8d 7h 3c]
80f449e: checks
a909de99: checks
Hero: bets $10.5
c5e5ac05: calls $10.5
80f449e: calls $10.5
a909de99: folds
*** TURN *** [8d 7h 3c] [Qs]
80f449e: checks
Hero: bets $15.75
c5e5ac05: folds
80f449e: calls $15.75
*** RIVER *** [8d 7h 3c Qs] [9s]
80f449e: bets $27.72
Hero: calls $27.72
Hero: shows [8c 6c]
80f449e: shows [7s 6s]
*** SHOWDOWN ***
Hero collected $139.44 from pot
*** SUMMARY ***
Total pot $139.44
Board [8d 7h 3c Qs 9s]
Seat 5: 2bb3e9e2(small blind) folded before Flop
Seat 4: c5e5ac05 folded on the Turn
Seat 3: Hero showed [8c 6c] and won ($139.44) with Pair of Eights
Seat 1: a909de99 folded on the Flop
Seat 2: f4e79fed folded before Flop (didn't bet)
Seat 6: 80f449e(big blind) showed [7s 6s] and lost with Pair of Sevens



Poker Hand #ring_821814741: NLH No Limit ($1/$2) - 2025/04/13 17:16:09
Table 'MR NLH 1/2' 7-max Seat #3 is the button
Seat 5: 2bb3e9e2 ($878.04 in chips)
Seat 4: c5e5ac05 ($403.19 in chips)
Seat 3: Hero ($446.51 in chips)
Seat 1: a909de99 ($88.11 in chips)
Seat 2: f4e79fed ($128.49 in chips)
Seat 6: 80f449e ($477.44 in chips)
c5e5ac05: posts small blind $1
2bb3e9e2: posts big blind $2
*** HOLE CARDS ***
Dealt to 2bb3e9e2 
Dealt to c5e5ac05 
Dealt to Hero [Jc Kc]
Dealt to a909de99 
Dealt to f4e79fed 
Dealt to 80f449e 
80f449e: folds
a909de99: folds
f4e79fed: folds
Hero: raises $3 to $5
c5e5ac05: folds
2bb3e9e2: calls $3
*** FLOP *** [Qc Kh 5c]
2bb3e9e2: checks
Hero: checks
*** TURN *** [Qc Kh 5c] [6s]
2bb3e9e2: checks
Hero: bets $5.5
2bb3e9e2: calls $5.5
*** RIVER *** [Qc Kh 5c 6s] [Jd]
2bb3e9e2: checks
Hero: bets $16.5
2bb3e9e2: folds
Uncalled bet ($16.5) returned to Hero
*** SHOWDOWN ***
Hero collected $22 from pot
*** SUMMARY ***
Total pot $22
Board [Qc Kh 5c 6s Jd]
Seat 5: 2bb3e9e2(big blind) folded on the River
Seat 4: c5e5ac05(small blind) folded before Flop
Seat 3: Herowon ($22) with Pair of Kings and Pair of Jacks
Seat 1: a909de99 folded before Flop (didn't bet)
Seat 2: f4e79fed folded before Flop (didn't bet)
Seat 6: 80f449e folded before Flop (didn't bet)



Poker Hand #ring_821813466: NLH No Limit ($1/$2) - 2025/04/13 17:14:57
Table 'MR NLH 1/2' 7-max Seat #2 is the button
Seat 5: 2bb3e9e2 ($837.35 in chips)
Seat 4: c5e5ac05 ($409.19 in chips)
Seat 3: Hero ($447.51 in chips)
Seat 1: a909de99 ($106.61 in chips)
Seat 2: f4e79fed ($128.49 in chips)
Seat 6: 80f449e ($495.94 in chips)
Hero: posts small blind $1
c5e5ac05: posts big blind $2
*** HOLE CARDS ***
Dealt to 2bb3e9e2 
Dealt to c5e5ac05 
Dealt to Hero [5s Ts]
Dealt to a909de99 
Dealt to f4e79fed 
Dealt to 80f449e 
2bb3e9e2: raises $4 to $6
80f449e: calls $6
a909de99: calls $6
f4e79fed: folds
Hero: folds
c5e5ac05: calls $4
*** FLOP *** [8c Ks 3h]
c5e5ac05: checks
2bb3e9e2: checks
80f449e: checks
a909de99: bets $12.5
c5e5ac05: folds
2bb3e9e2: calls $12.5
80f449e: calls $12.5
*** TURN *** [8c Ks 3h] [Kh]
2bb3e9e2: checks
80f449e: checks
a909de99: checks
*** RIVER *** [8c Ks 3h Kh] [8d]
2bb3e9e2: bets $125
80f449e: folds
a909de99: folds
Uncalled bet ($125) returned to 2bb3e9e2
2bb3e9e2: shows [6d]
80f449e: shows [8h]
*** SHOWDOWN ***
2bb3e9e2 collected $62.5 from pot
*** SUMMARY ***
Total pot $62.5
Board [8c Ks 3h Kh 8d]
Seat 5: 2bb3e9e2 showed [6d] and won ($62.5) with Kings Full over Eights
Seat 4: c5e5ac05(big blind) folded on the Flop
Seat 3: Hero(small blind) folded before Flop
Seat 1: a909de99 folded on the River
Seat 2: f4e79fed folded before Flop (didn't bet)
Seat 6: 80f449e folded on the River



Poker Hand #ring_821812386: NLH No Limit ($1/$2) - 2025/04/13 17:13:56
Table 'MR NLH 1/2' 7-max Seat #1 is the button
Seat 5: 2bb3e9e2 ($843.35 in chips)
Seat 4: c5e5ac05 ($409.19 in chips)
Seat 3: Hero ($453.51 in chips)
Seat 1: a909de99 ($168.14 in chips)
Seat 2: f4e79fed ($61.53 in chips)
Seat 6: 80f449e ($495.94 in chips)
f4e79fed: posts small blind $1
Hero: posts big blind $2
*** HOLE CARDS ***
Dealt to 2bb3e9e2 
Dealt to c5e5ac05 
Dealt to Hero [3s Qh]
Dealt to a909de99 
Dealt to f4e79fed 
Dealt to 80f449e 
c5e5ac05: folds
2bb3e9e2: raises $4 to $6
80f449e: folds
a909de99: calls $6
f4e79fed: calls $5
Hero: calls $4
*** FLOP *** [9s 6d Jh]
f4e79fed: bets $24
Hero: folds
2bb3e9e2: folds
a909de99: raises $54 to $78
f4e79fed: calls $31.53 and is all-in
Uncalled bet ($22.47) returned to a909de99
a909de99: shows [Js Qd] (Pair of Jacks)
f4e79fed: shows [6c 9c] (Pair of Nines and Pair of Sixes)
*** TURN *** [9s 6d Jh] [4c]
*** RIVER *** [9s 6d Jh 4c] [3c]
*** SHOWDOWN ***
f4e79fed collected $135.06 from pot
*** SUMMARY ***
Total pot $135.06
Board [9s 6d Jh 4c 3c]
Seat 5: 2bb3e9e2 folded on the Flop
Seat 4: c5e5ac05 folded before Flop (didn't bet)
Seat 3: Hero(big blind) folded on the Flop
Seat 1: a909de99 showed [Js Qd] and lost with Pair of Jacks
Seat 2: f4e79fed(small blind) showed [6c 9c] and won ($135.06) with Pair of Nines and Pair of Sixes
Seat 6: 80f449e folded before Flop (didn't bet)



Poker Hand #ring_821812034: NLH No Limit ($1/$2) - 2025/04/13 17:13:36
Table 'MR NLH 1/2' 7-max Seat #7 is the button
Seat 5: 2bb3e9e2 ($843.35 in chips)
Seat 4: c5e5ac05 ($404.19 in chips)
Seat 3: Hero ($453.51 in chips)
Seat 1: a909de99 ($169.14 in chips)
Seat 7: fdf7cef ($185 in chips)
Seat 2: f4e79fed ($63.53 in chips)
Seat 6: 80f449e ($497.94 in chips)
a909de99: posts small blind $1
f4e79fed: posts big blind $2
80f449e: posts big blind $2
*** HOLE CARDS ***
Dealt to 2bb3e9e2 
Dealt to c5e5ac05 
Dealt to Hero [4s 5d]
Dealt to a909de99 
Dealt to fdf7cef 
Dealt to f4e79fed 
Dealt to 80f449e 
Hero: folds
c5e5ac05: raises $6 to $8
2bb3e9e2: folds
80f449e: folds
fdf7cef: folds
a909de99: folds
f4e79fed: folds
Uncalled bet ($6) returned to c5e5ac05
*** SHOWDOWN ***
c5e5ac05 collected $7 from pot
*** SUMMARY ***
Total pot $7
Seat 5: 2bb3e9e2 folded before Flop (didn't bet)
Seat 4: c5e5ac05won ($7)
Seat 3: Hero folded before Flop (didn't bet)
Seat 1: a909de99(small blind) folded before Flop
Seat 7: fdf7cef folded before Flop (didn't bet)
Seat 2: f4e79fed(big blind) folded before Flop
Seat 6: 80f449e folded before Flop



Poker Hand #ring_821810681: NLH No Limit ($1/$2) - 2025/04/13 17:12:21
Table 'MR NLH 1/2' 7-max Seat #5 is the button
Seat 5: 2bb3e9e2 ($843.35 in chips)
Seat 4: c5e5ac05 ($393 in chips)
Seat 3: Hero ($453.51 in chips)
Seat 1: a909de99 ($175.14 in chips)
Seat 7: fdf7cef ($191 in chips)
Seat 2: f4e79fed ($63.53 in chips)
fdf7cef: posts small blind $1
a909de99: posts big blind $2
*** HOLE CARDS ***
Dealt to 2bb3e9e2 
Dealt to c5e5ac05 
Dealt to Hero [4h Th]
Dealt to a909de99 
Dealt to fdf7cef 
Dealt to f4e79fed 
f4e79fed: folds
Hero: folds
c5e5ac05: raises $4 to $6
2bb3e9e2: folds
fdf7cef: calls $5
a909de99: calls $4
*** FLOP *** [As Js 2s]
fdf7cef: checks
a909de99: checks
c5e5ac05: checks
*** TURN *** [As Js 2s] [7h]
fdf7cef: checks
a909de99: checks
c5e5ac05: checks
*** RIVER *** [As Js 2s 7h] [Ks]
fdf7cef: checks
a909de99: checks
c5e5ac05: bets $18
fdf7cef: folds
a909de99: folds
Uncalled bet ($18) returned to c5e5ac05
a909de99: shows [Qh Tc]
*** SHOWDOWN ***
c5e5ac05 collected $18 from pot
*** SUMMARY ***
Total pot $18
Board [As Js 2s 7h Ks]
Seat 5: 2bb3e9e2 folded before Flop (didn't bet)
Seat 4: c5e5ac05won ($18) with Ace-High
Seat 3: Hero folded before Flop (didn't bet)
Seat 1: a909de99(big blind) folded on the River
Seat 7: fdf7cef(small blind) folded on the River
Seat 2: f4e79fed folded before Flop (didn't bet)



Poker Hand #ring_821809854: NLH No Limit ($1/$2) - 2025/04/13 17:11:36
Table 'MR NLH 1/2' 7-max Seat #4 is the button
Seat 5: 2bb3e9e2 ($844.35 in chips)
Seat 4: c5e5ac05 ($393 in chips)
Seat 3: Hero ($453.51 in chips)
Seat 1: a909de99 ($142.42 in chips)
Seat 7: fdf7cef ($196 in chips)
Seat 2: f4e79fed ($93.73 in chips)
2bb3e9e2: posts small blind $1
fdf7cef: posts big blind $2
*** HOLE CARDS ***
Dealt to 2bb3e9e2 
Dealt to c5e5ac05 
Dealt to Hero [5d Qc]
Dealt to a909de99 
Dealt to fdf7cef 
Dealt to f4e79fed 
a909de99: raises $3 to $5
f4e79fed: calls $5
Hero: folds
c5e5ac05: folds
2bb3e9e2: folds
fdf7cef: calls $3
*** FLOP *** [9c Ts 8h]
fdf7cef: checks
a909de99: bets $5.28
f4e79fed: calls $5.28
fdf7cef: folds
*** TURN *** [9c Ts 8h] [9h]
a909de99: checks
f4e79fed: checks
*** RIVER *** [9c Ts 8h 9h] [Qd]
a909de99: bets $19.92
f4e79fed: calls $19.92
a909de99: shows [Td Tc]
f4e79fed: shows [Qs Ks]
*** SHOWDOWN ***
a909de99 collected $66.4 from pot
*** SUMMARY ***
Total pot $66.4
Board [9c Ts 8h 9h Qd]
Seat 5: 2bb3e9e2(small blind) folded before Flop
Seat 4: c5e5ac05 folded before Flop (didn't bet)
Seat 3: Hero folded before Flop (didn't bet)
Seat 1: a909de99 showed [Td Tc] and won ($66.4) with Tens Full over Nines
Seat 7: fdf7cef(big blind) folded on the Flop
Seat 2: f4e79fed showed [Qs Ks] and lost with Pair of Queens and Pair of Nines



Poker Hand #ring_821808902: NLH No Limit ($1/$2) - 2025/04/13 17:10:43
Table 'MR NLH 1/2' 7-max Seat #3 is the button
Seat 5: 2bb3e9e2 ($835.02 in chips)
Seat 4: c5e5ac05 ($398 in chips)
Seat 3: Hero ($458.51 in chips)
Seat 1: a909de99 ($142.42 in chips)
Seat 2: f4e79fed ($93.73 in chips)
c5e5ac05: posts small blind $1
2bb3e9e2: posts big blind $2
*** HOLE CARDS ***
Dealt to 2bb3e9e2 
Dealt to c5e5ac05 
Dealt to Hero [Td Kh]
Dealt to a909de99 
Dealt to f4e79fed 
a909de99: folds
f4e79fed: folds
Hero: raises $3 to $5
c5e5ac05: calls $4
2bb3e9e2: calls $3
*** FLOP *** [Ac Tc 9s]
c5e5ac05: checks
2bb3e9e2: checks
Hero: checks
*** TURN *** [Ac Tc 9s] [Qc]
c5e5ac05: checks
2bb3e9e2: bets $25
Hero: folds
c5e5ac05: folds
Uncalled bet ($25) returned to 2bb3e9e2
*** SHOWDOWN ***
2bb3e9e2 collected $15 from pot
*** SUMMARY ***
Total pot $15
Board [Ac Tc 9s Qc]
Seat 5: 2bb3e9e2(big blind)won ($15) with Aces-High Straight
Seat 4: c5e5ac05(small blind) folded on the Turn
Seat 3: Hero folded on the Turn
Seat 1: a909de99 folded before Flop (didn't bet)
Seat 2: f4e79fed folded before Flop (didn't bet)



Poker Hand #ring_821808423: NLH No Limit ($1/$2) - 2025/04/13 17:10:18
Table 'MR NLH 1/2' 7-max Seat #2 is the button
Seat 5: 2bb3e9e2 ($832.02 in chips)
Seat 4: c5e5ac05 ($400 in chips)
Seat 3: Hero ($459.51 in chips)
Seat 1: a909de99 ($142.42 in chips)
Seat 2: f4e79fed ($93.73 in chips)
Hero: posts small blind $1
c5e5ac05: posts big blind $2
*** HOLE CARDS ***
Dealt to 2bb3e9e2 
Dealt to c5e5ac05 
Dealt to Hero [3d Th]
Dealt to a909de99 
Dealt to f4e79fed 
2bb3e9e2: raises $4 to $6
a909de99: folds
f4e79fed: folds
Hero: folds
c5e5ac05: folds
Uncalled bet ($4) returned to 2bb3e9e2
*** SHOWDOWN ***
2bb3e9e2 collected $5 from pot
*** SUMMARY ***
Total pot $5
Seat 5: 2bb3e9e2won ($5)
Seat 4: c5e5ac05(big blind) folded before Flop
Seat 3: Hero(small blind) folded before Flop
Seat 1: a909de99 folded before Flop (didn't bet)
Seat 2: f4e79fed folded before Flop (didn't bet)



Poker Hand #ring_821807670: NLH No Limit ($1/$2) - 2025/04/13 17:09:37
Table 'MR NLH 1/2' 7-max Seat #1 is the button
Seat 7: af6ec8d6 ($399 in chips)
Seat 5: 2bb3e9e2 ($832.02 in chips)
Seat 3: Hero ($464.51 in chips)
Seat 1: a909de99 ($136.91 in chips)
Seat 2: f4e79fed ($94.73 in chips)
f4e79fed: posts small blind $1
Hero: posts big blind $2
*** HOLE CARDS ***
Dealt to af6ec8d6 
Dealt to 2bb3e9e2 
Dealt to Hero [As 6c]
Dealt to a909de99 
Dealt to f4e79fed 
2bb3e9e2: folds
af6ec8d6: folds
a909de99: raises $3 to $5
f4e79fed: folds
Hero: calls $3
*** FLOP *** [8h 4h Td]
Hero: checks
a909de99: bets $5.5
Hero: folds
Uncalled bet ($5.5) returned to a909de99
*** SHOWDOWN ***
a909de99 collected $11 from pot
*** SUMMARY ***
Total pot $11
Board [8h 4h Td]
Seat 7: af6ec8d6 folded before Flop (didn't bet)
Seat 5: 2bb3e9e2 folded before Flop (didn't bet)
Seat 3: Hero(big blind) folded on the Flop
Seat 1: a909de99won ($11) with Pair of Tens
Seat 2: f4e79fed(small blind) folded before Flop



Poker Hand #ring_821807155: NLH No Limit ($1/$2) - 2025/04/13 17:09:09
Table 'MR NLH 1/2' 7-max Seat #7 is the button
Seat 7: af6ec8d6 ($399 in chips)
Seat 5: 2bb3e9e2 ($832.02 in chips)
Seat 3: Hero ($464.51 in chips)
Seat 1: a909de99 ($137.91 in chips)
Seat 2: f4e79fed ($93.73 in chips)
a909de99: posts small blind $1
f4e79fed: posts big blind $2
*** HOLE CARDS ***
Dealt to af6ec8d6 
Dealt to 2bb3e9e2 
Dealt to Hero [4d Qh]
Dealt to a909de99 
Dealt to f4e79fed 
Hero: folds
2bb3e9e2: folds
af6ec8d6: folds
a909de99: folds
*** SHOWDOWN ***
f4e79fed collected $3 from pot
*** SUMMARY ***
Total pot $3
Seat 7: af6ec8d6 folded before Flop (didn't bet)
Seat 5: 2bb3e9e2 folded before Flop (didn't bet)
Seat 3: Hero folded before Flop (didn't bet)
Seat 1: a909de99(small blind) folded before Flop
Seat 2: f4e79fed(big blind)won ($3)



Poker Hand #ring_821806627: NLH No Limit ($1/$2) - 2025/04/13 17:08:40
Table 'MR NLH 1/2' 7-max Seat #5 is the button
Seat 7: af6ec8d6 ($400 in chips)
Seat 5: 2bb3e9e2 ($823.78 in chips)
Seat 3: Hero ($464.51 in chips)
Seat 1: a909de99 ($145.91 in chips)
Seat 2: f4e79fed ($93.73 in chips)
af6ec8d6: posts small blind $1
a909de99: posts big blind $2
*** HOLE CARDS ***
Dealt to af6ec8d6 
Dealt to 2bb3e9e2 
Dealt to Hero [Kc 4c]
Dealt to a909de99 
Dealt to f4e79fed 
f4e79fed: folds
Hero: folds
2bb3e9e2: raises $6 to $8
af6ec8d6: folds
a909de99: calls $6
*** FLOP *** [Ts Jc Kh]
a909de99: checks
2bb3e9e2: bets $4
a909de99: folds
Uncalled bet ($4) returned to 2bb3e9e2
*** SHOWDOWN ***
2bb3e9e2 collected $17 from pot
*** SUMMARY ***
Total pot $17
Board [Ts Jc Kh]
Seat 7: af6ec8d6(small blind) folded before Flop
Seat 5: 2bb3e9e2won ($17) with Ace-High
Seat 3: Hero folded before Flop (didn't bet)
Seat 1: a909de99(big blind) folded on the Flop
Seat 2: f4e79fed folded before Flop (didn't bet)



Poker Hand #ring_821805293: NLH No Limit ($1/$2) - 2025/04/13 17:07:26
Table 'MR NLH 1/2' 7-max Seat #3 is the button
Seat 7: af6ec8d6 ($400 in chips)
Seat 5: 2bb3e9e2 ($824.78 in chips)
Seat 3: Hero ($476.51 in chips)
Seat 1: a909de99 ($182.74 in chips)
Seat 2: f4e79fed ($36.83 in chips)
2bb3e9e2: posts small blind $1
af6ec8d6: posts big blind $2
*** HOLE CARDS ***
Dealt to af6ec8d6 
Dealt to 2bb3e9e2 
Dealt to Hero [3d 5d]
Dealt to a909de99 
Dealt to f4e79fed 
a909de99: raises $3 to $5
f4e79fed: calls $5
Hero: calls $5
2bb3e9e2: folds
af6ec8d6: calls $3
*** FLOP *** [Jh Ts 3c]
af6ec8d6: checks
a909de99: bets $7
f4e79fed: calls $7
Hero: calls $7
af6ec8d6: calls $7
*** TURN *** [Jh Ts 3c] [6c]
af6ec8d6: checks
a909de99: checks
f4e79fed: checks
Hero: checks
*** RIVER *** [Jh Ts 3c 6c] [Qd]
af6ec8d6: checks
a909de99: checks
f4e79fed: bets $24.83 and is all-in
Hero: folds
af6ec8d6: folds
a909de99: calls $24.83
a909de99: shows [Th Qc]
f4e79fed: shows [9c 8s]
*** SHOWDOWN ***
f4e79fed collected $98.66 from pot
*** SUMMARY ***
Total pot $98.66
Board [Jh Ts 3c 6c Qd]
Seat 7: af6ec8d6(big blind) folded on the River
Seat 5: 2bb3e9e2(small blind) folded before Flop
Seat 3: Hero folded on the River
Seat 1: a909de99 showed [Th Qc] and lost with Pair of Queens and Pair of Tens
Seat 2: f4e79fed showed [9c 8s] and won ($98.66) with Queens-High Straight



Poker Hand #ring_821804162: NLH No Limit ($1/$2) - 2025/04/13 17:06:26
Table 'MR NLH 1/2' 7-max Seat #2 is the button
Seat 7: af6ec8d6 ($400 in chips)
Seat 5: 2bb3e9e2 ($801.12 in chips)
Seat 6: c771d260 ($403 in chips)
Seat 3: Hero ($477.51 in chips)
Seat 1: a909de99 ($182.74 in chips)
Seat 2: f4e79fed ($62.33 in chips)
Hero: posts small blind $1
2bb3e9e2: posts big blind $2
*** HOLE CARDS ***
Dealt to af6ec8d6 
Dealt to 2bb3e9e2 
Dealt to c771d260 
Dealt to Hero [3h 5s]
Dealt to a909de99 
Dealt to f4e79fed 
c771d260: folds
af6ec8d6: folds
a909de99: folds
f4e79fed: raises $4 to $6
Hero: folds
2bb3e9e2: calls $4
*** FLOP *** [Td Tc Jd]
2bb3e9e2: checks
f4e79fed: bets $6.5
2bb3e9e2: calls $6.5
*** TURN *** [Td Tc Jd] [Th]
2bb3e9e2: checks
f4e79fed: bets $13
2bb3e9e2: calls $13
*** RIVER *** [Td Tc Jd Th] [2h]
2bb3e9e2: checks
f4e79fed: checks
f4e79fed: shows [Qd Ah]
2bb3e9e2: shows [2s 2d]
*** SHOWDOWN ***
2bb3e9e2 collected $52 from pot
*** SUMMARY ***
Total pot $52
Board [Td Tc Jd Th 2h]
Seat 7: af6ec8d6 folded before Flop (didn't bet)
Seat 5: 2bb3e9e2(big blind) showed [2s 2d] and won ($52) with Tens Full over Twos
Seat 6: c771d260 folded before Flop (didn't bet)
Seat 3: Hero(small blind) folded before Flop
Seat 1: a909de99 folded before Flop (didn't bet)
Seat 2: f4e79fed showed [Qd Ah] and lost with Three Tens



Poker Hand #ring_821802695: NLH No Limit ($1/$2) - 2025/04/13 17:05:03
Table 'MR NLH 1/2' 7-max Seat #1 is the button
Seat 7: af6ec8d6 ($400 in chips)
Seat 4: b357d223 ($338.82 in chips)
Seat 5: 2bb3e9e2 ($490.42 in chips)
Seat 6: c771d260 ($403 in chips)
Seat 3: Hero ($479.51 in chips)
Seat 1: a909de99 ($182.74 in chips)
Seat 2: f4e79fed ($63.33 in chips)
f4e79fed: posts small blind $1
Hero: posts big blind $2
*** HOLE CARDS ***
Dealt to af6ec8d6 
Dealt to b357d223 
Dealt to 2bb3e9e2 
Dealt to c771d260 
Dealt to Hero [4d Ts]
Dealt to a909de99 
Dealt to f4e79fed 
b357d223: raises $2 to $4
2bb3e9e2: raises $12 to $16
c771d260: folds
af6ec8d6: folds
a909de99: folds
f4e79fed: folds
Hero: folds
b357d223: calls $12
*** FIRST FLOP *** [Kc Ac Kd]
b357d223: checks
2bb3e9e2: bets $6
b357d223: calls $6
*** FIRST TURN *** [Kc Ac Kd] [5s]
b357d223: checks
2bb3e9e2: bets $60
b357d223: raises $256.82 to $316.82 and is all-in
2bb3e9e2: calls $256.82
b357d223: shows [Qd Ah]
2bb3e9e2: shows [Kh 3h]
*** FIRST RIVER *** [Kc Ac Kd 5s] [Js]
*** SECOND RIVER *** [Kc Ac Kd 5s] [7c]
*** THIRD RIVER *** [Kc Ac Kd 5s] [9h]
*** FIRST SHOWDOWN ***
2bb3e9e2 collected $227.22 from pot
*** SECOND SHOWDOWN ***
2bb3e9e2 collected $226.72 from pot
*** THIRD SHOWDOWN ***
2bb3e9e2 collected $226.7 from pot
*** SUMMARY ***
Total pot $680.64
Hand was run three timesFIRST Board [Kc Ac Kd 5s Js]
SECOND Board [7c]
THIRD Board [9h]
Seat 7: af6ec8d6 folded before Flop (didn't bet)
Seat 4: b357d223 showed [Qd Ah] and lost with Pair of Aces and Pair of Kings / Pair of Aces and Pair of Kings / Pair of Aces and Pair of Kings
Seat 5: 2bb3e9e2 showed [Kh 3h] and won ($680.64) with Three Kings / Three Kings / Three Kings
Seat 6: c771d260 folded before Flop (didn't bet)
Seat 3: Hero(big blind) folded before Flop
Seat 1: a909de99 folded before Flop (didn't bet)
Seat 2: f4e79fed(small blind) folded before Flop



Poker Hand #ring_821802292: NLH No Limit ($1/$2) - 2025/04/13 17:04:41
Table 'MR NLH 1/2' 7-max Seat #7 is the button
Seat 7: af6ec8d6 ($400 in chips)
Seat 4: b357d223 ($338.82 in chips)
Seat 5: 2bb3e9e2 ($490.42 in chips)
Seat 6: c771d260 ($400 in chips)
Seat 3: Hero ($479.51 in chips)
Seat 1: a909de99 ($183.74 in chips)
Seat 2: f4e79fed ($65.33 in chips)
a909de99: posts small blind $1
f4e79fed: posts big blind $2
*** HOLE CARDS ***
Dealt to af6ec8d6 
Dealt to b357d223 
Dealt to 2bb3e9e2 
Dealt to c771d260 
Dealt to Hero [5c Qh]
Dealt to a909de99 
Dealt to f4e79fed 
Hero: folds
b357d223: folds
2bb3e9e2: folds
c771d260: raises $3 to $5
af6ec8d6: folds
a909de99: folds
f4e79fed: folds
Uncalled bet ($3) returned to c771d260
*** SHOWDOWN ***
c771d260 collected $5 from pot
*** SUMMARY ***
Total pot $5
Seat 7: af6ec8d6 folded before Flop (didn't bet)
Seat 4: b357d223 folded before Flop (didn't bet)
Seat 5: 2bb3e9e2 folded before Flop (didn't bet)
Seat 6: c771d260won ($5)
Seat 3: Hero folded before Flop (didn't bet)
Seat 1: a909de99(small blind) folded before Flop
Seat 2: f4e79fed(big blind) folded before Flop



Poker Hand #ring_821798816: NLH No Limit ($1/$2) - 2025/04/13 17:01:28
Table 'MR NLH 1/2' 7-max Seat #6 is the button
Seat 7: af6ec8d6 ($490.61 in chips)
Seat 4: b357d223 ($340.82 in chips)
Seat 5: 2bb3e9e2 ($387 in chips)
Seat 6: c771d260 ($400 in chips)
Seat 3: Hero ($479.51 in chips)
Seat 1: a909de99 ($185.74 in chips)
Seat 2: f4e79fed ($65.33 in chips)
af6ec8d6: posts small blind $1
a909de99: posts big blind $2
*** HOLE CARDS ***
Dealt to af6ec8d6 
Dealt to b357d223 
Dealt to 2bb3e9e2 
Dealt to c771d260 
Dealt to Hero [9c 4d]
Dealt to a909de99 
Dealt to f4e79fed 
f4e79fed: folds
Hero: folds
b357d223: calls $2
2bb3e9e2: raises $7 to $9
c771d260: folds
af6ec8d6: raises $24 to $33
a909de99: folds
b357d223: folds
2bb3e9e2: calls $24
*** FLOP *** [Qs 3d Js]
af6ec8d6: bets $21
2bb3e9e2: calls $21
*** TURN *** [Qs 3d Js] [2h]
af6ec8d6: checks
2bb3e9e2: bets $56
af6ec8d6: calls $56
*** RIVER *** [Qs 3d Js 2h] [4s]
af6ec8d6: checks
2bb3e9e2: bets $80
af6ec8d6: folds
Uncalled bet ($80) returned to 2bb3e9e2
b357d223: shows [4h]
*** SHOWDOWN ***
2bb3e9e2 collected $224 from pot
*** SUMMARY ***
Total pot $224
Board [Qs 3d Js 2h 4s]
Seat 7: af6ec8d6(small blind) folded on the River
Seat 4: b357d223 folded before Flop
Seat 5: 2bb3e9e2won ($224) with Three Queens
Seat 6: c771d260 folded before Flop (didn't bet)
Seat 3: Hero folded before Flop (didn't bet)
Seat 1: a909de99(big blind) folded before Flop
Seat 2: f4e79fed folded before Flop (didn't bet)



Poker Hand #ring_821797954: NLH No Limit ($1/$2) - 2025/04/13 17:00:40
Table 'MR NLH 1/2' 7-max Seat #5 is the button
Seat 7: af6ec8d6 ($478.61 in chips)
Seat 4: b357d223 ($340.82 in chips)
Seat 5: 2bb3e9e2 ($393 in chips)
Seat 6: c771d260 ($401 in chips)
Seat 3: Hero ($479.51 in chips)
Seat 1: a909de99 ($185.74 in chips)
Seat 2: f4e79fed ($65.33 in chips)
c771d260: posts small blind $1
af6ec8d6: posts big blind $2
*** HOLE CARDS ***
Dealt to af6ec8d6 
Dealt to b357d223 
Dealt to 2bb3e9e2 
Dealt to c771d260 
Dealt to Hero [6d 2h]
Dealt to a909de99 
Dealt to f4e79fed 
a909de99: folds
f4e79fed: folds
Hero: folds
b357d223: folds
2bb3e9e2: raises $4 to $6
c771d260: calls $5
af6ec8d6: raises $25 to $31
2bb3e9e2: folds
c771d260: folds
Uncalled bet ($25) returned to af6ec8d6
*** SHOWDOWN ***
af6ec8d6 collected $18 from pot
*** SUMMARY ***
Total pot $18
Seat 7: af6ec8d6(big blind)won ($18)
Seat 4: b357d223 folded before Flop (didn't bet)
Seat 5: 2bb3e9e2 folded before Flop
Seat 6: c771d260(small blind) folded before Flop
Seat 3: Hero folded before Flop (didn't bet)
Seat 1: a909de99 folded before Flop (didn't bet)
Seat 2: f4e79fed folded before Flop (didn't bet)



Poker Hand #ring_821796508: NLH No Limit ($1/$2) - 2025/04/13 16:59:20
Table 'MR NLH 1/2' 7-max Seat #4 is the button
Seat 7: af6ec8d6 ($478.61 in chips)
Seat 4: b357d223 ($340.82 in chips)
Seat 5: 2bb3e9e2 ($398 in chips)
Seat 6: c771d260 ($403 in chips)
Seat 3: Hero ($450.46 in chips)
Seat 1: a909de99 ($198 in chips)
Seat 2: f4e79fed ($77.59 in chips)
2bb3e9e2: posts small blind $1
c771d260: posts big blind $2
*** HOLE CARDS ***
Dealt to af6ec8d6 
Dealt to b357d223 
Dealt to 2bb3e9e2 
Dealt to c771d260 
Dealt to Hero [Jc Ts]
Dealt to a909de99 
Dealt to f4e79fed 
af6ec8d6: folds
a909de99: raises $3 to $5
f4e79fed: calls $5
Hero: calls $5
b357d223: folds
2bb3e9e2: calls $4
c771d260: folds
*** FLOP *** [Qc 3c 9c]
2bb3e9e2: checks
a909de99: bets $7.26
f4e79fed: calls $7.26
Hero: calls $7.26
2bb3e9e2: folds
*** TURN *** [Qc 3c 9c] [Kd]
a909de99: checks
f4e79fed: checks
Hero: bets $32.84
a909de99: folds
f4e79fed: folds
Uncalled bet ($32.84) returned to Hero
*** SHOWDOWN ***
Hero collected $43.78 from pot
*** SUMMARY ***
Total pot $43.78
Board [Qc 3c 9c Kd]
Seat 7: af6ec8d6 folded before Flop (didn't bet)
Seat 4: b357d223 folded before Flop (didn't bet)
Seat 5: 2bb3e9e2(small blind) folded on the Flop
Seat 6: c771d260(big blind) folded before Flop
Seat 3: Herowon ($43.78) with Kings-High Straight
Seat 1: a909de99 folded on the Turn
Seat 2: f4e79fed folded on the Turn



Poker Hand #ring_821795979: NLH No Limit ($1/$2) - 2025/04/13 16:58:50
Table 'MR NLH 1/2' 7-max Seat #3 is the button
Seat 7: af6ec8d6 ($478.61 in chips)
Seat 4: b357d223 ($341.82 in chips)
Seat 5: 2bb3e9e2 ($400 in chips)
Seat 6: c771d260 ($400 in chips)
Seat 3: Hero ($450.46 in chips)
Seat 1: a909de99 ($198 in chips)
Seat 2: f4e79fed ($77.59 in chips)
b357d223: posts small blind $1
2bb3e9e2: posts big blind $2
*** HOLE CARDS ***
Dealt to af6ec8d6 
Dealt to b357d223 
Dealt to 2bb3e9e2 
Dealt to c771d260 
Dealt to Hero [Qh Td]
Dealt to a909de99 
Dealt to f4e79fed 
c771d260: raises $3 to $5
af6ec8d6: folds
a909de99: folds
f4e79fed: folds
Hero: folds
b357d223: folds
2bb3e9e2: folds
Uncalled bet ($3) returned to c771d260
*** SHOWDOWN ***
c771d260 collected $5 from pot
*** SUMMARY ***
Total pot $5
Seat 7: af6ec8d6 folded before Flop (didn't bet)
Seat 4: b357d223(small blind) folded before Flop
Seat 5: 2bb3e9e2(big blind) folded before Flop
Seat 6: c771d260won ($5)
Seat 3: Hero folded before Flop (didn't bet)
Seat 1: a909de99 folded before Flop (didn't bet)
Seat 2: f4e79fed folded before Flop (didn't bet)



Poker Hand #ring_821795146: NLH No Limit ($1/$2) - 2025/04/13 16:58:04
Table 'MR NLH 1/2' 7-max Seat #2 is the button
Seat 7: af6ec8d6 ($478.61 in chips)
Seat 4: b357d223 ($343.82 in chips)
Seat 6: c771d260 ($399 in chips)
Seat 3: Hero ($451.46 in chips)
Seat 1: a909de99 ($200 in chips)
Seat 2: f4e79fed ($67.35 in chips)
Hero: posts small blind $1
b357d223: posts big blind $2
a909de99: posts big blind $2
*** HOLE CARDS ***
Dealt to af6ec8d6 
Dealt to b357d223 
Dealt to c771d260 
Dealt to Hero [2d 4c]
Dealt to a909de99 
Dealt to f4e79fed 
c771d260: calls $2
af6ec8d6: folds
a909de99: checks
f4e79fed: raises $4 to $6
Hero: folds
b357d223: folds
c771d260: calls $4
a909de99: folds
*** FLOP *** [Kc Tc 9c]
c771d260: checks
f4e79fed: bets $8.5
c771d260: folds
Uncalled bet ($8.5) returned to f4e79fed
*** SHOWDOWN ***
f4e79fed collected $17 from pot
*** SUMMARY ***
Total pot $17
Board [Kc Tc 9c]
Seat 7: af6ec8d6 folded before Flop (didn't bet)
Seat 4: b357d223(big blind) folded before Flop
Seat 6: c771d260 folded on the Flop
Seat 3: Hero(small blind) folded before Flop
Seat 1: a909de99 folded before Flop
Seat 2: f4e79fedwon ($17) with Pair of Kings



Poker Hand #ring_821794310: NLH No Limit ($1/$2) - 2025/04/13 16:57:18
Table 'MR NLH 1/2' 7-max Seat #7 is the button
Seat 7: af6ec8d6 ($478.61 in chips)
Seat 4: b357d223 ($335.99 in chips)
Seat 6: c771d260 ($399 in chips)
Seat 3: Hero ($453.46 in chips)
Seat 2: f4e79fed ($73.85 in chips)
f4e79fed: posts small blind $1
Hero: posts big blind $2
*** HOLE CARDS ***
Dealt to af6ec8d6 
Dealt to b357d223 
Dealt to c771d260 
Dealt to Hero [Jc 3s]
Dealt to f4e79fed 
b357d223: calls $2
c771d260: folds
af6ec8d6: folds
f4e79fed: calls $1
Hero: checks
*** FLOP *** [7d 8h Ad]
f4e79fed: bets $4.5
Hero: folds
b357d223: calls $4.5
*** TURN *** [7d 8h Ad] [2d]
f4e79fed: checks
b357d223: bets $11.25
f4e79fed: folds
Uncalled bet ($11.25) returned to b357d223
*** SHOWDOWN ***
b357d223 collected $15 from pot
*** SUMMARY ***
Total pot $15
Board [7d 8h Ad 2d]
Seat 7: af6ec8d6 folded before Flop (didn't bet)
Seat 4: b357d223won ($15) with Ace-High
Seat 6: c771d260 folded before Flop (didn't bet)
Seat 3: Hero(big blind) folded on the Flop
Seat 2: f4e79fed(small blind) folded on the Turn



Poker Hand #ring_821793483: NLH No Limit ($1/$2) - 2025/04/13 16:56:32
Table 'MR NLH 1/2' 7-max Seat #6 is the button
Seat 7: af6ec8d6 ($479.61 in chips)
Seat 4: b357d223 ($327.75 in chips)
Seat 6: c771d260 ($399 in chips)
Seat 3: Hero ($453.46 in chips)
Seat 2: f4e79fed ($81.85 in chips)
af6ec8d6: posts small blind $1
f4e79fed: posts big blind $2
*** HOLE CARDS ***
Dealt to af6ec8d6 
Dealt to b357d223 
Dealt to c771d260 
Dealt to Hero [4c As]
Dealt to f4e79fed 
Hero: folds
b357d223: raises $6 to $8
c771d260: folds
af6ec8d6: folds
f4e79fed: calls $6
*** FLOP *** [4s 9c 6s]
f4e79fed: checks
b357d223: bets $8.5
f4e79fed: folds
Uncalled bet ($8.5) returned to b357d223
*** SHOWDOWN ***
b357d223 collected $17 from pot
*** SUMMARY ***
Total pot $17
Board [4s 9c 6s]
Seat 7: af6ec8d6(small blind) folded before Flop
Seat 4: b357d223won ($17) with Ace-High
Seat 6: c771d260 folded before Flop (didn't bet)
Seat 3: Hero folded before Flop (didn't bet)
Seat 2: f4e79fed(big blind) folded on the Flop



Poker Hand #ring_821792646: NLH No Limit ($1/$2) - 2025/04/13 16:55:44
Table 'MR NLH 1/2' 7-max Seat #0 is the button
Seat 7: af6ec8d6 ($481.61 in chips)
Seat 4: b357d223 ($324.97 in chips)
Seat 6: c771d260 ($400 in chips)
Seat 3: Hero ($453.46 in chips)
Seat 2: f4e79fed ($81.85 in chips)
c771d260: posts small blind $1
af6ec8d6: posts big blind $2
*** HOLE CARDS ***
Dealt to af6ec8d6 
Dealt to b357d223 
Dealt to c771d260 
Dealt to Hero [Jh 6s]
Dealt to f4e79fed 
f4e79fed: folds
Hero: folds
b357d223: calls $2
c771d260: folds
af6ec8d6: checks
*** FLOP *** [2c 7s 6d]
af6ec8d6: checks
b357d223: bets $5
af6ec8d6: folds
Uncalled bet ($5) returned to b357d223
*** SHOWDOWN ***
b357d223 collected $5 from pot
*** SUMMARY ***
Total pot $5
Board [2c 7s 6d]
Seat 7: af6ec8d6(big blind) folded on the Flop
Seat 4: b357d223won ($5) with Pair of Sevens
Seat 6: c771d260(small blind) folded before Flop
Seat 3: Hero folded before Flop (didn't bet)
Seat 2: f4e79fed folded before Flop (didn't bet)



Poker Hand #ring_821792030: NLH No Limit ($1/$2) - 2025/04/13 16:55:11
Table 'MR NLH 1/2' 7-max Seat #4 is the button
Seat 7: af6ec8d6 ($481.61 in chips)
Seat 4: b357d223 ($324.97 in chips)
Seat 6: c771d260 ($400 in chips)
Seat 3: Hero ($459.46 in chips)
Seat 2: f4e79fed ($74.48 in chips)
c771d260: posts big blind $2
*** HOLE CARDS ***
Dealt to af6ec8d6 
Dealt to b357d223 
Dealt to c771d260 
Dealt to Hero [9h Qh]
Dealt to f4e79fed 
af6ec8d6: folds
f4e79fed: raises $4 to $6
Hero: calls $6
b357d223: folds
c771d260: folds
*** FLOP *** [6c Td As]
f4e79fed: bets $7
Hero: folds
Uncalled bet ($7) returned to f4e79fed
*** SHOWDOWN ***
f4e79fed collected $14 from pot
*** SUMMARY ***
Total pot $14
Board [6c Td As]
Seat 7: af6ec8d6 folded before Flop (didn't bet)
Seat 4: b357d223 folded before Flop (didn't bet)
Seat 6: c771d260(big blind) folded before Flop
Seat 3: Hero folded on the Flop
Seat 2: f4e79fedwon ($14) with Pair of Aces



Poker Hand #ring_821791246: NLH No Limit ($1/$2) - 2025/04/13 16:54:25
Table 'MR NLH 1/2' 7-max Seat #3 is the button
Seat 7: af6ec8d6 ($481.61 in chips)
Seat 4: b357d223 ($325.97 in chips)
Seat 5: 348ff2f4 ($537.58 in chips)
Seat 6: c771d260 ($400 in chips)
Seat 3: Hero ($459.23 in chips)
Seat 2: f4e79fed ($74.25 in chips)
b357d223: posts small blind $1
348ff2f4: posts big blind $2
*** HOLE CARDS ***
Dealt to af6ec8d6 
Dealt to b357d223 
Dealt to 348ff2f4 
Dealt to c771d260 
Dealt to Hero [Ah Ac]
Dealt to f4e79fed 
c771d260: raises $3 to $5
af6ec8d6: folds
f4e79fed: calls $5
Hero: raises $18 to $23
b357d223: folds
348ff2f4: folds
c771d260: folds
f4e79fed: calls $18
*** FIRST FLOP *** [7d Ks Qh]
f4e79fed: bets $51.25 and is all-in
Hero: calls $51.25
f4e79fed: shows [Qc Jd] (Pair of Queens)
Hero: shows [Ah Ac] (Pair of Aces)
*** FIRST TURN *** [7d Ks Qh] [4s]
*** SECOND TURN *** [7d Ks Qh] [3d]
*** FIRST RIVER *** [7d Ks Qh 4s] [Jh]
*** SECOND RIVER *** [7d Ks Qh 3d] [6s]
*** FIRST SHOWDOWN ***
f4e79fed collected $78.5 from pot
*** SECOND SHOWDOWN ***
Hero collected $78 from pot
*** SUMMARY ***
Total pot $156.5
Hand was run two timesFIRST Board [7d Ks Qh 4s Jh]
SECOND Board [3d 6s]
Seat 7: af6ec8d6 folded before Flop (didn't bet)
Seat 4: b357d223(small blind) folded before Flop
Seat 5: 348ff2f4(big blind) folded before Flop
Seat 6: c771d260 folded before Flop
Seat 3: Hero showed [Ah Ac] and won ($78) with Pair of Aces / Pair of Aces
Seat 2: f4e79fed showed [Qc Jd] and won ($78.5) with Pair of Queens and Pair of Jacks / Pair of Queens



Poker Hand #ring_821789965: NLH No Limit ($1/$2) - 2025/04/13 16:53:13
Table 'MR NLH 1/2' 7-max Seat #2 is the button
Seat 7: af6ec8d6 ($481.61 in chips)
Seat 4: b357d223 ($306.63 in chips)
Seat 5: 348ff2f4 ($537.58 in chips)
Seat 6: c771d260 ($400 in chips)
Seat 3: Hero ($460.23 in chips)
Seat 1: cee787e5 ($497.94 in chips)
Seat 2: f4e79fed ($95 in chips)
Hero: posts small blind $1
b357d223: posts big blind $2
*** HOLE CARDS ***
Dealt to af6ec8d6 
Dealt to b357d223 
Dealt to 348ff2f4 
Dealt to c771d260 
Dealt to Hero [2s Qd]
Dealt to cee787e5 
Dealt to f4e79fed 
348ff2f4: folds
c771d260: folds
af6ec8d6: folds
cee787e5: folds
f4e79fed: raises $6 to $8
Hero: folds
b357d223: calls $6
*** FLOP *** [4d 2c 8d]
b357d223: checks
f4e79fed: bets $12.75
b357d223: calls $12.75
*** TURN *** [4d 2c 8d] [6c]
b357d223: checks
f4e79fed: checks
*** RIVER *** [4d 2c 8d 6c] [Kc]
b357d223: bets $14.02
f4e79fed: folds
Uncalled bet ($14.02) returned to b357d223
*** SHOWDOWN ***
b357d223 collected $42.5 from pot
*** SUMMARY ***
Total pot $42.5
Board [4d 2c 8d 6c Kc]
Seat 7: af6ec8d6 folded before Flop (didn't bet)
Seat 4: b357d223(big blind)won ($42.5) with Ace-High
Seat 5: 348ff2f4 folded before Flop (didn't bet)
Seat 6: c771d260 folded before Flop (didn't bet)
Seat 3: Hero(small blind) folded before Flop
Seat 1: cee787e5 folded before Flop (didn't bet)
Seat 2: f4e79fed folded on the River



Poker Hand #ring_821788915: NLH No Limit ($1/$2) - 2025/04/13 16:52:11
Table 'MR NLH 1/2' 7-max Seat #1 is the button
Seat 7: af6ec8d6 ($481.61 in chips)
Seat 4: b357d223 ($303.85 in chips)
Seat 5: 348ff2f4 ($537.58 in chips)
Seat 6: c771d260 ($400 in chips)
Seat 3: Hero ($462.23 in chips)
Seat 1: cee787e5 ($497.94 in chips)
Seat 2: f4e79fed ($96 in chips)
f4e79fed: posts small blind $1
Hero: posts big blind $2
*** HOLE CARDS ***
Dealt to af6ec8d6 
Dealt to b357d223 
Dealt to 348ff2f4 
Dealt to c771d260 
Dealt to Hero [6c Kh]
Dealt to cee787e5 
Dealt to f4e79fed 
b357d223: calls $2
348ff2f4: folds
c771d260: folds
af6ec8d6: folds
cee787e5: folds
f4e79fed: folds
Hero: checks
*** FLOP *** [4d 3c 2h]
Hero: checks
b357d223: checks
*** TURN *** [4d 3c 2h] [7c]
Hero: checks
b357d223: checks
*** RIVER *** [4d 3c 2h 7c] [Js]
Hero: checks
b357d223: bets $5
Hero: folds
Uncalled bet ($5) returned to b357d223
*** SHOWDOWN ***
b357d223 collected $5 from pot
*** SUMMARY ***
Total pot $5
Board [4d 3c 2h 7c Js]
Seat 7: af6ec8d6 folded before Flop (didn't bet)
Seat 4: b357d223won ($5) with Pair of Jacks
Seat 5: 348ff2f4 folded before Flop (didn't bet)
Seat 6: c771d260 folded before Flop (didn't bet)
Seat 3: Hero(big blind) folded on the River
Seat 1: cee787e5 folded before Flop (didn't bet)
Seat 2: f4e79fed(small blind) folded before Flop



Poker Hand #ring_821787860: NLH No Limit ($1/$2) - 2025/04/13 16:51:07
Table 'MR NLH 1/2' 7-max Seat #7 is the button
Seat 7: af6ec8d6 ($481.61 in chips)
Seat 4: b357d223 ($303.85 in chips)
Seat 5: 348ff2f4 ($513.58 in chips)
Seat 6: c771d260 ($399 in chips)
Seat 3: Hero ($462.23 in chips)
Seat 1: cee787e5 ($498.94 in chips)
Seat 2: f4e79fed ($98 in chips)
cee787e5: posts small blind $1
f4e79fed: posts big blind $2
*** HOLE CARDS ***
Dealt to af6ec8d6 
Dealt to b357d223 
Dealt to 348ff2f4 
Dealt to c771d260 
Dealt to Hero [Ks Tc]
Dealt to cee787e5 
Dealt to f4e79fed 
Hero: folds
b357d223: folds
348ff2f4: raises $4 to $6
c771d260: raises $15 to $21
af6ec8d6: folds
cee787e5: folds
f4e79fed: folds
348ff2f4: raises $35 to $56
c771d260: folds
Uncalled bet ($35) returned to 348ff2f4
*** SHOWDOWN ***
348ff2f4 collected $45 from pot
*** SUMMARY ***
Total pot $45
Seat 7: af6ec8d6 folded before Flop (didn't bet)
Seat 4: b357d223 folded before Flop (didn't bet)
Seat 5: 348ff2f4won ($45)
Seat 6: c771d260 folded before Flop
Seat 3: Hero folded before Flop (didn't bet)
Seat 1: cee787e5(small blind) folded before Flop
Seat 2: f4e79fed(big blind) folded before Flop



Poker Hand #ring_821787235: NLH No Limit ($1/$2) - 2025/04/13 16:50:32
Table 'MR NLH 1/2' 7-max Seat #6 is the button
Seat 7: af6ec8d6 ($482.61 in chips)
Seat 4: b357d223 ($311.85 in chips)
Seat 5: 348ff2f4 ($503.43 in chips)
Seat 6: c771d260 ($399 in chips)
Seat 3: Hero ($462.23 in chips)
Seat 1: cee787e5 ($500.94 in chips)
Seat 2: f4e79fed ($98 in chips)
af6ec8d6: posts small blind $1
cee787e5: posts big blind $2
*** HOLE CARDS ***
Dealt to af6ec8d6 
Dealt to b357d223 
Dealt to 348ff2f4 
Dealt to c771d260 
Dealt to Hero [3s 9c]
Dealt to cee787e5 
Dealt to f4e79fed 
f4e79fed: folds
Hero: folds
b357d223: calls $2
348ff2f4: raises $6 to $8
c771d260: folds
af6ec8d6: folds
cee787e5: folds
b357d223: calls $6
*** FLOP *** [6c 2c 6h]
b357d223: checks
348ff2f4: bets $9.5
b357d223: folds
Uncalled bet ($9.5) returned to 348ff2f4
*** SHOWDOWN ***
348ff2f4 collected $19 from pot
*** SUMMARY ***
Total pot $19
Board [6c 2c 6h]
Seat 7: af6ec8d6(small blind) folded before Flop
Seat 4: b357d223 folded on the Flop
Seat 5: 348ff2f4won ($19) with Pair of Kings and Pair of Sixes
Seat 6: c771d260 folded before Flop (didn't bet)
Seat 3: Hero folded before Flop (didn't bet)
Seat 1: cee787e5(big blind) folded before Flop
Seat 2: f4e79fed folded before Flop (didn't bet)



Poker Hand #ring_821786531: NLH No Limit ($1/$2) - 2025/04/13 16:49:52
Table 'MR NLH 1/2' 7-max Seat #5 is the button
Seat 7: af6ec8d6 ($484.61 in chips)
Seat 4: b357d223 ($306.85 in chips)
Seat 5: 348ff2f4 ($503.43 in chips)
Seat 6: c771d260 ($400 in chips)
Seat 3: Hero ($462.23 in chips)
Seat 1: cee787e5 ($500.94 in chips)
Seat 2: f4e79fed ($100 in chips)
c771d260: posts small blind $1
af6ec8d6: posts big blind $2
f4e79fed: posts big blind $2
*** HOLE CARDS ***
Dealt to af6ec8d6 
Dealt to b357d223 
Dealt to 348ff2f4 
Dealt to c771d260 
Dealt to Hero [5h 7c]
Dealt to cee787e5 
Dealt to f4e79fed 
cee787e5: folds
f4e79fed: checks
Hero: folds
b357d223: raises $6 to $8
348ff2f4: folds
c771d260: folds
af6ec8d6: folds
f4e79fed: folds
Uncalled bet ($6) returned to b357d223
*** SHOWDOWN ***
b357d223 collected $7 from pot
*** SUMMARY ***
Total pot $7
Seat 7: af6ec8d6(big blind) folded before Flop
Seat 4: b357d223won ($7)
Seat 5: 348ff2f4 folded before Flop (didn't bet)
Seat 6: c771d260(small blind) folded before Flop
Seat 3: Hero folded before Flop (didn't bet)
Seat 1: cee787e5 folded before Flop (didn't bet)
Seat 2: f4e79fed folded before Flop



Poker Hand #ring_821785709: NLH No Limit ($1/$2) - 2025/04/13 16:49:05
Table 'MR NLH 1/2' 7-max Seat #4 is the button
Seat 7: af6ec8d6 ($484.61 in chips)
Seat 4: b357d223 ($306.85 in chips)
Seat 5: 348ff2f4 ($504.43 in chips)
Seat 6: c771d260 ($399 in chips)
Seat 3: Hero ($455.81 in chips)
Seat 1: cee787e5 ($500.94 in chips)
348ff2f4: posts small blind $1
c771d260: posts big blind $2
*** HOLE CARDS ***
Dealt to af6ec8d6 
Dealt to b357d223 
Dealt to 348ff2f4 
Dealt to c771d260 
Dealt to Hero [Qs Qh]
Dealt to cee787e5 
af6ec8d6: folds
cee787e5: folds
Hero: raises $4 to $6
b357d223: folds
348ff2f4: folds
c771d260: calls $4
*** FLOP *** [3h 2d 4c]
c771d260: checks
Hero: bets $9.75
c771d260: folds
Uncalled bet ($9.75) returned to Hero
*** SHOWDOWN ***
Hero collected $13 from pot
*** SUMMARY ***
Total pot $13
Board [3h 2d 4c]
Seat 7: af6ec8d6 folded before Flop (didn't bet)
Seat 4: b357d223 folded before Flop (didn't bet)
Seat 5: 348ff2f4(small blind) folded before Flop
Seat 6: c771d260(big blind) folded on the Flop
Seat 3: Herowon ($13) with Pair of Queens
Seat 1: cee787e5 folded before Flop (didn't bet)



Poker Hand #ring_821785174: NLH No Limit ($1/$2) - 2025/04/13 16:48:36
Table 'MR NLH 1/2' 7-max Seat #3 is the button
Seat 7: af6ec8d6 ($484.61 in chips)
Seat 4: b357d223 ($312.85 in chips)
Seat 5: 348ff2f4 ($506.43 in chips)
Seat 6: c771d260 ($399 in chips)
Seat 3: Hero ($446.53 in chips)
Seat 1: cee787e5 ($502.94 in chips)
b357d223: posts small blind $1
348ff2f4: posts big blind $2
*** HOLE CARDS ***
Dealt to af6ec8d6 
Dealt to b357d223 
Dealt to 348ff2f4 
Dealt to c771d260 
Dealt to Hero [4c 3c]
Dealt to cee787e5 
c771d260: folds
af6ec8d6: folds
cee787e5: calls $2
Hero: raises $4 to $6
b357d223: calls $5
348ff2f4: folds
cee787e5: folds
*** FLOP *** [Js 9s Th]
b357d223: checks
Hero: bets $8
b357d223: folds
Uncalled bet ($8) returned to Hero
*** SHOWDOWN ***
Hero collected $16 from pot
*** SUMMARY ***
Total pot $16
Board [Js 9s Th]
Seat 7: af6ec8d6 folded before Flop (didn't bet)
Seat 4: b357d223(small blind) folded on the Flop
Seat 5: 348ff2f4(big blind) folded before Flop
Seat 6: c771d260 folded before Flop (didn't bet)
Seat 3: Herowon ($16) with Jack-High
Seat 1: cee787e5 folded before Flop



Poker Hand #ring_821784318: NLH No Limit ($1/$2) - 2025/04/13 16:47:45
Table 'MR NLH 1/2' 7-max Seat #0 is the button
Seat 7: af6ec8d6 ($484.61 in chips)
Seat 4: b357d223 ($317.85 in chips)
Seat 5: 348ff2f4 ($506.43 in chips)
Seat 6: c771d260 ($399 in chips)
Seat 3: Hero ($440.07 in chips)
Seat 1: cee787e5 ($504.94 in chips)
Hero: posts small blind $1
b357d223: posts big blind $2
cee787e5: posts big blind $2
*** HOLE CARDS ***
Dealt to af6ec8d6 
Dealt to b357d223 
Dealt to 348ff2f4 
Dealt to c771d260 
Dealt to Hero [2h 4c]
Dealt to cee787e5 
348ff2f4: folds
c771d260: folds
af6ec8d6: folds
cee787e5: checks
Hero: calls $1
b357d223: checks
*** FLOP *** [4d Tc 5s]
Hero: checks
b357d223: bets $3
cee787e5: folds
Hero: calls $3
*** TURN *** [4d Tc 5s] [Ad]
Hero: checks
b357d223: checks
*** RIVER *** [4d Tc 5s Ad] [7c]
Hero: bets $3.6
b357d223: folds
Uncalled bet ($3.6) returned to Hero
*** SHOWDOWN ***
Hero collected $12 from pot
*** SUMMARY ***
Total pot $12
Board [4d Tc 5s Ad 7c]
Seat 7: af6ec8d6 folded before Flop (didn't bet)
Seat 4: b357d223(big blind) folded on the River
Seat 5: 348ff2f4 folded before Flop (didn't bet)
Seat 6: c771d260 folded before Flop (didn't bet)
Seat 3: Hero(small blind)won ($12) with Pair of Fours
Seat 1: cee787e5 folded on the Flop



Poker Hand #ring_821783731: NLH No Limit ($1/$2) - 2025/04/13 16:47:11
Table 'MR NLH 1/2' 7-max Seat #0 is the button
Seat 7: af6ec8d6 ($484.61 in chips)
Seat 4: b357d223 ($316.03 in chips)
Seat 5: 348ff2f4 ($506.43 in chips)
Seat 6: c771d260 ($399 in chips)
Seat 3: Hero ($442.07 in chips)
Hero: posts big blind $2
*** HOLE CARDS ***
Dealt to af6ec8d6 
Dealt to b357d223 
Dealt to 348ff2f4 
Dealt to c771d260 
Dealt to Hero [3d Js]
b357d223: calls $2
348ff2f4: folds
c771d260: folds
af6ec8d6: folds
Hero: checks
*** FLOP *** [Kh 8c Tc]
Hero: checks
b357d223: bets $4
Hero: folds
Uncalled bet ($4) returned to b357d223
*** SHOWDOWN ***
b357d223 collected $4 from pot
*** SUMMARY ***
Total pot $4
Board [Kh 8c Tc]
Seat 7: af6ec8d6 folded before Flop (didn't bet)
Seat 4: b357d223won ($4) with Pair of Kings
Seat 5: 348ff2f4 folded before Flop (didn't bet)
Seat 6: c771d260 folded before Flop (didn't bet)
Seat 3: Hero(big blind) folded on the Flop



Poker Hand #ring_821782734: NLH No Limit ($1/$2) - 2025/04/13 16:46:14
Table 'MR NLH 1/2' 7-max Seat #7 is the button
Seat 7: af6ec8d6 ($484.61 in chips)
Seat 4: b357d223 ($336.03 in chips)
Seat 5: 348ff2f4 ($506.43 in chips)
Seat 6: c771d260 ($399 in chips)
Seat 2: e2dce283 ($184 in chips)
Seat 3: Hero ($256.03 in chips)
e2dce283: posts big blind $2
*** HOLE CARDS ***
Dealt to af6ec8d6 
Dealt to b357d223 
Dealt to 348ff2f4 
Dealt to c771d260 
Dealt to e2dce283 
Dealt to Hero [5c 5d]
Hero: raises $3 to $5
b357d223: calls $5
348ff2f4: folds
c771d260: folds
af6ec8d6: folds
e2dce283: raises $15 to $20
Hero: calls $15
b357d223: calls $15
*** FLOP *** [Kd 5h Ah]
e2dce283: bets $60
Hero: calls $60
b357d223: folds
*** TURN *** [Kd 5h Ah] [7s]
e2dce283: bets $104 and is all-in
Hero: calls $104
e2dce283: shows [Qh Ks]
Hero: shows [5c 5d]
*** RIVER *** [Kd 5h Ah 7s] [Js]
*** SHOWDOWN ***
Hero collected $388 from pot
*** SUMMARY ***
Total pot $388
Board [Kd 5h Ah 7s Js]
Seat 7: af6ec8d6 folded before Flop (didn't bet)
Seat 4: b357d223 folded on the Flop
Seat 5: 348ff2f4 folded before Flop (didn't bet)
Seat 6: c771d260 folded before Flop (didn't bet)
Seat 2: e2dce283(big blind) showed [Qh Ks] and lost with Pair of Kings
Seat 3: Hero showed [5c 5d] and won ($388) with Three Fives



Poker Hand #ring_821781760: NLH No Limit ($1/$2) - 2025/04/13 16:45:19
Table 'MR NLH 1/2' 7-max Seat #6 is the button
Seat 7: af6ec8d6 ($485.61 in chips)
Seat 4: b357d223 ($338.03 in chips)
Seat 5: 348ff2f4 ($496.28 in chips)
Seat 6: c771d260 ($399 in chips)
Seat 2: e2dce283 ($184 in chips)
Seat 1: faceafa6 ($184.07 in chips)
Seat 3: Hero ($256.03 in chips)
af6ec8d6: posts small blind $1
faceafa6: posts big blind $2
*** HOLE CARDS ***
Dealt to af6ec8d6 
Dealt to b357d223 
Dealt to 348ff2f4 
Dealt to c771d260 
Dealt to e2dce283 
Dealt to faceafa6 
Dealt to Hero [5s Ts]
e2dce283: folds
Hero: folds
b357d223: calls $2
348ff2f4: raises $6 to $8
c771d260: folds
af6ec8d6: folds
faceafa6: calls $6
b357d223: folds
*** FLOP *** [Td 7h 6h]
faceafa6: checks
348ff2f4: bets $9.5
faceafa6: folds
Uncalled bet ($9.5) returned to 348ff2f4
*** SHOWDOWN ***
348ff2f4 collected $19 from pot
*** SUMMARY ***
Total pot $19
Board [Td 7h 6h]
Seat 7: af6ec8d6(small blind) folded before Flop
Seat 4: b357d223 folded before Flop
Seat 5: 348ff2f4won ($19) with Queen-High
Seat 6: c771d260 folded before Flop (didn't bet)
Seat 2: e2dce283 folded before Flop (didn't bet)
Seat 1: faceafa6(big blind) folded on the Flop
Seat 3: Hero folded before Flop (didn't bet)



Poker Hand #ring_821781265: NLH No Limit ($1/$2) - 2025/04/13 16:44:52
Table 'MR NLH 1/2' 7-max Seat #5 is the button
Seat 7: af6ec8d6 ($487.61 in chips)
Seat 4: b357d223 ($338.03 in chips)
Seat 5: 348ff2f4 ($496.28 in chips)
Seat 6: c771d260 ($400 in chips)
Seat 2: e2dce283 ($181 in chips)
Seat 1: faceafa6 ($184.07 in chips)
Seat 3: Hero ($256.03 in chips)
c771d260: posts small blind $1
af6ec8d6: posts big blind $2
*** HOLE CARDS ***
Dealt to af6ec8d6 
Dealt to b357d223 
Dealt to 348ff2f4 
Dealt to c771d260 
Dealt to e2dce283 
Dealt to faceafa6 
Dealt to Hero [Qc Th]
faceafa6: folds
e2dce283: raises $5 to $7
Hero: folds
b357d223: folds
348ff2f4: folds
c771d260: folds
af6ec8d6: folds
Uncalled bet ($5) returned to e2dce283
*** SHOWDOWN ***
e2dce283 collected $5 from pot
*** SUMMARY ***
Total pot $5
Seat 7: af6ec8d6(big blind) folded before Flop
Seat 4: b357d223 folded before Flop (didn't bet)
Seat 5: 348ff2f4 folded before Flop (didn't bet)
Seat 6: c771d260(small blind) folded before Flop
Seat 2: e2dce283won ($5)
Seat 1: faceafa6 folded before Flop (didn't bet)
Seat 3: Hero folded before Flop (didn't bet)



Poker Hand #ring_821779880: NLH No Limit ($1/$2) - 2025/04/13 16:43:33
Table 'MR NLH 1/2' 7-max Seat #4 is the button
Seat 7: af6ec8d6 ($487.61 in chips)
Seat 4: b357d223 ($338.03 in chips)
Seat 5: 348ff2f4 ($497.28 in chips)
Seat 6: c771d260 ($399.51 in chips)
Seat 2: e2dce283 ($181 in chips)
Seat 1: faceafa6 ($184.07 in chips)
Seat 3: Hero ($232.37 in chips)
348ff2f4: posts small blind $1
c771d260: posts big blind $2
*** HOLE CARDS ***
Dealt to af6ec8d6 
Dealt to b357d223 
Dealt to 348ff2f4 
Dealt to c771d260 
Dealt to e2dce283 
Dealt to faceafa6 
Dealt to Hero [9d 9c]
af6ec8d6: folds
faceafa6: folds
e2dce283: folds
Hero: raises $4 to $6
b357d223: folds
348ff2f4: folds
c771d260: calls $4
*** FLOP *** [2h 4s 5h]
c771d260: checks
Hero: bets $6.5
c771d260: calls $6.5
*** TURN *** [2h 4s 5h] [5d]
c771d260: checks
Hero: bets $13
c771d260: calls $13
*** RIVER *** [2h 4s 5h 5d] [Tc]
c771d260: checks
Hero: checks
Hero: shows [9d 9c]
c771d260: shows [As 7s]
*** SHOWDOWN ***
Hero collected $52 from pot
*** SUMMARY ***
Total pot $52
Board [2h 4s 5h 5d Tc]
Seat 7: af6ec8d6 folded before Flop (didn't bet)
Seat 4: b357d223 folded before Flop (didn't bet)
Seat 5: 348ff2f4(small blind) folded before Flop
Seat 6: c771d260(big blind) showed [As 7s] and lost with Pair of Fives
Seat 2: e2dce283 folded before Flop (didn't bet)
Seat 1: faceafa6 folded before Flop (didn't bet)
Seat 3: Hero showed [9d 9c] and won ($52) with Pair of Nines and Pair of Fives



Poker Hand #ring_821779064: NLH No Limit ($1/$2) - 2025/04/13 16:42:46
Table 'MR NLH 1/2' 7-max Seat #3 is the button
Seat 7: af6ec8d6 ($487.61 in chips)
Seat 4: b357d223 ($339.03 in chips)
Seat 5: 348ff2f4 ($499.28 in chips)
Seat 6: c771d260 ($404.51 in chips)
Seat 2: e2dce283 ($204 in chips)
Seat 1: faceafa6 ($184.07 in chips)
Seat 3: Hero ($204.3 in chips)
b357d223: posts small blind $1
348ff2f4: posts big blind $2
e2dce283: posts big blind $2
*** HOLE CARDS ***
Dealt to af6ec8d6 
Dealt to b357d223 
Dealt to 348ff2f4 
Dealt to c771d260 
Dealt to e2dce283 
Dealt to faceafa6 
Dealt to Hero [9h 9s]
c771d260: raises $3 to $5
af6ec8d6: folds
faceafa6: folds
e2dce283: calls $3
Hero: raises $18 to $23
b357d223: folds
348ff2f4: folds
c771d260: folds
e2dce283: calls $18
*** FLOP *** [4c 8h Ad]
e2dce283: checks
Hero: bets $16.2
e2dce283: folds
Uncalled bet ($16.2) returned to Hero
e2dce283: shows [Js]
*** SHOWDOWN ***
Hero collected $54 from pot
*** SUMMARY ***
Total pot $54
Board [4c 8h Ad]
Seat 7: af6ec8d6 folded before Flop (didn't bet)
Seat 4: b357d223(small blind) folded before Flop
Seat 5: 348ff2f4(big blind) folded before Flop
Seat 6: c771d260 folded before Flop
Seat 2: e2dce283 folded on the Flop
Seat 1: faceafa6 folded before Flop (didn't bet)
Seat 3: Herowon ($54) with Pair of Nines



Poker Hand #ring_821778139: NLH No Limit ($1/$2) - 2025/04/13 16:41:52
Table 'MR NLH 1/2' 7-max Seat #1 is the button
Seat 7: af6ec8d6 ($487.61 in chips)
Seat 4: b357d223 ($344.03 in chips)
Seat 5: 348ff2f4 ($499.28 in chips)
Seat 6: c771d260 ($399 in chips)
Seat 1: faceafa6 ($184.07 in chips)
Seat 3: Hero ($205.3 in chips)
Hero: posts small blind $1
b357d223: posts big blind $2
*** HOLE CARDS ***
Dealt to af6ec8d6 
Dealt to b357d223 
Dealt to 348ff2f4 
Dealt to c771d260 
Dealt to faceafa6 
Dealt to Hero [5d Kh]
348ff2f4: folds
c771d260: raises $3 to $5
af6ec8d6: folds
faceafa6: folds
Hero: folds
b357d223: calls $3
*** FLOP *** [Jc 4d Ad]
b357d223: checks
c771d260: bets $3.63
b357d223: folds
Uncalled bet ($3.63) returned to c771d260
*** SHOWDOWN ***
c771d260 collected $11 from pot
*** SUMMARY ***
Total pot $11
Board [Jc 4d Ad]
Seat 7: af6ec8d6 folded before Flop (didn't bet)
Seat 4: b357d223(big blind) folded on the Flop
Seat 5: 348ff2f4 folded before Flop (didn't bet)
Seat 6: c771d260won ($11) with Ace-High
Seat 1: faceafa6 folded before Flop (didn't bet)
Seat 3: Hero(small blind) folded before Flop



Poker Hand #ring_821777238: NLH No Limit ($1/$2) - 2025/04/13 16:40:59
Table 'MR NLH 1/2' 7-max Seat #7 is the button
Seat 7: af6ec8d6 ($487.61 in chips)
Seat 4: b357d223 ($351.03 in chips)
Seat 5: 348ff2f4 ($499.28 in chips)
Seat 6: c771d260 ($399 in chips)
Seat 1: faceafa6 ($190.07 in chips)
Seat 3: Hero ($193.15 in chips)
faceafa6: posts small blind $1
Hero: posts big blind $2
b357d223: posts big blind $2
b357d223: posts small blind $1
*** HOLE CARDS ***
Dealt to af6ec8d6 
Dealt to b357d223 
Dealt to 348ff2f4 
Dealt to c771d260 
Dealt to faceafa6 
Dealt to Hero [4h 3h]
b357d223: checks
348ff2f4: folds
c771d260: folds
af6ec8d6: folds
faceafa6: calls $1
Hero: raises $4 to $6
b357d223: calls $4
faceafa6: calls $4
*** FLOP *** [2c Td Qh]
faceafa6: checks
Hero: checks
b357d223: checks
*** TURN *** [2c Td Qh] [Th]
faceafa6: checks
Hero: bets $9.5
b357d223: folds
faceafa6: folds
Uncalled bet ($9.5) returned to Hero
*** SHOWDOWN ***
Hero collected $19 from pot
*** SUMMARY ***
Total pot $18
Board [2c Td Qh Th]
Seat 7: af6ec8d6 folded before Flop (didn't bet)
Seat 4: b357d223 folded on the Turn
Seat 5: 348ff2f4 folded before Flop (didn't bet)
Seat 6: c771d260 folded before Flop (didn't bet)
Seat 1: faceafa6(small blind) folded on the Turn
Seat 3: Hero(big blind)won ($19) with Pair of Tens



Poker Hand #ring_821776065: NLH No Limit ($1/$2) - 2025/04/13 16:39:49
Table 'MR NLH 1/2' 7-max Seat #6 is the button
Seat 2: 466050d2 ($74.47 in chips)
Seat 7: af6ec8d6 ($488.61 in chips)
Seat 5: 348ff2f4 ($499.28 in chips)
Seat 6: c771d260 ($399 in chips)
Seat 1: faceafa6 ($219.18 in chips)
Seat 3: Hero ($166.2 in chips)
af6ec8d6: posts small blind $1
faceafa6: posts big blind $2
*** HOLE CARDS ***
Dealt to 466050d2 
Dealt to af6ec8d6 
Dealt to 348ff2f4 
Dealt to c771d260 
Dealt to faceafa6 
Dealt to Hero [Qd Qc]
466050d2: folds
Hero: raises $3 to $5
348ff2f4: folds
c771d260: folds
af6ec8d6: folds
faceafa6: calls $3
*** FLOP *** [7d Qh Tc]
faceafa6: checks
Hero: checks
*** TURN *** [7d Qh Tc] [5d]
faceafa6: bets $7.26
Hero: calls $7.26
*** RIVER *** [7d Qh Tc 5d] [3h]
faceafa6: bets $16.85
Hero: raises $44.42 to $61.27
faceafa6: folds
Uncalled bet ($44.42) returned to Hero
*** SHOWDOWN ***
Hero collected $59.22 from pot
*** SUMMARY ***
Total pot $59.22
Board [7d Qh Tc 5d 3h]
Seat 2: 466050d2 folded before Flop (didn't bet)
Seat 7: af6ec8d6(small blind) folded before Flop
Seat 5: 348ff2f4 folded before Flop (didn't bet)
Seat 6: c771d260 folded before Flop (didn't bet)
Seat 1: faceafa6(big blind) folded on the River
Seat 3: Herowon ($59.22) with Three Queens



Poker Hand #ring_821775609: NLH No Limit ($1/$2) - 2025/04/13 16:39:21
Table 'MR NLH 1/2' 7-max Seat #5 is the button
Seat 2: 466050d2 ($74.47 in chips)
Seat 7: af6ec8d6 ($487.61 in chips)
Seat 5: 348ff2f4 ($499.28 in chips)
Seat 6: c771d260 ($400 in chips)
Seat 1: faceafa6 ($219.18 in chips)
Seat 3: Hero ($166.2 in chips)
c771d260: posts small blind $1
af6ec8d6: posts big blind $2
*** HOLE CARDS ***
Dealt to 466050d2 
Dealt to af6ec8d6 
Dealt to 348ff2f4 
Dealt to c771d260 
Dealt to faceafa6 
Dealt to Hero [8h Kc]
faceafa6: folds
466050d2: folds
Hero: folds
348ff2f4: folds
c771d260: folds
*** SHOWDOWN ***
af6ec8d6 collected $3 from pot
*** SUMMARY ***
Total pot $3
Seat 2: 466050d2 folded before Flop (didn't bet)
Seat 7: af6ec8d6(big blind)won ($3)
Seat 5: 348ff2f4 folded before Flop (didn't bet)
Seat 6: c771d260(small blind) folded before Flop
Seat 1: faceafa6 folded before Flop (didn't bet)
Seat 3: Hero folded before Flop (didn't bet)



Poker Hand #ring_821775103: NLH No Limit ($1/$2) - 2025/04/13 16:38:52
Table 'MR NLH 1/2' 7-max Seat #3 is the button
Seat 2: 466050d2 ($74.47 in chips)
Seat 7: af6ec8d6 ($487.61 in chips)
Seat 5: 348ff2f4 ($492.88 in chips)
Seat 6: c771d260 ($400 in chips)
Seat 1: faceafa6 ($219.18 in chips)
Seat 3: Hero ($170.6 in chips)
348ff2f4: posts small blind $1
c771d260: posts big blind $2
*** HOLE CARDS ***
Dealt to 466050d2 
Dealt to af6ec8d6 
Dealt to 348ff2f4 
Dealt to c771d260 
Dealt to faceafa6 
Dealt to Hero [Td As]
af6ec8d6: folds
faceafa6: folds
466050d2: folds
Hero: raises $2.4 to $4.4
348ff2f4: raises $15.6 to $20
c771d260: folds
Hero: folds
Uncalled bet ($15.6) returned to 348ff2f4
*** SHOWDOWN ***
348ff2f4 collected $10.8 from pot
*** SUMMARY ***
Total pot $10.8
Seat 2: 466050d2 folded before Flop (didn't bet)
Seat 7: af6ec8d6 folded before Flop (didn't bet)
Seat 5: 348ff2f4(small blind)won ($10.8)
Seat 6: c771d260(big blind) folded before Flop
Seat 1: faceafa6 folded before Flop (didn't bet)
Seat 3: Hero folded before Flop



Poker Hand #ring_821774606: NLH No Limit ($1/$2) - 2025/04/13 16:38:21
Table 'MR NLH 1/2' 7-max Seat #2 is the button
Seat 2: 466050d2 ($71.47 in chips)
Seat 7: af6ec8d6 ($487.61 in chips)
Seat 5: 348ff2f4 ($494.88 in chips)
Seat 6: c771d260 ($400 in chips)
Seat 1: faceafa6 ($219.18 in chips)
Seat 3: Hero ($171.6 in chips)
Hero: posts small blind $1
348ff2f4: posts big blind $2
*** HOLE CARDS ***
Dealt to 466050d2 
Dealt to af6ec8d6 
Dealt to 348ff2f4 
Dealt to c771d260 
Dealt to faceafa6 
Dealt to Hero [As 6c]
c771d260: folds
af6ec8d6: folds
faceafa6: folds
466050d2: raises $5 to $7
Hero: folds
348ff2f4: folds
Uncalled bet ($5) returned to 466050d2
*** SHOWDOWN ***
466050d2 collected $5 from pot
*** SUMMARY ***
Total pot $5
Seat 2: 466050d2won ($5)
Seat 7: af6ec8d6 folded before Flop (didn't bet)
Seat 5: 348ff2f4(big blind) folded before Flop
Seat 6: c771d260 folded before Flop (didn't bet)
Seat 1: faceafa6 folded before Flop (didn't bet)
Seat 3: Hero(small blind) folded before Flop



Poker Hand #ring_821773810: NLH No Limit ($1/$2) - 2025/04/13 16:37:34
Table 'MR NLH 1/2' 7-max Seat #1 is the button
Seat 2: 466050d2 ($69.65 in chips)
Seat 7: af6ec8d6 ($487.61 in chips)
Seat 4: b357d223 ($351.03 in chips)
Seat 5: 348ff2f4 ($494.88 in chips)
Seat 6: c771d260 ($400 in chips)
Seat 1: faceafa6 ($219.18 in chips)
Seat 3: Hero ($173.6 in chips)
466050d2: posts small blind $1
Hero: posts big blind $2
*** HOLE CARDS ***
Dealt to 466050d2 
Dealt to af6ec8d6 
Dealt to b357d223 
Dealt to 348ff2f4 
Dealt to c771d260 
Dealt to faceafa6 
Dealt to Hero [8d Qs]
b357d223: folds
348ff2f4: folds
c771d260: folds
af6ec8d6: folds
faceafa6: folds
466050d2: calls $1
Hero: checks
*** FLOP *** [5d 3c 5s]
466050d2: checks
Hero: checks
*** TURN *** [5d 3c 5s] [6c]
466050d2: bets $3.08
Hero: folds
Uncalled bet ($3.08) returned to 466050d2
*** SHOWDOWN ***
466050d2 collected $4 from pot
*** SUMMARY ***
Total pot $4
Board [5d 3c 5s 6c]
Seat 2: 466050d2(small blind)won ($4) with Pair of Fives
Seat 7: af6ec8d6 folded before Flop (didn't bet)
Seat 4: b357d223 folded before Flop (didn't bet)
Seat 5: 348ff2f4 folded before Flop (didn't bet)
Seat 6: c771d260 folded before Flop (didn't bet)
Seat 1: faceafa6 folded before Flop (didn't bet)
Seat 3: Hero(big blind) folded on the Turn



Poker Hand #ring_821772763: NLH No Limit ($1/$2) - 2025/04/13 16:36:34
Table 'MR NLH 1/2' 7-max Seat #7 is the button
Seat 2: 466050d2 ($55.92 in chips)
Seat 7: af6ec8d6 ($487.61 in chips)
Seat 4: b357d223 ($351.03 in chips)
Seat 5: 348ff2f4 ($509.46 in chips)
Seat 6: c771d260 ($400 in chips)
Seat 1: faceafa6 ($220.18 in chips)
Seat 3: Hero ($173.6 in chips)
faceafa6: posts small blind $1
466050d2: posts big blind $2
*** HOLE CARDS ***
Dealt to 466050d2 
Dealt to af6ec8d6 
Dealt to b357d223 
Dealt to 348ff2f4 
Dealt to c771d260 
Dealt to faceafa6 
Dealt to Hero [2c 6c]
Hero: folds
b357d223: folds
348ff2f4: raises $4 to $6
c771d260: folds
af6ec8d6: folds
faceafa6: folds
466050d2: calls $4
*** FLOP *** [6d As 8d]
466050d2: checks
348ff2f4: checks
*** TURN *** [6d As 8d] [5d]
466050d2: checks
348ff2f4: bets $8.58
466050d2: raises $41.34 to $49.92 and is all-in
348ff2f4: folds
Uncalled bet ($41.34) returned to 466050d2
348ff2f4: shows [Kd]
*** SHOWDOWN ***
466050d2 collected $30.16 from pot
*** SUMMARY ***
Total pot $30.16
Board [6d As 8d 5d]
Seat 2: 466050d2(big blind)won ($30.16) with Nine High Flush
Seat 7: af6ec8d6 folded before Flop (didn't bet)
Seat 4: b357d223 folded before Flop (didn't bet)
Seat 5: 348ff2f4 folded on the Turn
Seat 6: c771d260 folded before Flop (didn't bet)
Seat 1: faceafa6(small blind) folded before Flop
Seat 3: Hero folded before Flop (didn't bet)



Poker Hand #ring_821770154: NLH No Limit ($1/$2) - 2025/04/13 16:33:55
Table 'MR NLH 1/2' 7-max Seat #6 is the button
Seat 2: 466050d2 ($55.92 in chips)
Seat 7: af6ec8d6 ($401 in chips)
Seat 4: b357d223 ($351.03 in chips)
Seat 5: 348ff2f4 ($509.46 in chips)
Seat 6: c771d260 ($399.33 in chips)
Seat 1: faceafa6 ($222.18 in chips)
Seat 3: Hero ($173.6 in chips)
af6ec8d6: posts small blind $1
faceafa6: posts big blind $2
*** HOLE CARDS ***
Dealt to 466050d2 
Dealt to af6ec8d6 
Dealt to b357d223 
Dealt to 348ff2f4 
Dealt to c771d260 
Dealt to faceafa6 
Dealt to Hero [Qd 4s]
466050d2: folds
Hero: folds
b357d223: folds
348ff2f4: folds
c771d260: raises $3 to $5
af6ec8d6: raises $20 to $25
faceafa6: folds
c771d260: raises $31 to $56
af6ec8d6: calls $31
*** FLOP *** [2h Ts 5s]
af6ec8d6: checks
c771d260: bets $37.62
af6ec8d6: calls $37.62
*** TURN *** [2h Ts 5s] [8h]
af6ec8d6: checks
c771d260: checks
*** RIVER *** [2h Ts 5s 8h] [7c]
af6ec8d6: checks
c771d260: checks
c771d260: shows [Ac Kh]
af6ec8d6: shows [Jd Jc]
*** SHOWDOWN ***
af6ec8d6 collected $189.24 from pot
*** SUMMARY ***
Total pot $189.24
Board [2h Ts 5s 8h 7c]
Seat 2: 466050d2 folded before Flop (didn't bet)
Seat 7: af6ec8d6(small blind) showed [Jd Jc] and won ($189.24) with Pair of Jacks
Seat 4: b357d223 folded before Flop (didn't bet)
Seat 5: 348ff2f4 folded before Flop (didn't bet)
Seat 6: c771d260 showed [Ac Kh] and lost with Ace-High
Seat 1: faceafa6(big blind) folded before Flop
Seat 3: Hero folded before Flop (didn't bet)



Poker Hand #ring_821769256: NLH No Limit ($1/$2) - 2025/04/13 16:33:01
Table 'MR NLH 1/2' 7-max Seat #5 is the button
Seat 2: 466050d2 ($88.02 in chips)
Seat 7: af6ec8d6 ($403 in chips)
Seat 4: b357d223 ($360.03 in chips)
Seat 5: 348ff2f4 ($509.46 in chips)
Seat 6: c771d260 ($400.33 in chips)
Seat 1: faceafa6 ($182 in chips)
Seat 3: Hero ($173.6 in chips)
c771d260: posts small blind $1
af6ec8d6: posts big blind $2
*** HOLE CARDS ***
Dealt to 466050d2 
Dealt to af6ec8d6 
Dealt to b357d223 
Dealt to 348ff2f4 
Dealt to c771d260 
Dealt to faceafa6 
Dealt to Hero [2h Qh]
faceafa6: calls $2
466050d2: raises $7 to $9
Hero: folds
b357d223: calls $9
348ff2f4: folds
c771d260: folds
af6ec8d6: folds
faceafa6: calls $7
*** FLOP *** [9c 5d 9d]
faceafa6: checks
466050d2: bets $23.1
b357d223: folds
faceafa6: calls $23.1
*** TURN *** [9c 5d 9d] [Jd]
faceafa6: checks
466050d2: checks
*** RIVER *** [9c 5d 9d Jd] [8s]
faceafa6: bets $57.16
466050d2: folds
Uncalled bet ($57.16) returned to faceafa6
*** SHOWDOWN ***
faceafa6 collected $76.2 from pot
*** SUMMARY ***
Total pot $76.2
Board [9c 5d 9d Jd 8s]
Seat 2: 466050d2 folded on the River
Seat 7: af6ec8d6(big blind) folded before Flop
Seat 4: b357d223 folded on the Flop
Seat 5: 348ff2f4 folded before Flop (didn't bet)
Seat 6: c771d260(small blind) folded before Flop
Seat 1: faceafa6won ($76.2) with Nines Full over Jacks
Seat 3: Hero folded before Flop (didn't bet)



Poker Hand #ring_821768416: NLH No Limit ($1/$2) - 2025/04/13 16:32:10
Table 'MR NLH 1/2' 7-max Seat #4 is the button
Seat 2: 466050d2 ($88.02 in chips)
Seat 7: af6ec8d6 ($400 in chips)
Seat 4: b357d223 ($360.03 in chips)
Seat 5: 348ff2f4 ($510.46 in chips)
Seat 6: c771d260 ($402.33 in chips)
Seat 1: faceafa6 ($182 in chips)
Seat 3: Hero ($173.6 in chips)
348ff2f4: posts small blind $1
c771d260: posts big blind $2
*** HOLE CARDS ***
Dealt to 466050d2 
Dealt to af6ec8d6 
Dealt to b357d223 
Dealt to 348ff2f4 
Dealt to c771d260 
Dealt to faceafa6 
Dealt to Hero [3s Tc]
af6ec8d6: raises $2 to $4
faceafa6: folds
466050d2: folds
Hero: folds
b357d223: folds
348ff2f4: folds
c771d260: folds
Uncalled bet ($2) returned to af6ec8d6
*** SHOWDOWN ***
af6ec8d6 collected $5 from pot
*** SUMMARY ***
Total pot $5
Seat 2: 466050d2 folded before Flop (didn't bet)
Seat 7: af6ec8d6won ($5)
Seat 4: b357d223 folded before Flop (didn't bet)
Seat 5: 348ff2f4(small blind) folded before Flop
Seat 6: c771d260(big blind) folded before Flop
Seat 1: faceafa6 folded before Flop (didn't bet)
Seat 3: Hero folded before Flop (didn't bet)



Poker Hand #ring_821767215: NLH No Limit ($1/$2) - 2025/04/13 16:30:58
Table 'MR NLH 1/2' 7-max Seat #3 is the button
Seat 2: 466050d2 ($90.02 in chips)
Seat 7: af6ec8d6 ($400 in chips)
Seat 4: b357d223 ($362.03 in chips)
Seat 5: 348ff2f4 ($504.82 in chips)
Seat 6: c771d260 ($402.33 in chips)
Seat 1: faceafa6 ($182 in chips)
Seat 3: Hero ($175.6 in chips)
b357d223: posts small blind $1
348ff2f4: posts big blind $2
*** HOLE CARDS ***
Dealt to 466050d2 
Dealt to af6ec8d6 
Dealt to b357d223 
Dealt to 348ff2f4 
Dealt to c771d260 
Dealt to faceafa6 
Dealt to Hero [Qc Js]
c771d260: folds
af6ec8d6: folds
faceafa6: folds
466050d2: calls $2
Hero: calls $2
b357d223: calls $1
348ff2f4: checks
*** FLOP *** [9d 2c 2d]
b357d223: checks
348ff2f4: bets $4
466050d2: folds
Hero: folds
b357d223: folds
Uncalled bet ($4) returned to 348ff2f4
*** SHOWDOWN ***
348ff2f4 collected $8 from pot
*** SUMMARY ***
Total pot $8
Board [9d 2c 2d]
Seat 2: 466050d2 folded on the Flop
Seat 7: af6ec8d6 folded before Flop (didn't bet)
Seat 4: b357d223(small blind) folded on the Flop
Seat 5: 348ff2f4(big blind)won ($8) with Pair of Sixes and Pair of Twos
Seat 6: c771d260 folded before Flop (didn't bet)
Seat 1: faceafa6 folded before Flop (didn't bet)
Seat 3: Hero folded on the Flop



Poker Hand #ring_821766298: NLH No Limit ($1/$2) - 2025/04/13 16:30:04
Table 'MR NLH 1/2' 7-max Seat #2 is the button
Seat 2: 466050d2 ($95.02 in chips)
Seat 7: af6ec8d6 ($400 in chips)
Seat 4: b357d223 ($351.75 in chips)
Seat 5: 348ff2f4 ($504.82 in chips)
Seat 6: c771d260 ($407.33 in chips)
Seat 1: faceafa6 ($182 in chips)
Seat 3: Hero ($176.6 in chips)
Hero: posts small blind $1
b357d223: posts big blind $2
*** HOLE CARDS ***
Dealt to 466050d2 
Dealt to af6ec8d6 
Dealt to b357d223 
Dealt to 348ff2f4 
Dealt to c771d260 
Dealt to faceafa6 
Dealt to Hero [Tc 5s]
348ff2f4: folds
c771d260: raises $3 to $5
af6ec8d6: folds
faceafa6: folds
466050d2: calls $5
Hero: folds
b357d223: calls $3
*** FLOP *** [3h 7d 4s]
b357d223: bets $8
c771d260: folds
466050d2: folds
Uncalled bet ($8) returned to b357d223
*** SHOWDOWN ***
b357d223 collected $16 from pot
*** SUMMARY ***
Total pot $16
Board [3h 7d 4s]
Seat 2: 466050d2 folded on the Flop
Seat 7: af6ec8d6 folded before Flop (didn't bet)
Seat 4: b357d223(big blind)won ($16) with Pair of Sevens
Seat 5: 348ff2f4 folded before Flop (didn't bet)
Seat 6: c771d260 folded on the Flop
Seat 1: faceafa6 folded before Flop (didn't bet)
Seat 3: Hero(small blind) folded before Flop



Poker Hand #ring_821765518: NLH No Limit ($1/$2) - 2025/04/13 16:29:19
Table 'MR NLH 1/2' 7-max Seat #1 is the button
Seat 2: 466050d2 ($87.02 in chips)
Seat 7: af6ec8d6 ($399.66 in chips)
Seat 4: b357d223 ($351.75 in chips)
Seat 5: 348ff2f4 ($504.82 in chips)
Seat 6: c771d260 ($407.33 in chips)
Seat 1: faceafa6 ($182 in chips)
Seat 3: Hero ($178.6 in chips)
466050d2: posts small blind $1
Hero: posts big blind $2
*** HOLE CARDS ***
Dealt to 466050d2 
Dealt to af6ec8d6 
Dealt to b357d223 
Dealt to 348ff2f4 
Dealt to c771d260 
Dealt to faceafa6 
Dealt to Hero [3s 3h]
b357d223: folds
348ff2f4: folds
c771d260: folds
af6ec8d6: raises $4 to $6
faceafa6: folds
466050d2: raises $81.02 to $87.02 and is all-in
Hero: folds
af6ec8d6: folds
Uncalled bet ($81.02) returned to 466050d2
*** SHOWDOWN ***
466050d2 collected $14 from pot
*** SUMMARY ***
Total pot $14
Seat 2: 466050d2(small blind)won ($14)
Seat 7: af6ec8d6 folded before Flop
Seat 4: b357d223 folded before Flop (didn't bet)
Seat 5: 348ff2f4 folded before Flop (didn't bet)
Seat 6: c771d260 folded before Flop (didn't bet)
Seat 1: faceafa6 folded before Flop (didn't bet)
Seat 3: Hero(big blind) folded before Flop



Poker Hand #ring_821764970: NLH No Limit ($1/$2) - 2025/04/13 16:28:46
Table 'MR NLH 1/2' 7-max Seat #7 is the button
Seat 2: 466050d2 ($93.02 in chips)
Seat 7: af6ec8d6 ($399.66 in chips)
Seat 4: b357d223 ($340.56 in chips)
Seat 5: 348ff2f4 ($504.82 in chips)
Seat 6: c771d260 ($407.33 in chips)
Seat 1: faceafa6 ($188 in chips)
Seat 3: Hero ($178.6 in chips)
faceafa6: posts small blind $1
466050d2: posts big blind $2
*** HOLE CARDS ***
Dealt to 466050d2 
Dealt to af6ec8d6 
Dealt to b357d223 
Dealt to 348ff2f4 
Dealt to c771d260 
Dealt to faceafa6 
Dealt to Hero [Qc 3d]
Hero: folds
b357d223: raises $4 to $6
348ff2f4: folds
c771d260: folds
af6ec8d6: folds
faceafa6: calls $5
466050d2: calls $4
*** FLOP *** [7s 6d Ah]
faceafa6: checks
466050d2: checks
b357d223: bets $9
faceafa6: folds
466050d2: folds
Uncalled bet ($9) returned to b357d223
*** SHOWDOWN ***
b357d223 collected $18 from pot
*** SUMMARY ***
Total pot $18
Board [7s 6d Ah]
Seat 2: 466050d2(big blind) folded on the Flop
Seat 7: af6ec8d6 folded before Flop (didn't bet)
Seat 4: b357d223won ($18) with Ace-High
Seat 5: 348ff2f4 folded before Flop (didn't bet)
Seat 6: c771d260 folded before Flop (didn't bet)
Seat 1: faceafa6(small blind) folded on the Flop
Seat 3: Hero folded before Flop (didn't bet)



Poker Hand #ring_821764028: NLH No Limit ($1/$2) - 2025/04/13 16:27:51
Table 'MR NLH 1/2' 7-max Seat #6 is the button
Seat 2: 466050d2 ($93.02 in chips)
Seat 7: af6ec8d6 ($400.66 in chips)
Seat 4: b357d223 ($358.56 in chips)
Seat 5: 348ff2f4 ($486.07 in chips)
Seat 6: c771d260 ($407.33 in chips)
Seat 1: faceafa6 ($190 in chips)
Seat 3: Hero ($178.6 in chips)
af6ec8d6: posts small blind $1
faceafa6: posts big blind $2
*** HOLE CARDS ***
Dealt to 466050d2 
Dealt to af6ec8d6 
Dealt to b357d223 
Dealt to 348ff2f4 
Dealt to c771d260 
Dealt to faceafa6 
Dealt to Hero [5c 9h]
466050d2: folds
Hero: folds
b357d223: raises $4 to $6
348ff2f4: raises $12 to $18
c771d260: folds
af6ec8d6: folds
faceafa6: folds
b357d223: calls $12
*** FLOP *** [3s 8c 9c]
b357d223: checks
348ff2f4: bets $25.74
b357d223: folds
Uncalled bet ($25.74) returned to 348ff2f4
*** SHOWDOWN ***
348ff2f4 collected $39 from pot
*** SUMMARY ***
Total pot $39
Board [3s 8c 9c]
Seat 2: 466050d2 folded before Flop (didn't bet)
Seat 7: af6ec8d6(small blind) folded before Flop
Seat 4: b357d223 folded on the Flop
Seat 5: 348ff2f4won ($39) with Pair of Nines
Seat 6: c771d260 folded before Flop (didn't bet)
Seat 1: faceafa6(big blind) folded before Flop
Seat 3: Hero folded before Flop (didn't bet)



Poker Hand #ring_821762929: NLH No Limit ($1/$2) - 2025/04/13 16:26:46
Table 'MR NLH 1/2' 7-max Seat #5 is the button
Seat 2: 466050d2 ($105.02 in chips)
Seat 7: af6ec8d6 ($402.66 in chips)
Seat 4: b357d223 ($370.56 in chips)
Seat 5: 348ff2f4 ($461.32 in chips)
Seat 6: c771d260 ($408.33 in chips)
Seat 1: faceafa6 ($190 in chips)
Seat 3: Hero ($178.6 in chips)
c771d260: posts small blind $1
af6ec8d6: posts big blind $2
*** HOLE CARDS ***
Dealt to 466050d2 
Dealt to af6ec8d6 
Dealt to b357d223 
Dealt to 348ff2f4 
Dealt to c771d260 
Dealt to faceafa6 
Dealt to Hero [8d 3d]
faceafa6: folds
466050d2: calls $2
Hero: folds
b357d223: calls $2
348ff2f4: raises $10 to $12
c771d260: folds
af6ec8d6: folds
466050d2: calls $10
b357d223: calls $10
*** FLOP *** [6s 3s 6d]
466050d2: checks
b357d223: checks
348ff2f4: bets $12.87
466050d2: folds
b357d223: folds
Uncalled bet ($12.87) returned to 348ff2f4
*** SHOWDOWN ***
348ff2f4 collected $39 from pot
*** SUMMARY ***
Total pot $39
Board [6s 3s 6d]
Seat 2: 466050d2 folded on the Flop
Seat 7: af6ec8d6(big blind) folded before Flop
Seat 4: b357d223 folded on the Flop
Seat 5: 348ff2f4won ($39) with Pair of Jacks and Pair of Sixes
Seat 6: c771d260(small blind) folded before Flop
Seat 1: faceafa6 folded before Flop (didn't bet)
Seat 3: Hero folded before Flop (didn't bet)



Poker Hand #ring_821762085: NLH No Limit ($1/$2) - 2025/04/13 16:25:54
Table 'MR NLH 1/2' 7-max Seat #4 is the button
Seat 2: 466050d2 ($112.02 in chips)
Seat 7: af6ec8d6 ($402.66 in chips)
Seat 4: b357d223 ($377.56 in chips)
Seat 5: 348ff2f4 ($446.85 in chips)
Seat 6: c771d260 ($410.33 in chips)
Seat 1: faceafa6 ($190 in chips)
Seat 3: Hero ($178.6 in chips)
348ff2f4: posts small blind $1
c771d260: posts big blind $2
*** HOLE CARDS ***
Dealt to 466050d2 
Dealt to af6ec8d6 
Dealt to b357d223 
Dealt to 348ff2f4 
Dealt to c771d260 
Dealt to faceafa6 
Dealt to Hero [3d 6h]
af6ec8d6: folds
faceafa6: folds
466050d2: raises $5 to $7
Hero: folds
b357d223: calls $7
348ff2f4: calls $6
c771d260: folds
*** FLOP *** [Qd 2s 9c]
348ff2f4: checks
466050d2: checks
b357d223: checks
*** TURN *** [Qd 2s 9c] [4d]
348ff2f4: checks
466050d2: checks
b357d223: checks
*** RIVER *** [Qd 2s 9c 4d] [5d]
348ff2f4: checks
466050d2: checks
b357d223: checks
466050d2: shows [Ac Jc]
b357d223: shows [8s Kc]
348ff2f4: shows [7h 7d]
*** SHOWDOWN ***
348ff2f4 collected $23 from pot
*** SUMMARY ***
Total pot $23
Board [Qd 2s 9c 4d 5d]
Seat 2: 466050d2 showed [Ac Jc] and lost with Ace-High
Seat 7: af6ec8d6 folded before Flop (didn't bet)
Seat 4: b357d223 showed [8s Kc] and lost with King-High
Seat 5: 348ff2f4(small blind) showed [7h 7d] and won ($23) with Pair of Sevens
Seat 6: c771d260(big blind) folded before Flop
Seat 1: faceafa6 folded before Flop (didn't bet)
Seat 3: Hero folded before Flop (didn't bet)



Poker Hand #ring_821761047: NLH No Limit ($1/$2) - 2025/04/13 16:24:53
Table 'MR NLH 1/2' 7-max Seat #3 is the button
Seat 2: 466050d2 ($97.82 in chips)
Seat 7: af6ec8d6 ($402.66 in chips)
Seat 4: b357d223 ($390.56 in chips)
Seat 5: 348ff2f4 ($448.85 in chips)
Seat 6: c771d260 ($410.33 in chips)
Seat 1: faceafa6 ($190 in chips)
Seat 3: Hero ($179.6 in chips)
b357d223: posts small blind $1
348ff2f4: posts big blind $2
Hero: posts big blind $0
Hero: posts small blind $1
*** HOLE CARDS ***
Dealt to 466050d2 
Dealt to af6ec8d6 
Dealt to b357d223 
Dealt to 348ff2f4 
Dealt to c771d260 
Dealt to faceafa6 
Dealt to Hero [9d 3h]
c771d260: folds
af6ec8d6: folds
faceafa6: folds
466050d2: calls $2
Hero: folds
b357d223: raises $4 to $6
348ff2f4: folds
466050d2: calls $4
*** FLOP *** [6s Jc Ad]
b357d223: bets $7
466050d2: calls $7
*** TURN *** [6s Jc Ad] [9s]
b357d223: checks
466050d2: bets $16.24
b357d223: folds
Uncalled bet ($16.24) returned to 466050d2
*** SHOWDOWN ***
466050d2 collected $29 from pot
*** SUMMARY ***
Total pot $28
Board [6s Jc Ad 9s]
Seat 2: 466050d2won ($29) with Pair of Aces
Seat 7: af6ec8d6 folded before Flop (didn't bet)
Seat 4: b357d223(small blind) folded on the Turn
Seat 5: 348ff2f4(big blind) folded before Flop
Seat 6: c771d260 folded before Flop (didn't bet)
Seat 1: faceafa6 folded before Flop (didn't bet)
Seat 3: Hero folded before Flop (didn't bet)



Poker Hand #ring_821759315: NLH No Limit ($1/$2) - 2025/04/13 16:23:09
Table 'MR NLH 1/2' 7-max Seat #7 is the button
Seat 2: 466050d2 ($112.44 in chips)
Seat 7: af6ec8d6 ($402.66 in chips)
Seat 4: b357d223 ($373.43 in chips)
Seat 5: 348ff2f4 ($448.85 in chips)
Seat 6: c771d260 ($410.33 in chips)
Seat 3: Hero ($181.6 in chips)
466050d2: posts small blind $1
Hero: posts big blind $2
*** HOLE CARDS ***
Dealt to 466050d2 
Dealt to af6ec8d6 
Dealt to b357d223 
Dealt to 348ff2f4 
Dealt to c771d260 
Dealt to Hero [Jc 5s]
b357d223: calls $2
348ff2f4: folds
c771d260: folds
af6ec8d6: folds
466050d2: calls $1
Hero: checks
*** FLOP *** [8s Kd Qd]
466050d2: bets $4.62
Hero: folds
b357d223: raises $7.62 to $12.24
466050d2: folds
Uncalled bet ($7.62) returned to b357d223
*** SHOWDOWN ***
b357d223 collected $15.24 from pot
*** SUMMARY ***
Total pot $15.24
Board [8s Kd Qd]
Seat 2: 466050d2(small blind) folded on the Flop
Seat 7: af6ec8d6 folded before Flop (didn't bet)
Seat 4: b357d223won ($15.24) with Pair of Queens and Pair of Eights
Seat 5: 348ff2f4 folded before Flop (didn't bet)
Seat 6: c771d260 folded before Flop (didn't bet)
Seat 3: Hero(big blind) folded on the Flop



Poker Hand #ring_821758509: NLH No Limit ($1/$2) - 2025/04/13 16:22:22
Table 'MR NLH 1/2' 7-max Seat #6 is the button
Seat 2: 466050d2 ($114.44 in chips)
Seat 7: af6ec8d6 ($403.66 in chips)
Seat 4: b357d223 ($377.83 in chips)
Seat 5: 348ff2f4 ($437.05 in chips)
Seat 6: c771d260 ($410.33 in chips)
Seat 3: Hero ($186 in chips)
af6ec8d6: posts small blind $1
466050d2: posts big blind $2
*** HOLE CARDS ***
Dealt to 466050d2 
Dealt to af6ec8d6 
Dealt to b357d223 
Dealt to 348ff2f4 
Dealt to c771d260 
Dealt to Hero [Ah 9h]
Hero: raises $2.4 to $4.4
b357d223: calls $4.4
348ff2f4: raises $15.6 to $20
c771d260: folds
af6ec8d6: folds
466050d2: folds
Hero: folds
b357d223: folds
Uncalled bet ($15.6) returned to 348ff2f4
*** SHOWDOWN ***
348ff2f4 collected $16.2 from pot
*** SUMMARY ***
Total pot $16.2
Seat 2: 466050d2(big blind) folded before Flop
Seat 7: af6ec8d6(small blind) folded before Flop
Seat 4: b357d223 folded before Flop
Seat 5: 348ff2f4won ($16.2)
Seat 6: c771d260 folded before Flop (didn't bet)
Seat 3: Hero folded before Flop



Poker Hand #ring_821758140: NLH No Limit ($1/$2) - 2025/04/13 16:21:59
Table 'MR NLH 1/2' 7-max Seat #5 is the button
Seat 2: 466050d2 ($114.44 in chips)
Seat 7: af6ec8d6 ($405.66 in chips)
Seat 4: b357d223 ($374.83 in chips)
Seat 5: 348ff2f4 ($437.05 in chips)
Seat 6: c771d260 ($411.33 in chips)
Seat 3: Hero ($186 in chips)
c771d260: posts small blind $1
af6ec8d6: posts big blind $2
*** HOLE CARDS ***
Dealt to 466050d2 
Dealt to af6ec8d6 
Dealt to b357d223 
Dealt to 348ff2f4 
Dealt to c771d260 
Dealt to Hero [Qs Jc]
466050d2: folds
Hero: folds
b357d223: raises $6 to $8
348ff2f4: folds
c771d260: folds
af6ec8d6: folds
Uncalled bet ($6) returned to b357d223
*** SHOWDOWN ***
b357d223 collected $5 from pot
*** SUMMARY ***
Total pot $5
Seat 2: 466050d2 folded before Flop (didn't bet)
Seat 7: af6ec8d6(big blind) folded before Flop
Seat 4: b357d223won ($5)
Seat 5: 348ff2f4 folded before Flop (didn't bet)
Seat 6: c771d260(small blind) folded before Flop
Seat 3: Hero folded before Flop (didn't bet)



Poker Hand #ring_821757171: NLH No Limit ($1/$2) - 2025/04/13 16:20:59
Table 'MR NLH 1/2' 7-max Seat #4 is the button
Seat 2: 466050d2 ($114.44 in chips)
Seat 7: af6ec8d6 ($405.66 in chips)
Seat 4: b357d223 ($376.83 in chips)
Seat 5: 348ff2f4 ($449.05 in chips)
Seat 6: c771d260 ($399 in chips)
Seat 3: Hero ($186 in chips)
348ff2f4: posts small blind $1
c771d260: posts big blind $2
*** HOLE CARDS ***
Dealt to 466050d2 
Dealt to af6ec8d6 
Dealt to b357d223 
Dealt to 348ff2f4 
Dealt to c771d260 
Dealt to Hero [9c 4s]
af6ec8d6: folds
466050d2: folds
Hero: folds
b357d223: calls $2
348ff2f4: calls $1
c771d260: raises $10 to $12
b357d223: folds
348ff2f4: calls $10
*** FLOP *** [8s 4h 4c]
348ff2f4: checks
c771d260: bets $13
348ff2f4: folds
Uncalled bet ($13) returned to c771d260
*** SHOWDOWN ***
c771d260 collected $26 from pot
*** SUMMARY ***
Total pot $26
Board [8s 4h 4c]
Seat 2: 466050d2 folded before Flop (didn't bet)
Seat 7: af6ec8d6 folded before Flop (didn't bet)
Seat 4: b357d223 folded before Flop
Seat 5: 348ff2f4(small blind) folded on the Flop
Seat 6: c771d260(big blind)won ($26) with Pair of Fours
Seat 3: Hero folded before Flop (didn't bet)



Poker Hand #ring_821755777: NLH No Limit ($1/$2) - 2025/04/13 16:19:35
Table 'MR NLH 1/2' 7-max Seat #3 is the button
Seat 2: 466050d2 ($96.37 in chips)
Seat 7: af6ec8d6 ($422.91 in chips)
Seat 4: b357d223 ($377.83 in chips)
Seat 5: 348ff2f4 ($451.05 in chips)
Seat 6: c771d260 ($399 in chips)
Seat 3: Hero ($186 in chips)
b357d223: posts small blind $1
348ff2f4: posts big blind $2
*** HOLE CARDS ***
Dealt to 466050d2 
Dealt to af6ec8d6 
Dealt to b357d223 
Dealt to 348ff2f4 
Dealt to c771d260 
Dealt to Hero [5d 8d]
c771d260: folds
af6ec8d6: raises $4 to $6
466050d2: calls $6
Hero: folds
b357d223: folds
348ff2f4: folds
*** FLOP *** [7c Jh 9d]
af6ec8d6: checks
466050d2: checks
*** TURN *** [7c Jh 9d] [8c]
af6ec8d6: bets $11.25
466050d2: calls $11.25
*** RIVER *** [7c Jh 9d 8c] [Qc]
af6ec8d6: checks
466050d2: bets $28.88
af6ec8d6: folds
Uncalled bet ($28.88) returned to 466050d2
*** SHOWDOWN ***
466050d2 collected $37.5 from pot
*** SUMMARY ***
Total pot $37.5
Board [7c Jh 9d 8c Qc]
Seat 2: 466050d2won ($37.5) with Ace High Flush
Seat 7: af6ec8d6 folded on the River
Seat 4: b357d223(small blind) folded before Flop
Seat 5: 348ff2f4(big blind) folded before Flop
Seat 6: c771d260 folded before Flop (didn't bet)
Seat 3: Hero folded before Flop (didn't bet)



Poker Hand #ring_821755005: NLH No Limit ($1/$2) - 2025/04/13 16:18:51
Table 'MR NLH 1/2' 7-max Seat #2 is the button
Seat 2: 466050d2 ($102.37 in chips)
Seat 7: af6ec8d6 ($422.91 in chips)
Seat 4: b357d223 ($366.64 in chips)
Seat 5: 348ff2f4 ($451.05 in chips)
Seat 6: c771d260 ($399 in chips)
Seat 3: Hero ($192 in chips)
Hero: posts small blind $1
b357d223: posts big blind $2
*** HOLE CARDS ***
Dealt to 466050d2 
Dealt to af6ec8d6 
Dealt to b357d223 
Dealt to 348ff2f4 
Dealt to c771d260 
Dealt to Hero [Qh 5h]
348ff2f4: folds
c771d260: folds
af6ec8d6: folds
466050d2: calls $2
Hero: calls $1
b357d223: raises $4 to $6
466050d2: calls $4
Hero: calls $4
*** FLOP *** [7h 7d Jd]
Hero: checks
b357d223: bets $5.94
466050d2: folds
Hero: folds
Uncalled bet ($5.94) returned to b357d223
*** SHOWDOWN ***
b357d223 collected $18 from pot
*** SUMMARY ***
Total pot $18
Board [7h 7d Jd]
Seat 2: 466050d2 folded on the Flop
Seat 7: af6ec8d6 folded before Flop (didn't bet)
Seat 4: b357d223(big blind)won ($18) with Pair of Sevens
Seat 5: 348ff2f4 folded before Flop (didn't bet)
Seat 6: c771d260 folded before Flop (didn't bet)
Seat 3: Hero(small blind) folded on the Flop



Poker Hand #ring_821754572: NLH No Limit ($1/$2) - 2025/04/13 16:18:24
Table 'MR NLH 1/2' 7-max Seat #7 is the button
Seat 2: 466050d2 ($94.37 in chips)
Seat 7: af6ec8d6 ($428.91 in chips)
Seat 4: b357d223 ($366.64 in chips)
Seat 5: 348ff2f4 ($451.05 in chips)
Seat 6: c771d260 ($399 in chips)
Seat 3: Hero ($194 in chips)
466050d2: posts small blind $1
Hero: posts big blind $2
*** HOLE CARDS ***
Dealt to 466050d2 
Dealt to af6ec8d6 
Dealt to b357d223 
Dealt to 348ff2f4 
Dealt to c771d260 
Dealt to Hero [Jh 8s]
b357d223: folds
348ff2f4: folds
c771d260: folds
af6ec8d6: raises $4 to $6
466050d2: raises $88.37 to $94.37 and is all-in
Hero: folds
af6ec8d6: folds
Uncalled bet ($88.37) returned to 466050d2
*** SHOWDOWN ***
466050d2 collected $14 from pot
*** SUMMARY ***
Total pot $14
Seat 2: 466050d2(small blind)won ($14)
Seat 7: af6ec8d6 folded before Flop
Seat 4: b357d223 folded before Flop (didn't bet)
Seat 5: 348ff2f4 folded before Flop (didn't bet)
Seat 6: c771d260 folded before Flop (didn't bet)
Seat 3: Hero(big blind) folded before Flop



