Poker Hand #ring_845395437: NLH No Limit ($1/$2) - 2025/04/27 15:41:45
Table 'MR NLH 1/2' 7-max Seat #7 is the button
Seat 7: f1824cc4 ($358.65 in chips)
Seat 3: f19e7c8f ($535.77 in chips)
Seat 1: f0e72e0b ($109.92 in chips)
Seat 4: Hero ($307.74 in chips)
f0e72e0b: posts small blind $1
f19e7c8f: posts big blind $2
*** HOLE CARDS ***
Dealt to f1824cc4 
Dealt to f19e7c8f 
Dealt to f0e72e0b 
Dealt to Hero [3s Th]
Hero: folds
f1824cc4: folds
f0e72e0b: calls $1
f19e7c8f: raises $6 to $8
f0e72e0b: folds
Uncalled bet ($6) returned to f19e7c8f
*** SHOWDOWN ***
f19e7c8f collected $4 from pot
*** SUMMARY ***
Total pot $4
Seat 7: f1824cc4 folded before Flop (didn't bet)
Seat 3: f19e7c8f(big blind)won ($4)
Seat 1: f0e72e0b(small blind) folded before Flop
Seat 4: Hero folded before Flop (didn't bet)



Poker Hand #ring_845395092: NLH No Limit ($1/$2) - 2025/04/27 15:41:23
Table 'MR NLH 1/2' 7-max Seat #4 is the button
Seat 7: f1824cc4 ($360.65 in chips)
Seat 3: f19e7c8f ($535.77 in chips)
Seat 1: f0e72e0b ($107.92 in chips)
Seat 4: Hero ($307.74 in chips)
f1824cc4: posts small blind $1
f0e72e0b: posts big blind $2
*** HOLE CARDS ***
Dealt to f1824cc4 
Dealt to f19e7c8f 
Dealt to f0e72e0b 
Dealt to Hero [5c Ks]
f19e7c8f: folds
Hero: folds
f1824cc4: calls $1
f0e72e0b: raises $6 to $8
f1824cc4: folds
Uncalled bet ($6) returned to f0e72e0b
*** SHOWDOWN ***
f0e72e0b collected $4 from pot
*** SUMMARY ***
Total pot $4
Seat 7: f1824cc4(small blind) folded before Flop
Seat 3: f19e7c8f folded before Flop (didn't bet)
Seat 1: f0e72e0b(big blind)won ($4)
Seat 4: Hero folded before Flop (didn't bet)



Poker Hand #ring_845394464: NLH No Limit ($1/$2) - 2025/04/27 15:40:44
Table 'MR NLH 1/2' 7-max Seat #3 is the button
Seat 7: f1824cc4 ($362.65 in chips)
Seat 3: f19e7c8f ($535.77 in chips)
Seat 1: f0e72e0b ($105.19 in chips)
Seat 4: Hero ($308.74 in chips)
Hero: posts small blind $1
f1824cc4: posts big blind $2
f0e72e0b: posts big blind $2
f0e72e0b: posts small blind $1
*** HOLE CARDS ***
Dealt to f1824cc4 
Dealt to f19e7c8f 
Dealt to f0e72e0b 
Dealt to Hero [2d Kc]
f0e72e0b: checks
f19e7c8f: folds
Hero: folds
f1824cc4: checks
*** FLOP *** [6h Ah Qc]
f1824cc4: checks
f0e72e0b: checks
*** TURN *** [6h Ah Qc] [Kh]
f1824cc4: checks
f0e72e0b: checks
*** RIVER *** [6h Ah Qc Kh] [5s]
f1824cc4: checks
f0e72e0b: checks
f0e72e0b: shows [3s 6c]
f1824cc4: shows [Ts 7h]
*** SHOWDOWN ***
f0e72e0b collected $6 from pot
*** SUMMARY ***
Total pot $5
Board [6h Ah Qc Kh 5s]
Seat 7: f1824cc4(big blind) showed [Ts 7h] and lost with Ace-High
Seat 3: f19e7c8f folded before Flop (didn't bet)
Seat 1: f0e72e0b showed [3s 6c] and won ($6) with Pair of Sixes
Seat 4: Hero(small blind) folded before Flop



Poker Hand #ring_845393630: NLH No Limit ($1/$2) - 2025/04/27 15:39:52
Table 'MR NLH 1/2' 7-max Seat #7 is the button
Seat 7: f1824cc4 ($350.32 in chips)
Seat 3: f19e7c8f ($536.77 in chips)
Seat 4: Hero ($321.24 in chips)
f19e7c8f: posts small blind $1
Hero: posts big blind $2
*** HOLE CARDS ***
Dealt to f1824cc4 
Dealt to f19e7c8f 
Dealt to Hero [Ad 7h]
f1824cc4: raises $4 to $6
f19e7c8f: folds
Hero: calls $4
*** FLOP *** [4s 9c Jd]
Hero: bets $6.5
f1824cc4: calls $6.5
*** TURN *** [4s 9c Jd] [Kc]
Hero: checks
f1824cc4: bets $26
Hero: folds
Uncalled bet ($26) returned to f1824cc4
*** SHOWDOWN ***
f1824cc4 collected $26 from pot
*** SUMMARY ***
Total pot $26
Board [4s 9c Jd Kc]
Seat 7: f1824cc4won ($26) with King-High
Seat 3: f19e7c8f(small blind) folded before Flop
Seat 4: Hero(big blind) folded on the Turn



Poker Hand #ring_845393350: NLH No Limit ($1/$2) - 2025/04/27 15:39:35
Table 'MR NLH 1/2' 7-max Seat #4 is the button
Seat 7: f1824cc4 ($348.32 in chips)
Seat 3: f19e7c8f ($538.77 in chips)
Seat 4: Hero ($321.24 in chips)
f1824cc4: posts small blind $1
f19e7c8f: posts big blind $2
*** HOLE CARDS ***
Dealt to f1824cc4 
Dealt to f19e7c8f 
Dealt to Hero [Ks 2d]
Hero: folds
f1824cc4: raises $4 to $6
f19e7c8f: folds
Uncalled bet ($4) returned to f1824cc4
*** SHOWDOWN ***
f1824cc4 collected $4 from pot
*** SUMMARY ***
Total pot $4
Seat 7: f1824cc4(small blind)won ($4)
Seat 3: f19e7c8f(big blind) folded before Flop
Seat 4: Hero folded before Flop (didn't bet)



Poker Hand #ring_845393105: NLH No Limit ($1/$2) - 2025/04/27 15:39:19
Table 'MR NLH 1/2' 7-max Seat #3 is the button
Seat 7: f1824cc4 ($350.32 in chips)
Seat 3: f19e7c8f ($538.77 in chips)
Seat 4: Hero ($319.24 in chips)
Hero: posts small blind $1
f1824cc4: posts big blind $2
*** HOLE CARDS ***
Dealt to f1824cc4 
Dealt to f19e7c8f 
Dealt to Hero [5d 5s]
f19e7c8f: folds
Hero: raises $3 to $5
f1824cc4: folds
Uncalled bet ($3) returned to Hero
*** SHOWDOWN ***
Hero collected $4 from pot
*** SUMMARY ***
Total pot $4
Seat 7: f1824cc4(big blind) folded before Flop
Seat 3: f19e7c8f folded before Flop (didn't bet)
Seat 4: Hero(small blind)won ($4)



Poker Hand #ring_845392800: NLH No Limit ($1/$2) - 2025/04/27 15:39:00
Table 'MR NLH 1/2' 7-max Seat #1 is the button
Seat 7: f1824cc4 ($350.32 in chips)
Seat 3: f19e7c8f ($536.77 in chips)
Seat 1: f0e72e0b ($105.19 in chips)
Seat 4: Hero ($321.24 in chips)
f19e7c8f: posts small blind $1
Hero: posts big blind $2
*** HOLE CARDS ***
Dealt to f1824cc4 
Dealt to f19e7c8f 
Dealt to f0e72e0b 
Dealt to Hero [3d 9s]
f1824cc4: folds
f0e72e0b: folds
f19e7c8f: raises $6 to $8
Hero: folds
Uncalled bet ($6) returned to f19e7c8f
*** SHOWDOWN ***
f19e7c8f collected $4 from pot
*** SUMMARY ***
Total pot $4
Seat 7: f1824cc4 folded before Flop (didn't bet)
Seat 3: f19e7c8f(small blind)won ($4)
Seat 1: f0e72e0b folded before Flop (didn't bet)
Seat 4: Hero(big blind) folded before Flop



Poker Hand #ring_845392068: NLH No Limit ($1/$2) - 2025/04/27 15:38:16
Table 'MR NLH 1/2' 7-max Seat #7 is the button
Seat 7: f1824cc4 ($350.95 in chips)
Seat 3: f19e7c8f ($537.39 in chips)
Seat 1: f0e72e0b ($106.19 in chips)
Seat 4: Hero ($321.24 in chips)
f0e72e0b: posts small blind $1
f19e7c8f: posts big blind $2
*** HOLE CARDS ***
Dealt to f1824cc4 
Dealt to f19e7c8f 
Dealt to f0e72e0b 
Dealt to Hero [9d Kh]
Hero: folds
f1824cc4: raises $4 to $6
f0e72e0b: folds
f19e7c8f: calls $4
*** FLOP *** [7s 2c 8h]
f19e7c8f: checks
f1824cc4: checks
*** TURN *** [7s 2c 8h] [7h]
f19e7c8f: checks
f1824cc4: bets $13
f19e7c8f: calls $13
*** RIVER *** [7s 2c 8h 7h] [2h]
f19e7c8f: checks
f1824cc4: checks
f19e7c8f: shows [Ad 6c]
f1824cc4: shows [As Qh]
*** SHOWDOWN ***
f19e7c8f collected $19.5 from pot
f1824cc4 collected $19.5 from pot
*** SUMMARY ***
Total pot $39
Board [7s 2c 8h 7h 2h]
Seat 7: f1824cc4 showed [As Qh] and won ($19.5) with Pair of Sevens and Pair of Twos
Seat 3: f19e7c8f(big blind) showed [Ad 6c] and won ($19.5) with Pair of Sevens and Pair of Twos
Seat 1: f0e72e0b(small blind) folded before Flop
Seat 4: Hero folded before Flop (didn't bet)



Poker Hand #ring_845391536: NLH No Limit ($1/$2) - 2025/04/27 15:37:42
Table 'MR NLH 1/2' 7-max Seat #0 is the button
Seat 7: f1824cc4 ($351.95 in chips)
Seat 3: f19e7c8f ($530.97 in chips)
Seat 1: f0e72e0b ($112.19 in chips)
Seat 4: Hero ($321.24 in chips)
f1824cc4: posts small blind $1
f0e72e0b: posts big blind $2
*** HOLE CARDS ***
Dealt to f1824cc4 
Dealt to f19e7c8f 
Dealt to f0e72e0b 
Dealt to Hero [2h 9c]
f19e7c8f: raises $4 to $6
Hero: folds
f1824cc4: folds
f0e72e0b: calls $4
*** FLOP *** [Jh 9s 6h]
f0e72e0b: checks
f19e7c8f: bets $9.62
f0e72e0b: folds
Uncalled bet ($9.62) returned to f19e7c8f
*** SHOWDOWN ***
f19e7c8f collected $13 from pot
*** SUMMARY ***
Total pot $13
Board [Jh 9s 6h]
Seat 7: f1824cc4(small blind) folded before Flop
Seat 3: f19e7c8fwon ($13) with Ace-High
Seat 1: f0e72e0b(big blind) folded on the Flop
Seat 4: Hero folded before Flop (didn't bet)



Poker Hand #ring_845391259: NLH No Limit ($1/$2) - 2025/04/27 15:37:24
Table 'MR NLH 1/2' 7-max Seat #4 is the button
Seat 7: f1824cc4 ($353.95 in chips)
Seat 3: f19e7c8f ($530.97 in chips)
Seat 1: f0e72e0b ($110.19 in chips)
Seat 4: Hero ($321.24 in chips)
f1824cc4: posts big blind $2
*** HOLE CARDS ***
Dealt to f1824cc4 
Dealt to f19e7c8f 
Dealt to f0e72e0b 
Dealt to Hero [2d As]
f0e72e0b: raises $6 to $8
f19e7c8f: folds
Hero: folds
f1824cc4: folds
Uncalled bet ($6) returned to f0e72e0b
*** SHOWDOWN ***
f0e72e0b collected $4 from pot
*** SUMMARY ***
Total pot $4
Seat 7: f1824cc4(big blind) folded before Flop
Seat 3: f19e7c8f folded before Flop (didn't bet)
Seat 1: f0e72e0bwon ($4)
Seat 4: Hero folded before Flop (didn't bet)



Poker Hand #ring_845390656: NLH No Limit ($1/$2) - 2025/04/27 15:36:46
Table 'MR NLH 1/2' 7-max Seat #3 is the button
Seat 7: f1824cc4 ($353.95 in chips)
Seat 6: 2d868ba9 ($713.3 in chips)
Seat 3: f19e7c8f ($544.85 in chips)
Seat 4: Hero ($307.19 in chips)
Hero: posts small blind $1
2d868ba9: posts big blind $2
*** HOLE CARDS ***
Dealt to f1824cc4 
Dealt to 2d868ba9 
Dealt to f19e7c8f 
Dealt to Hero [Ah 4h]
f1824cc4: folds
f19e7c8f: raises $3 to $5
Hero: calls $4
2d868ba9: folds
*** FLOP *** [Qh Kh Ad]
Hero: checks
f19e7c8f: bets $8.88
Hero: raises $23.81 to $32.69
f19e7c8f: folds
Uncalled bet ($23.81) returned to Hero
*** SHOWDOWN ***
Hero collected $29.76 from pot
*** SUMMARY ***
Total pot $29.76
Board [Qh Kh Ad]
Seat 7: f1824cc4 folded before Flop (didn't bet)
Seat 6: 2d868ba9(big blind) folded before Flop
Seat 3: f19e7c8f folded on the Flop
Seat 4: Hero(small blind)won ($29.76) with Pair of Aces



Poker Hand #ring_845390355: NLH No Limit ($1/$2) - 2025/04/27 15:36:28
Table 'MR NLH 1/2' 7-max Seat #1 is the button
Seat 7: f1824cc4 ($353.95 in chips)
Seat 6: 2d868ba9 ($713.3 in chips)
Seat 3: f19e7c8f ($542.85 in chips)
Seat 1: f0e72e0b ($110.19 in chips)
Seat 4: Hero ($309.19 in chips)
f19e7c8f: posts small blind $1
Hero: posts big blind $2
*** HOLE CARDS ***
Dealt to f1824cc4 
Dealt to 2d868ba9 
Dealt to f19e7c8f 
Dealt to f0e72e0b 
Dealt to Hero [7d Td]
2d868ba9: folds
f1824cc4: folds
f0e72e0b: folds
f19e7c8f: raises $6 to $8
Hero: folds
Uncalled bet ($6) returned to f19e7c8f
*** SHOWDOWN ***
f19e7c8f collected $4 from pot
*** SUMMARY ***
Total pot $4
Seat 7: f1824cc4 folded before Flop (didn't bet)
Seat 6: 2d868ba9 folded before Flop (didn't bet)
Seat 3: f19e7c8f(small blind)won ($4)
Seat 1: f0e72e0b folded before Flop (didn't bet)
Seat 4: Hero(big blind) folded before Flop



Poker Hand #ring_845389906: NLH No Limit ($1/$2) - 2025/04/27 15:36:00
Table 'MR NLH 1/2' 7-max Seat #7 is the button
Seat 7: f1824cc4 ($346.58 in chips)
Seat 6: 2d868ba9 ($713.3 in chips)
Seat 3: f19e7c8f ($544.85 in chips)
Seat 1: f0e72e0b ($116.19 in chips)
Seat 4: Hero ($309.19 in chips)
f0e72e0b: posts small blind $1
f19e7c8f: posts big blind $2
*** HOLE CARDS ***
Dealt to f1824cc4 
Dealt to 2d868ba9 
Dealt to f19e7c8f 
Dealt to f0e72e0b 
Dealt to Hero [4d 7s]
Hero: folds
2d868ba9: folds
f1824cc4: raises $4 to $6
f0e72e0b: calls $5
f19e7c8f: folds
*** FLOP *** [3d 2h Kd]
f0e72e0b: checks
f1824cc4: bets $4.34
f0e72e0b: folds
Uncalled bet ($4.34) returned to f1824cc4
*** SHOWDOWN ***
f1824cc4 collected $14 from pot
*** SUMMARY ***
Total pot $14
Board [3d 2h Kd]
Seat 7: f1824cc4won ($14) with Pair of Twos
Seat 6: 2d868ba9 folded before Flop (didn't bet)
Seat 3: f19e7c8f(big blind) folded before Flop
Seat 1: f0e72e0b(small blind) folded on the Flop
Seat 4: Hero folded before Flop (didn't bet)



Poker Hand #ring_845389646: NLH No Limit ($1/$2) - 2025/04/27 15:35:44
Table 'MR NLH 1/2' 7-max Seat #6 is the button
Seat 7: f1824cc4 ($347.58 in chips)
Seat 6: 2d868ba9 ($713.3 in chips)
Seat 3: f19e7c8f ($544.85 in chips)
Seat 1: f0e72e0b ($115.19 in chips)
Seat 4: Hero ($309.19 in chips)
f1824cc4: posts small blind $1
f0e72e0b: posts big blind $2
*** HOLE CARDS ***
Dealt to f1824cc4 
Dealt to 2d868ba9 
Dealt to f19e7c8f 
Dealt to f0e72e0b 
Dealt to Hero [7d 6c]
f19e7c8f: folds
Hero: folds
2d868ba9: folds
f1824cc4: folds
*** SHOWDOWN ***
f0e72e0b collected $3 from pot
*** SUMMARY ***
Total pot $3
Seat 7: f1824cc4(small blind) folded before Flop
Seat 6: 2d868ba9 folded before Flop (didn't bet)
Seat 3: f19e7c8f folded before Flop (didn't bet)
Seat 1: f0e72e0b(big blind)won ($3)
Seat 4: Hero folded before Flop (didn't bet)



Poker Hand #ring_845389412: NLH No Limit ($1/$2) - 2025/04/27 15:35:29
Table 'MR NLH 1/2' 7-max Seat #4 is the button
Seat 7: f1824cc4 ($346.58 in chips)
Seat 6: 2d868ba9 ($714.3 in chips)
Seat 3: f19e7c8f ($544.85 in chips)
Seat 1: f0e72e0b ($115.19 in chips)
Seat 4: Hero ($309.19 in chips)
2d868ba9: posts small blind $1
f1824cc4: posts big blind $2
*** HOLE CARDS ***
Dealt to f1824cc4 
Dealt to 2d868ba9 
Dealt to f19e7c8f 
Dealt to f0e72e0b 
Dealt to Hero [7c 5s]
f0e72e0b: folds
f19e7c8f: folds
Hero: folds
2d868ba9: folds
*** SHOWDOWN ***
f1824cc4 collected $3 from pot
*** SUMMARY ***
Total pot $3
Seat 7: f1824cc4(big blind)won ($3)
Seat 6: 2d868ba9(small blind) folded before Flop
Seat 3: f19e7c8f folded before Flop (didn't bet)
Seat 1: f0e72e0b folded before Flop (didn't bet)
Seat 4: Hero folded before Flop (didn't bet)



Poker Hand #ring_845388583: NLH No Limit ($1/$2) - 2025/04/27 15:34:37
Table 'MR NLH 1/2' 7-max Seat #3 is the button
Seat 7: f1824cc4 ($346.58 in chips)
Seat 6: 2d868ba9 ($715 in chips)
Seat 3: f19e7c8f ($544.85 in chips)
Seat 1: f0e72e0b ($115.19 in chips)
Seat 4: Hero ($309.89 in chips)
Hero: posts small blind $1
2d868ba9: posts big blind $2
*** HOLE CARDS ***
Dealt to f1824cc4 
Dealt to 2d868ba9 
Dealt to f19e7c8f 
Dealt to f0e72e0b 
Dealt to Hero [Qd 6d]
f1824cc4: folds
f0e72e0b: folds
f19e7c8f: folds
Hero: calls $1
2d868ba9: checks
*** FLOP *** [Kh Kd 3h]
Hero: checks
2d868ba9: checks
*** TURN *** [Kh Kd 3h] [Qh]
Hero: checks
2d868ba9: checks
*** RIVER *** [Kh Kd 3h Qh] [Tc]
Hero: bets $2
2d868ba9: raises $6 to $8
Hero: calls $6
Hero: shows [Qd 6d]
2d868ba9: shows [Qs 5s]
*** SHOWDOWN ***
Hero collected $10 from pot
2d868ba9 collected $10 from pot
*** SUMMARY ***
Total pot $20
Board [Kh Kd 3h Qh Tc]
Seat 7: f1824cc4 folded before Flop (didn't bet)
Seat 6: 2d868ba9(big blind) showed [Qs 5s] and won ($10) with Pair of Kings and Pair of Queens
Seat 3: f19e7c8f folded before Flop (didn't bet)
Seat 1: f0e72e0b folded before Flop (didn't bet)
Seat 4: Hero(small blind) showed [Qd 6d] and won ($10) with Pair of Kings and Pair of Queens



Poker Hand #ring_845388238: NLH No Limit ($1/$2) - 2025/04/27 15:34:17
Table 'MR NLH 1/2' 7-max Seat #1 is the button
Seat 7: f1824cc4 ($337.58 in chips)
Seat 6: 2d868ba9 ($721 in chips)
Seat 3: f19e7c8f ($545.85 in chips)
Seat 1: f0e72e0b ($115.19 in chips)
Seat 4: Hero ($311.89 in chips)
f19e7c8f: posts small blind $1
Hero: posts big blind $2
*** HOLE CARDS ***
Dealt to f1824cc4 
Dealt to 2d868ba9 
Dealt to f19e7c8f 
Dealt to f0e72e0b 
Dealt to Hero [4d Ac]
2d868ba9: raises $4 to $6
f1824cc4: raises $12 to $18
f0e72e0b: folds
f19e7c8f: folds
Hero: folds
2d868ba9: folds
Uncalled bet ($12) returned to f1824cc4
*** SHOWDOWN ***
f1824cc4 collected $15 from pot
*** SUMMARY ***
Total pot $15
Seat 7: f1824cc4won ($15)
Seat 6: 2d868ba9 folded before Flop
Seat 3: f19e7c8f(small blind) folded before Flop
Seat 1: f0e72e0b folded before Flop (didn't bet)
Seat 4: Hero(big blind) folded before Flop



Poker Hand #ring_845387618: NLH No Limit ($1/$2) - 2025/04/27 15:33:34
Table 'MR NLH 1/2' 7-max Seat #7 is the button
Seat 7: f1824cc4 ($331.16 in chips)
Seat 6: 2d868ba9 ($721 in chips)
Seat 3: f19e7c8f ($551.85 in chips)
Seat 1: f0e72e0b ($116.19 in chips)
Seat 4: Hero ($311.89 in chips)
f0e72e0b: posts small blind $1
f19e7c8f: posts big blind $2
*** HOLE CARDS ***
Dealt to f1824cc4 
Dealt to 2d868ba9 
Dealt to f19e7c8f 
Dealt to f0e72e0b 
Dealt to Hero [Js 3d]
Hero: folds
2d868ba9: folds
f1824cc4: raises $4 to $6
f0e72e0b: folds
f19e7c8f: calls $4
*** FLOP *** [5s Tc Kh]
f19e7c8f: checks
f1824cc4: checks
*** TURN *** [5s Tc Kh] [Qs]
f19e7c8f: checks
f1824cc4: checks
*** RIVER *** [5s Tc Kh Qs] [Qh]
f19e7c8f: checks
f1824cc4: checks
f19e7c8f: shows [9c 6c]
f1824cc4: shows [8d Ah]
*** SHOWDOWN ***
f1824cc4 collected $13 from pot
*** SUMMARY ***
Total pot $13
Board [5s Tc Kh Qs Qh]
Seat 7: f1824cc4 showed [8d Ah] and won ($13) with Pair of Queens
Seat 6: 2d868ba9 folded before Flop (didn't bet)
Seat 3: f19e7c8f(big blind) showed [9c 6c] and lost with Pair of Queens
Seat 1: f0e72e0b(small blind) folded before Flop
Seat 4: Hero folded before Flop (didn't bet)



Poker Hand #ring_845387102: NLH No Limit ($1/$2) - 2025/04/27 15:33:03
Table 'MR NLH 1/2' 7-max Seat #6 is the button
Seat 7: f1824cc4 ($332.16 in chips)
Seat 6: 2d868ba9 ($721 in chips)
Seat 3: f19e7c8f ($551.85 in chips)
Seat 1: f0e72e0b ($109.77 in chips)
Seat 4: Hero ($317.89 in chips)
f1824cc4: posts small blind $1
f0e72e0b: posts big blind $2
*** HOLE CARDS ***
Dealt to f1824cc4 
Dealt to 2d868ba9 
Dealt to f19e7c8f 
Dealt to f0e72e0b 
Dealt to Hero [5h Ah]
f19e7c8f: folds
Hero: raises $4 to $6
2d868ba9: folds
f1824cc4: folds
f0e72e0b: calls $4
*** FLOP *** [8s 8d Jd]
f0e72e0b: checks
Hero: checks
*** TURN *** [8s 8d Jd] [9d]
f0e72e0b: bets $13
Hero: folds
Uncalled bet ($13) returned to f0e72e0b
*** SHOWDOWN ***
f0e72e0b collected $13 from pot
*** SUMMARY ***
Total pot $13
Board [8s 8d Jd 9d]
Seat 7: f1824cc4(small blind) folded before Flop
Seat 6: 2d868ba9 folded before Flop (didn't bet)
Seat 3: f19e7c8f folded before Flop (didn't bet)
Seat 1: f0e72e0b(big blind)won ($13) with Pair of Jacks and Pair of Eights
Seat 4: Hero folded on the Turn



Poker Hand #ring_845386184: NLH No Limit ($1/$2) - 2025/04/27 15:32:05
Table 'MR NLH 1/2' 7-max Seat #4 is the button
Seat 7: f1824cc4 ($340.16 in chips)
Seat 6: 2d868ba9 ($691.3 in chips)
Seat 3: f19e7c8f ($559.85 in chips)
Seat 1: f0e72e0b ($117.77 in chips)
Seat 4: Hero ($325.89 in chips)
2d868ba9: posts small blind $1
f1824cc4: posts big blind $2
*** HOLE CARDS ***
Dealt to f1824cc4 
Dealt to 2d868ba9 
Dealt to f19e7c8f 
Dealt to f0e72e0b 
Dealt to Hero [Ah 4h]
f0e72e0b: calls $2
f19e7c8f: raises $6 to $8
Hero: calls $8
2d868ba9: calls $7
f1824cc4: calls $6
f0e72e0b: calls $6
*** FLOP *** [9h Qc Jc]
2d868ba9: checks
f1824cc4: checks
f0e72e0b: checks
f19e7c8f: checks
Hero: checks
*** TURN *** [9h Qc Jc] [3c]
2d868ba9: bets $40
f1824cc4: folds
f0e72e0b: folds
f19e7c8f: folds
Hero: folds
Uncalled bet ($40) returned to 2d868ba9
*** SHOWDOWN ***
2d868ba9 collected $40 from pot
*** SUMMARY ***
Total pot $40
Board [9h Qc Jc 3c]
Seat 7: f1824cc4(big blind) folded on the Turn
Seat 6: 2d868ba9(small blind)won ($40) with Ace High Flush
Seat 3: f19e7c8f folded on the Turn
Seat 1: f0e72e0b folded on the Turn
Seat 4: Hero folded on the Turn



Poker Hand #ring_845385945: NLH No Limit ($1/$2) - 2025/04/27 15:31:49
Table 'MR NLH 1/2' 7-max Seat #3 is the button
Seat 7: f1824cc4 ($337.16 in chips)
Seat 6: 2d868ba9 ($693.3 in chips)
Seat 3: f19e7c8f ($559.85 in chips)
Seat 1: f0e72e0b ($117.77 in chips)
Seat 4: Hero ($326.89 in chips)
Hero: posts small blind $1
2d868ba9: posts big blind $2
*** HOLE CARDS ***
Dealt to f1824cc4 
Dealt to 2d868ba9 
Dealt to f19e7c8f 
Dealt to f0e72e0b 
Dealt to Hero [9c 6s]
f1824cc4: raises $4 to $6
f0e72e0b: folds
f19e7c8f: folds
Hero: folds
2d868ba9: folds
Uncalled bet ($4) returned to f1824cc4
*** SHOWDOWN ***
f1824cc4 collected $5 from pot
*** SUMMARY ***
Total pot $5
Seat 7: f1824cc4won ($5)
Seat 6: 2d868ba9(big blind) folded before Flop
Seat 3: f19e7c8f folded before Flop (didn't bet)
Seat 1: f0e72e0b folded before Flop (didn't bet)
Seat 4: Hero(small blind) folded before Flop



Poker Hand #ring_845385585: NLH No Limit ($1/$2) - 2025/04/27 15:31:27
Table 'MR NLH 1/2' 7-max Seat #1 is the button
Seat 7: f1824cc4 ($334.16 in chips)
Seat 6: 2d868ba9 ($693.3 in chips)
Seat 3: f19e7c8f ($560.85 in chips)
Seat 1: f0e72e0b ($117.77 in chips)
Seat 4: Hero ($328.89 in chips)
f19e7c8f: posts small blind $1
Hero: posts big blind $2
*** HOLE CARDS ***
Dealt to f1824cc4 
Dealt to 2d868ba9 
Dealt to f19e7c8f 
Dealt to f0e72e0b 
Dealt to Hero [Js 3d]
2d868ba9: folds
f1824cc4: raises $4 to $6
f0e72e0b: folds
f19e7c8f: folds
Hero: folds
Uncalled bet ($4) returned to f1824cc4
*** SHOWDOWN ***
f1824cc4 collected $5 from pot
*** SUMMARY ***
Total pot $5
Seat 7: f1824cc4won ($5)
Seat 6: 2d868ba9 folded before Flop (didn't bet)
Seat 3: f19e7c8f(small blind) folded before Flop
Seat 1: f0e72e0b folded before Flop (didn't bet)
Seat 4: Hero(big blind) folded before Flop



Poker Hand #ring_845385009: NLH No Limit ($1/$2) - 2025/04/27 15:30:50
Table 'MR NLH 1/2' 7-max Seat #7 is the button
Seat 7: f1824cc4 ($340.16 in chips)
Seat 6: 2d868ba9 ($693.3 in chips)
Seat 3: f19e7c8f ($562.85 in chips)
Seat 1: f0e72e0b ($118.77 in chips)
Seat 4: Hero ($320.56 in chips)
f0e72e0b: posts small blind $1
f19e7c8f: posts big blind $2
*** HOLE CARDS ***
Dealt to f1824cc4 
Dealt to 2d868ba9 
Dealt to f19e7c8f 
Dealt to f0e72e0b 
Dealt to Hero [Ts 9s]
Hero: raises $4 to $6
2d868ba9: folds
f1824cc4: calls $6
f0e72e0b: folds
f19e7c8f: folds
*** FLOP *** [6c As 5c]
Hero: checks
f1824cc4: checks
*** TURN *** [6c As 5c] [4d]
Hero: bets $4.5
f1824cc4: folds
Uncalled bet ($4.5) returned to Hero
*** SHOWDOWN ***
Hero collected $15 from pot
*** SUMMARY ***
Total pot $15
Board [6c As 5c 4d]
Seat 7: f1824cc4 folded on the Turn
Seat 6: 2d868ba9 folded before Flop (didn't bet)
Seat 3: f19e7c8f(big blind) folded before Flop
Seat 1: f0e72e0b(small blind) folded before Flop
Seat 4: Herowon ($15) with Ace-High



Poker Hand #ring_845384442: NLH No Limit ($1/$2) - 2025/04/27 15:30:15
Table 'MR NLH 1/2' 7-max Seat #6 is the button
Seat 7: f1824cc4 ($345.16 in chips)
Seat 6: 2d868ba9 ($693.3 in chips)
Seat 3: f19e7c8f ($562.85 in chips)
Seat 1: f0e72e0b ($120.77 in chips)
Seat 4: Hero ($314.1 in chips)
f1824cc4: posts small blind $1
f0e72e0b: posts big blind $2
*** HOLE CARDS ***
Dealt to f1824cc4 
Dealt to 2d868ba9 
Dealt to f19e7c8f 
Dealt to f0e72e0b 
Dealt to Hero [Qs Ac]
f19e7c8f: folds
Hero: raises $3 to $5
2d868ba9: folds
f1824cc4: calls $4
f0e72e0b: folds
*** FLOP *** [Kc Ad As]
f1824cc4: checks
Hero: bets $6
f1824cc4: folds
Uncalled bet ($6) returned to Hero
*** SHOWDOWN ***
Hero collected $12 from pot
*** SUMMARY ***
Total pot $12
Board [Kc Ad As]
Seat 7: f1824cc4(small blind) folded on the Flop
Seat 6: 2d868ba9 folded before Flop (didn't bet)
Seat 3: f19e7c8f folded before Flop (didn't bet)
Seat 1: f0e72e0b(big blind) folded before Flop
Seat 4: Herowon ($12) with Three Aces



Poker Hand #ring_845383962: NLH No Limit ($1/$2) - 2025/04/27 15:29:43
Table 'MR NLH 1/2' 7-max Seat #4 is the button
Seat 7: f1824cc4 ($347.16 in chips)
Seat 6: 2d868ba9 ($694.3 in chips)
Seat 3: f19e7c8f ($559.85 in chips)
Seat 1: f0e72e0b ($120.77 in chips)
Seat 4: Hero ($314.1 in chips)
2d868ba9: posts small blind $1
f1824cc4: posts big blind $2
*** HOLE CARDS ***
Dealt to f1824cc4 
Dealt to 2d868ba9 
Dealt to f19e7c8f 
Dealt to f0e72e0b 
Dealt to Hero [Ks 9h]
f0e72e0b: folds
f19e7c8f: raises $4 to $6
Hero: folds
2d868ba9: folds
f1824cc4: folds
Uncalled bet ($4) returned to f19e7c8f
*** SHOWDOWN ***
f19e7c8f collected $5 from pot
*** SUMMARY ***
Total pot $5
Seat 7: f1824cc4(big blind) folded before Flop
Seat 6: 2d868ba9(small blind) folded before Flop
Seat 3: f19e7c8fwon ($5)
Seat 1: f0e72e0b folded before Flop (didn't bet)
Seat 4: Hero folded before Flop (didn't bet)



Poker Hand #ring_845383679: NLH No Limit ($1/$2) - 2025/04/27 15:29:26
Table 'MR NLH 1/2' 7-max Seat #3 is the button
Seat 7: f1824cc4 ($347.16 in chips)
Seat 6: 2d868ba9 ($696.3 in chips)
Seat 3: f19e7c8f ($556.85 in chips)
Seat 1: f0e72e0b ($120.77 in chips)
Seat 4: Hero ($315.1 in chips)
Hero: posts small blind $1
2d868ba9: posts big blind $2
*** HOLE CARDS ***
Dealt to f1824cc4 
Dealt to 2d868ba9 
Dealt to f19e7c8f 
Dealt to f0e72e0b 
Dealt to Hero [7d 4h]
f1824cc4: folds
f0e72e0b: folds
f19e7c8f: raises $3 to $5
Hero: folds
2d868ba9: folds
Uncalled bet ($3) returned to f19e7c8f
*** SHOWDOWN ***
f19e7c8f collected $5 from pot
*** SUMMARY ***
Total pot $5
Seat 7: f1824cc4 folded before Flop (didn't bet)
Seat 6: 2d868ba9(big blind) folded before Flop
Seat 3: f19e7c8fwon ($5)
Seat 1: f0e72e0b folded before Flop (didn't bet)
Seat 4: Hero(small blind) folded before Flop



Poker Hand #ring_845383445: NLH No Limit ($1/$2) - 2025/04/27 15:29:10
Table 'MR NLH 1/2' 7-max Seat #1 is the button
Seat 7: f1824cc4 ($347.16 in chips)
Seat 6: 2d868ba9 ($693.3 in chips)
Seat 3: f19e7c8f ($557.85 in chips)
Seat 1: f0e72e0b ($120.77 in chips)
Seat 4: Hero ($317.1 in chips)
f19e7c8f: posts small blind $1
Hero: posts big blind $2
*** HOLE CARDS ***
Dealt to f1824cc4 
Dealt to 2d868ba9 
Dealt to f19e7c8f 
Dealt to f0e72e0b 
Dealt to Hero [Ks 6c]
2d868ba9: raises $4 to $6
f1824cc4: folds
f0e72e0b: folds
f19e7c8f: folds
Hero: folds
Uncalled bet ($4) returned to 2d868ba9
*** SHOWDOWN ***
2d868ba9 collected $5 from pot
*** SUMMARY ***
Total pot $5
Seat 7: f1824cc4 folded before Flop (didn't bet)
Seat 6: 2d868ba9won ($5)
Seat 3: f19e7c8f(small blind) folded before Flop
Seat 1: f0e72e0b folded before Flop (didn't bet)
Seat 4: Hero(big blind) folded before Flop



Poker Hand #ring_845382821: NLH No Limit ($1/$2) - 2025/04/27 15:28:32
Table 'MR NLH 1/2' 7-max Seat #7 is the button
Seat 7: f1824cc4 ($347.16 in chips)
Seat 6: 2d868ba9 ($693.3 in chips)
Seat 3: f19e7c8f ($569.85 in chips)
Seat 1: f0e72e0b ($110.35 in chips)
Seat 4: Hero ($317.1 in chips)
f0e72e0b: posts small blind $1
f19e7c8f: posts big blind $2
*** HOLE CARDS ***
Dealt to f1824cc4 
Dealt to 2d868ba9 
Dealt to f19e7c8f 
Dealt to f0e72e0b 
Dealt to Hero [2s Qd]
Hero: folds
2d868ba9: folds
f1824cc4: folds
f0e72e0b: calls $1
f19e7c8f: checks
*** FLOP *** [7c Ks 4h]
f0e72e0b: bets $4
f19e7c8f: calls $4
*** TURN *** [7c Ks 4h] [5s]
f0e72e0b: bets $6
f19e7c8f: calls $6
*** RIVER *** [7c Ks 4h 5s] [Js]
f0e72e0b: checks
f19e7c8f: checks
f0e72e0b: shows [7d 8c]
f19e7c8f: shows [3c 4s]
*** SHOWDOWN ***
f0e72e0b collected $24 from pot
*** SUMMARY ***
Total pot $24
Board [7c Ks 4h 5s Js]
Seat 7: f1824cc4 folded before Flop (didn't bet)
Seat 6: 2d868ba9 folded before Flop (didn't bet)
Seat 3: f19e7c8f(big blind) showed [3c 4s] and lost with Pair of Fours
Seat 1: f0e72e0b(small blind) showed [7d 8c] and won ($24) with Pair of Sevens
Seat 4: Hero folded before Flop (didn't bet)



Poker Hand #ring_845381953: NLH No Limit ($1/$2) - 2025/04/27 15:27:36
Table 'MR NLH 1/2' 7-max Seat #6 is the button
Seat 7: f1824cc4 ($348.16 in chips)
Seat 6: 2d868ba9 ($680.47 in chips)
Seat 3: f19e7c8f ($569.85 in chips)
Seat 1: f0e72e0b ($112.35 in chips)
Seat 4: Hero ($328.6 in chips)
f1824cc4: posts small blind $1
f0e72e0b: posts big blind $2
*** HOLE CARDS ***
Dealt to f1824cc4 
Dealt to 2d868ba9 
Dealt to f19e7c8f 
Dealt to f0e72e0b 
Dealt to Hero [Ks As]
f19e7c8f: folds
Hero: raises $3 to $5
2d868ba9: calls $5
f1824cc4: folds
f0e72e0b: folds
*** FLOP *** [Js 9c Qh]
Hero: checks
2d868ba9: bets $6.5
Hero: calls $6.5
*** TURN *** [Js 9c Qh] [2d]
Hero: checks
2d868ba9: bets $40
Hero: folds
Uncalled bet ($40) returned to 2d868ba9
*** SHOWDOWN ***
2d868ba9 collected $26 from pot
*** SUMMARY ***
Total pot $26
Board [Js 9c Qh 2d]
Seat 7: f1824cc4(small blind) folded before Flop
Seat 6: 2d868ba9won ($26) with Three Nines
Seat 3: f19e7c8f folded before Flop (didn't bet)
Seat 1: f0e72e0b(big blind) folded before Flop
Seat 4: Hero folded on the Turn



Poker Hand #ring_845381605: NLH No Limit ($1/$2) - 2025/04/27 15:27:15
Table 'MR NLH 1/2' 7-max Seat #4 is the button
Seat 7: f1824cc4 ($350.16 in chips)
Seat 6: 2d868ba9 ($681.47 in chips)
Seat 3: f19e7c8f ($569.85 in chips)
Seat 1: f0e72e0b ($109.35 in chips)
Seat 4: Hero ($328.6 in chips)
2d868ba9: posts small blind $1
f1824cc4: posts big blind $2
*** HOLE CARDS ***
Dealt to f1824cc4 
Dealt to 2d868ba9 
Dealt to f19e7c8f 
Dealt to f0e72e0b 
Dealt to Hero [8d Ks]
f0e72e0b: raises $9 to $11
f19e7c8f: folds
Hero: folds
2d868ba9: folds
f1824cc4: folds
Uncalled bet ($9) returned to f0e72e0b
*** SHOWDOWN ***
f0e72e0b collected $5 from pot
*** SUMMARY ***
Total pot $5
Seat 7: f1824cc4(big blind) folded before Flop
Seat 6: 2d868ba9(small blind) folded before Flop
Seat 3: f19e7c8f folded before Flop (didn't bet)
Seat 1: f0e72e0bwon ($5)
Seat 4: Hero folded before Flop (didn't bet)



Poker Hand #ring_845381326: NLH No Limit ($1/$2) - 2025/04/27 15:26:56
Table 'MR NLH 1/2' 7-max Seat #3 is the button
Seat 7: f1824cc4 ($347.16 in chips)
Seat 6: 2d868ba9 ($683.47 in chips)
Seat 3: f19e7c8f ($569.85 in chips)
Seat 1: f0e72e0b ($109.35 in chips)
Seat 4: Hero ($329.6 in chips)
Hero: posts small blind $1
2d868ba9: posts big blind $2
*** HOLE CARDS ***
Dealt to f1824cc4 
Dealt to 2d868ba9 
Dealt to f19e7c8f 
Dealt to f0e72e0b 
Dealt to Hero [2c Kc]
f1824cc4: raises $4 to $6
f0e72e0b: folds
f19e7c8f: folds
Hero: folds
2d868ba9: folds
Uncalled bet ($4) returned to f1824cc4
*** SHOWDOWN ***
f1824cc4 collected $5 from pot
*** SUMMARY ***
Total pot $5
Seat 7: f1824cc4won ($5)
Seat 6: 2d868ba9(big blind) folded before Flop
Seat 3: f19e7c8f folded before Flop (didn't bet)
Seat 1: f0e72e0b folded before Flop (didn't bet)
Seat 4: Hero(small blind) folded before Flop



Poker Hand #ring_845381027: NLH No Limit ($1/$2) - 2025/04/27 15:26:38
Table 'MR NLH 1/2' 7-max Seat #1 is the button
Seat 7: f1824cc4 ($347.16 in chips)
Seat 6: 2d868ba9 ($683.47 in chips)
Seat 3: f19e7c8f ($567.85 in chips)
Seat 1: f0e72e0b ($109.35 in chips)
Seat 4: Hero ($331.6 in chips)
f19e7c8f: posts small blind $1
Hero: posts big blind $2
*** HOLE CARDS ***
Dealt to f1824cc4 
Dealt to 2d868ba9 
Dealt to f19e7c8f 
Dealt to f0e72e0b 
Dealt to Hero [4d 8h]
2d868ba9: folds
f1824cc4: folds
f0e72e0b: folds
f19e7c8f: raises $6 to $8
Hero: folds
Uncalled bet ($6) returned to f19e7c8f
*** SHOWDOWN ***
f19e7c8f collected $4 from pot
*** SUMMARY ***
Total pot $4
Seat 7: f1824cc4 folded before Flop (didn't bet)
Seat 6: 2d868ba9 folded before Flop (didn't bet)
Seat 3: f19e7c8f(small blind)won ($4)
Seat 1: f0e72e0b folded before Flop (didn't bet)
Seat 4: Hero(big blind) folded before Flop



Poker Hand #ring_845380224: NLH No Limit ($1/$2) - 2025/04/27 15:25:47
Table 'MR NLH 1/2' 7-max Seat #7 is the button
Seat 7: f1824cc4 ($359.66 in chips)
Seat 6: 2d868ba9 ($683.47 in chips)
Seat 3: f19e7c8f ($556.02 in chips)
Seat 1: f0e72e0b ($110.35 in chips)
Seat 4: Hero ($331.6 in chips)
f0e72e0b: posts small blind $1
f19e7c8f: posts big blind $2
*** HOLE CARDS ***
Dealt to f1824cc4 
Dealt to 2d868ba9 
Dealt to f19e7c8f 
Dealt to f0e72e0b 
Dealt to Hero [2c Ad]
Hero: folds
2d868ba9: folds
f1824cc4: raises $4 to $6
f0e72e0b: folds
f19e7c8f: calls $4
*** FLOP *** [7c Jh 8c]
f19e7c8f: checks
f1824cc4: bets $6.5
f19e7c8f: calls $6.5
*** TURN *** [7c Jh 8c] [9c]
f19e7c8f: checks
f1824cc4: checks
*** RIVER *** [7c Jh 8c 9c] [3h]
f19e7c8f: bets $8.84
f1824cc4: folds
Uncalled bet ($8.84) returned to f19e7c8f
*** SHOWDOWN ***
f19e7c8f collected $26 from pot
*** SUMMARY ***
Total pot $26
Board [7c Jh 8c 9c 3h]
Seat 7: f1824cc4 folded on the River
Seat 6: 2d868ba9 folded before Flop (didn't bet)
Seat 3: f19e7c8f(big blind)won ($26) with Pair of Jacks and Pair of Sevens
Seat 1: f0e72e0b(small blind) folded before Flop
Seat 4: Hero folded before Flop (didn't bet)



Poker Hand #ring_845379708: NLH No Limit ($1/$2) - 2025/04/27 15:25:17
Table 'MR NLH 1/2' 7-max Seat #6 is the button
Seat 7: f1824cc4 ($365.66 in chips)
Seat 6: 2d868ba9 ($683.47 in chips)
Seat 3: f19e7c8f ($556.02 in chips)
Seat 1: f0e72e0b ($104.89 in chips)
Seat 4: Hero ($331.6 in chips)
f1824cc4: posts small blind $1
f0e72e0b: posts big blind $2
*** HOLE CARDS ***
Dealt to f1824cc4 
Dealt to 2d868ba9 
Dealt to f19e7c8f 
Dealt to f0e72e0b 
Dealt to Hero [8h 4h]
f19e7c8f: folds
Hero: folds
2d868ba9: folds
f1824cc4: raises $4 to $6
f0e72e0b: calls $4
*** FLOP *** [2s 7s Qs]
f1824cc4: checks
f0e72e0b: bets $6
f1824cc4: folds
Uncalled bet ($6) returned to f0e72e0b
*** SHOWDOWN ***
f0e72e0b collected $12 from pot
*** SUMMARY ***
Total pot $12
Board [2s 7s Qs]
Seat 7: f1824cc4(small blind) folded on the Flop
Seat 6: 2d868ba9 folded before Flop (didn't bet)
Seat 3: f19e7c8f folded before Flop (didn't bet)
Seat 1: f0e72e0b(big blind)won ($12) with Ace-High
Seat 4: Hero folded before Flop (didn't bet)



Poker Hand #ring_845379333: NLH No Limit ($1/$2) - 2025/04/27 15:24:52
Table 'MR NLH 1/2' 7-max Seat #4 is the button
Seat 7: f1824cc4 ($367.66 in chips)
Seat 6: 2d868ba9 ($676.47 in chips)
Seat 3: f19e7c8f ($556.02 in chips)
Seat 1: f0e72e0b ($104.89 in chips)
Seat 4: Hero ($336.6 in chips)
2d868ba9: posts small blind $1
f1824cc4: posts big blind $2
*** HOLE CARDS ***
Dealt to f1824cc4 
Dealt to 2d868ba9 
Dealt to f19e7c8f 
Dealt to f0e72e0b 
Dealt to Hero [Js Ah]
f0e72e0b: folds
f19e7c8f: folds
Hero: raises $3 to $5
2d868ba9: raises $20 to $25
f1824cc4: folds
Hero: folds
Uncalled bet ($20) returned to 2d868ba9
*** SHOWDOWN ***
2d868ba9 collected $12 from pot
*** SUMMARY ***
Total pot $12
Seat 7: f1824cc4(big blind) folded before Flop
Seat 6: 2d868ba9(small blind)won ($12)
Seat 3: f19e7c8f folded before Flop (didn't bet)
Seat 1: f0e72e0b folded before Flop (didn't bet)
Seat 4: Hero folded before Flop



Poker Hand #ring_845378144: NLH No Limit ($1/$2) - 2025/04/27 15:23:40
Table 'MR NLH 1/2' 7-max Seat #3 is the button
Seat 7: f1824cc4 ($367.66 in chips)
Seat 6: 2d868ba9 ($729.29 in chips)
Seat 3: f19e7c8f ($507.49 in chips)
Seat 1: f0e72e0b ($104.89 in chips)
Seat 4: Hero ($337.6 in chips)
Hero: posts small blind $1
2d868ba9: posts big blind $2
*** HOLE CARDS ***
Dealt to f1824cc4 
Dealt to 2d868ba9 
Dealt to f19e7c8f 
Dealt to f0e72e0b 
Dealt to Hero [4d 2c]
f1824cc4: folds
f0e72e0b: folds
f19e7c8f: raises $3 to $5
Hero: folds
2d868ba9: calls $3
*** FLOP *** [7s 5c 2d]
2d868ba9: checks
f19e7c8f: bets $16
2d868ba9: calls $16
*** TURN *** [7s 5c 2d] [Js]
2d868ba9: checks
f19e7c8f: bets $31.82
2d868ba9: calls $31.82
*** RIVER *** [7s 5c 2d Js] [Ad]
2d868ba9: checks
f19e7c8f: bets $78.92
2d868ba9: folds
Uncalled bet ($78.92) returned to f19e7c8f
*** SHOWDOWN ***
f19e7c8f collected $106.64 from pot
*** SUMMARY ***
Total pot $106.64
Board [7s 5c 2d Js Ad]
Seat 7: f1824cc4 folded before Flop (didn't bet)
Seat 6: 2d868ba9(big blind) folded on the River
Seat 3: f19e7c8fwon ($106.64) with Ace-High
Seat 1: f0e72e0b folded before Flop (didn't bet)
Seat 4: Hero(small blind) folded before Flop



Poker Hand #ring_845376902: NLH No Limit ($1/$2) - 2025/04/27 15:22:23
Table 'MR NLH 1/2' 7-max Seat #1 is the button
Seat 7: f1824cc4 ($367.66 in chips)
Seat 6: 2d868ba9 ($670.14 in chips)
Seat 3: f19e7c8f ($508.49 in chips)
Seat 1: f0e72e0b ($104.89 in chips)
Seat 4: Hero ($402.1 in chips)
f19e7c8f: posts small blind $1
Hero: posts big blind $2
*** HOLE CARDS ***
Dealt to f1824cc4 
Dealt to 2d868ba9 
Dealt to f19e7c8f 
Dealt to f0e72e0b 
Dealt to Hero [7h 5h]
2d868ba9: raises $4 to $6
f1824cc4: folds
f0e72e0b: folds
f19e7c8f: folds
Hero: calls $4
*** FLOP *** [5d Jd 6c]
Hero: checks
2d868ba9: bets $6.5
Hero: calls $6.5
*** TURN *** [5d Jd 6c] [6h]
Hero: checks
2d868ba9: bets $13
Hero: calls $13
*** RIVER *** [5d Jd 6c 6h] [3h]
Hero: checks
2d868ba9: bets $39
Hero: calls $39
Hero: shows [7h 5h]
2d868ba9: shows [Js Kd]
*** SHOWDOWN ***
2d868ba9 collected $130 from pot
*** SUMMARY ***
Total pot $130
Board [5d Jd 6c 6h 3h]
Seat 7: f1824cc4 folded before Flop (didn't bet)
Seat 6: 2d868ba9 showed [Js Kd] and won ($130) with Pair of Jacks and Pair of Sixes
Seat 3: f19e7c8f(small blind) folded before Flop
Seat 1: f0e72e0b folded before Flop (didn't bet)
Seat 4: Hero(big blind) showed [7h 5h] and lost with Pair of Sixes and Pair of Fives



Poker Hand #ring_845376451: NLH No Limit ($1/$2) - 2025/04/27 15:21:55
Table 'MR NLH 1/2' 7-max Seat #7 is the button
Seat 7: f1824cc4 ($367.66 in chips)
Seat 6: 2d868ba9 ($670.14 in chips)
Seat 3: f19e7c8f ($506.49 in chips)
Seat 1: f0e72e0b ($106.89 in chips)
Seat 4: Hero ($402.1 in chips)
f0e72e0b: posts small blind $1
f19e7c8f: posts big blind $2
*** HOLE CARDS ***
Dealt to f1824cc4 
Dealt to 2d868ba9 
Dealt to f19e7c8f 
Dealt to f0e72e0b 
Dealt to Hero [7s 9h]
Hero: folds
2d868ba9: folds
f1824cc4: folds
f0e72e0b: calls $1
f19e7c8f: raises $6 to $8
f0e72e0b: folds
Uncalled bet ($6) returned to f19e7c8f
*** SHOWDOWN ***
f19e7c8f collected $4 from pot
*** SUMMARY ***
Total pot $4
Seat 7: f1824cc4 folded before Flop (didn't bet)
Seat 6: 2d868ba9 folded before Flop (didn't bet)
Seat 3: f19e7c8f(big blind)won ($4)
Seat 1: f0e72e0b(small blind) folded before Flop
Seat 4: Hero folded before Flop (didn't bet)



Poker Hand #ring_845375787: NLH No Limit ($1/$2) - 2025/04/27 15:21:12
Table 'MR NLH 1/2' 7-max Seat #6 is the button
Seat 7: f1824cc4 ($355.06 in chips)
Seat 6: 2d868ba9 ($676.14 in chips)
Seat 3: f19e7c8f ($512.49 in chips)
Seat 1: f0e72e0b ($108.89 in chips)
Seat 4: Hero ($402.1 in chips)
f1824cc4: posts small blind $1
f0e72e0b: posts big blind $2
*** HOLE CARDS ***
Dealt to f1824cc4 
Dealt to 2d868ba9 
Dealt to f19e7c8f 
Dealt to f0e72e0b 
Dealt to Hero [Kh 9d]
f19e7c8f: raises $4 to $6
Hero: folds
2d868ba9: calls $6
f1824cc4: calls $5
f0e72e0b: folds
*** FLOP *** [Jh 7d 4d]
f1824cc4: checks
f19e7c8f: checks
2d868ba9: checks
*** TURN *** [Jh 7d 4d] [8h]
f1824cc4: checks
f19e7c8f: checks
2d868ba9: checks
*** RIVER *** [Jh 7d 4d 8h] [9h]
f1824cc4: bets $10
f19e7c8f: folds
2d868ba9: folds
Uncalled bet ($10) returned to f1824cc4
*** SHOWDOWN ***
f1824cc4 collected $20 from pot
*** SUMMARY ***
Total pot $20
Board [Jh 7d 4d 8h 9h]
Seat 7: f1824cc4(small blind)won ($20) with Queens-High Straight
Seat 6: 2d868ba9 folded on the River
Seat 3: f19e7c8f folded on the River
Seat 1: f0e72e0b(big blind) folded before Flop
Seat 4: Hero folded before Flop (didn't bet)



Poker Hand #ring_845375463: NLH No Limit ($1/$2) - 2025/04/27 15:20:51
Table 'MR NLH 1/2' 7-max Seat #4 is the button
Seat 7: f1824cc4 ($354.06 in chips)
Seat 6: 2d868ba9 ($677.14 in chips)
Seat 3: f19e7c8f ($512.49 in chips)
Seat 1: f0e72e0b ($108.89 in chips)
Seat 4: Hero ($402.1 in chips)
2d868ba9: posts small blind $1
f1824cc4: posts big blind $2
*** HOLE CARDS ***
Dealt to f1824cc4 
Dealt to 2d868ba9 
Dealt to f19e7c8f 
Dealt to f0e72e0b 
Dealt to Hero [Jc 5h]
f0e72e0b: folds
f19e7c8f: folds
Hero: folds
2d868ba9: folds
*** SHOWDOWN ***
f1824cc4 collected $3 from pot
*** SUMMARY ***
Total pot $3
Seat 7: f1824cc4(big blind)won ($3)
Seat 6: 2d868ba9(small blind) folded before Flop
Seat 3: f19e7c8f folded before Flop (didn't bet)
Seat 1: f0e72e0b folded before Flop (didn't bet)
Seat 4: Hero folded before Flop (didn't bet)



Poker Hand #ring_845374768: NLH No Limit ($1/$2) - 2025/04/27 15:20:08
Table 'MR NLH 1/2' 7-max Seat #3 is the button
Seat 7: f1824cc4 ($354.06 in chips)
Seat 6: 2d868ba9 ($653.93 in chips)
Seat 3: f19e7c8f ($537.49 in chips)
Seat 1: f0e72e0b ($108.89 in chips)
Seat 4: Hero ($403.1 in chips)
Hero: posts small blind $1
2d868ba9: posts big blind $2
*** HOLE CARDS ***
Dealt to f1824cc4 
Dealt to 2d868ba9 
Dealt to f19e7c8f 
Dealt to f0e72e0b 
Dealt to Hero [4c 6s]
f1824cc4: folds
f0e72e0b: folds
f19e7c8f: raises $3 to $5
Hero: folds
2d868ba9: raises $20 to $25
f19e7c8f: calls $20
*** FLOP *** [Kc Ad 2c]
2d868ba9: bets $16.83
f19e7c8f: folds
Uncalled bet ($16.83) returned to 2d868ba9
*** SHOWDOWN ***
2d868ba9 collected $51 from pot
*** SUMMARY ***
Total pot $51
Board [Kc Ad 2c]
Seat 7: f1824cc4 folded before Flop (didn't bet)
Seat 6: 2d868ba9(big blind)won ($51) with Pair of Tens
Seat 3: f19e7c8f folded on the Flop
Seat 1: f0e72e0b folded before Flop (didn't bet)
Seat 4: Hero(small blind) folded before Flop



Poker Hand #ring_845374333: NLH No Limit ($1/$2) - 2025/04/27 15:19:40
Table 'MR NLH 1/2' 7-max Seat #1 is the button
Seat 7: f1824cc4 ($354.06 in chips)
Seat 6: 2d868ba9 ($653.93 in chips)
Seat 3: f19e7c8f ($538.49 in chips)
Seat 1: f0e72e0b ($105.89 in chips)
Seat 4: Hero ($405.1 in chips)
f19e7c8f: posts small blind $1
Hero: posts big blind $2
*** HOLE CARDS ***
Dealt to f1824cc4 
Dealt to 2d868ba9 
Dealt to f19e7c8f 
Dealt to f0e72e0b 
Dealt to Hero [Qc 3c]
2d868ba9: folds
f1824cc4: folds
f0e72e0b: raises $9 to $11
f19e7c8f: folds
Hero: folds
Uncalled bet ($9) returned to f0e72e0b
*** SHOWDOWN ***
f0e72e0b collected $5 from pot
*** SUMMARY ***
Total pot $5
Seat 7: f1824cc4 folded before Flop (didn't bet)
Seat 6: 2d868ba9 folded before Flop (didn't bet)
Seat 3: f19e7c8f(small blind) folded before Flop
Seat 1: f0e72e0bwon ($5)
Seat 4: Hero(big blind) folded before Flop



Poker Hand #ring_845373872: NLH No Limit ($1/$2) - 2025/04/27 15:19:10
Table 'MR NLH 1/2' 7-max Seat #7 is the button
Seat 7: f1824cc4 ($360.06 in chips)
Seat 6: 2d868ba9 ($653.93 in chips)
Seat 3: f19e7c8f ($531.49 in chips)
Seat 1: f0e72e0b ($24.89 in chips)
Seat 4: Hero ($405.1 in chips)
f0e72e0b: posts small blind $1
f19e7c8f: posts big blind $2
*** HOLE CARDS ***
Dealt to f1824cc4 
Dealt to 2d868ba9 
Dealt to f19e7c8f 
Dealt to f0e72e0b 
Dealt to Hero [3h 5c]
Hero: folds
2d868ba9: folds
f1824cc4: raises $4 to $6
f0e72e0b: folds
f19e7c8f: raises $24 to $30
f1824cc4: folds
Uncalled bet ($24) returned to f19e7c8f
*** SHOWDOWN ***
f19e7c8f collected $13 from pot
*** SUMMARY ***
Total pot $13
Seat 7: f1824cc4 folded before Flop
Seat 6: 2d868ba9 folded before Flop (didn't bet)
Seat 3: f19e7c8f(big blind)won ($13)
Seat 1: f0e72e0b(small blind) folded before Flop
Seat 4: Hero folded before Flop (didn't bet)



Poker Hand #ring_845373545: NLH No Limit ($1/$2) - 2025/04/27 15:18:49
Table 'MR NLH 1/2' 7-max Seat #6 is the button
Seat 7: f1824cc4 ($361.06 in chips)
Seat 6: 2d868ba9 ($653.93 in chips)
Seat 3: f19e7c8f ($528.49 in chips)
Seat 1: f0e72e0b ($26.89 in chips)
Seat 4: Hero ($405.1 in chips)
f1824cc4: posts small blind $1
f0e72e0b: posts big blind $2
*** HOLE CARDS ***
Dealt to f1824cc4 
Dealt to 2d868ba9 
Dealt to f19e7c8f 
Dealt to f0e72e0b 
Dealt to Hero [Jd Ts]
f19e7c8f: raises $4 to $6
Hero: folds
2d868ba9: folds
f1824cc4: folds
f0e72e0b: folds
Uncalled bet ($4) returned to f19e7c8f
*** SHOWDOWN ***
f19e7c8f collected $5 from pot
*** SUMMARY ***
Total pot $5
Seat 7: f1824cc4(small blind) folded before Flop
Seat 6: 2d868ba9 folded before Flop (didn't bet)
Seat 3: f19e7c8fwon ($5)
Seat 1: f0e72e0b(big blind) folded before Flop
Seat 4: Hero folded before Flop (didn't bet)



Poker Hand #ring_845372800: NLH No Limit ($1/$2) - 2025/04/27 15:18:03
Table 'MR NLH 1/2' 7-max Seat #4 is the button
Seat 7: f1824cc4 ($363.06 in chips)
Seat 6: 2d868ba9 ($654.93 in chips)
Seat 3: f19e7c8f ($528.49 in chips)
Seat 1: f0e72e0b ($26.92 in chips)
Seat 4: Hero ($405.12 in chips)
2d868ba9: posts small blind $1
f1824cc4: posts big blind $2
*** HOLE CARDS ***
Dealt to f1824cc4 
Dealt to 2d868ba9 
Dealt to f19e7c8f 
Dealt to f0e72e0b 
Dealt to Hero [Ah Tc]
f0e72e0b: raises $24.92 to $26.92 and is all-in
f19e7c8f: folds
Hero: calls $26.92
2d868ba9: folds
f1824cc4: folds
f0e72e0b: shows [Qc Qd]
Hero: shows [Ah Tc]
*** FIRST FLOP *** [3s 3h As]
*** SECOND FLOP *** [Td 9d 3c]
*** FIRST TURN *** [3s 3h As] [9s]
*** SECOND TURN *** [Td 9d 3c] [5s]
*** FIRST RIVER *** [3s 3h As 9s] [9c]
*** SECOND RIVER *** [Td 9d 3c 5s] [5c]
*** FIRST SHOWDOWN ***
Hero collected $28.68 from pot
*** SECOND SHOWDOWN ***
f0e72e0b collected $28.16 from pot
*** SUMMARY ***
Total pot $56.84
Hand was run two timesFIRST Board [3s 3h As 9s 9c]
SECOND Board [Td 9d 3c 5s 5c]
Seat 7: f1824cc4(big blind) folded before Flop
Seat 6: 2d868ba9(small blind) folded before Flop
Seat 3: f19e7c8f folded before Flop (didn't bet)
Seat 1: f0e72e0b showed [Qc Qd] and won ($28.16) with Pair of Queens and Pair of Nines / Pair of Queens and Pair of Fives
Seat 4: Hero showed [Ah Tc] and won ($28.68) with Pair of Aces and Pair of Nines / Pair of Tens and Pair of Fives



Poker Hand #ring_845372465: NLH No Limit ($1/$2) - 2025/04/27 15:17:41
Table 'MR NLH 1/2' 7-max Seat #3 is the button
Seat 7: f1824cc4 ($363.06 in chips)
Seat 6: 2d868ba9 ($653.93 in chips)
Seat 3: f19e7c8f ($528.49 in chips)
Seat 1: f0e72e0b ($26.92 in chips)
Seat 4: Hero ($406.12 in chips)
Hero: posts small blind $1
2d868ba9: posts big blind $2
*** HOLE CARDS ***
Dealt to f1824cc4 
Dealt to 2d868ba9 
Dealt to f19e7c8f 
Dealt to f0e72e0b 
Dealt to Hero [4d 6c]
f1824cc4: folds
f0e72e0b: folds
f19e7c8f: folds
Hero: folds
*** SHOWDOWN ***
2d868ba9 collected $3 from pot
*** SUMMARY ***
Total pot $3
Seat 7: f1824cc4 folded before Flop (didn't bet)
Seat 6: 2d868ba9(big blind)won ($3)
Seat 3: f19e7c8f folded before Flop (didn't bet)
Seat 1: f0e72e0b folded before Flop (didn't bet)
Seat 4: Hero(small blind) folded before Flop



Poker Hand #ring_845371975: NLH No Limit ($1/$2) - 2025/04/27 15:17:10
Table 'MR NLH 1/2' 7-max Seat #1 is the button
Seat 7: f1824cc4 ($363.06 in chips)
Seat 6: 2d868ba9 ($653.93 in chips)
Seat 3: f19e7c8f ($529.49 in chips)
Seat 1: f0e72e0b ($28.92 in chips)
Seat 4: Hero ($403.34 in chips)
f19e7c8f: posts small blind $1
Hero: posts big blind $2
*** HOLE CARDS ***
Dealt to f1824cc4 
Dealt to 2d868ba9 
Dealt to f19e7c8f 
Dealt to f0e72e0b 
Dealt to Hero [2c 5s]
2d868ba9: folds
f1824cc4: folds
f0e72e0b: calls $2
f19e7c8f: folds
Hero: checks
*** FLOP *** [Tc Ad 5h]
Hero: checks
f0e72e0b: checks
*** TURN *** [Tc Ad 5h] [Ks]
Hero: checks
f0e72e0b: checks
*** RIVER *** [Tc Ad 5h Ks] [Th]
Hero: checks
f0e72e0b: checks
f0e72e0b: shows [7d Jd]
Hero: shows [2c 5s]
*** SHOWDOWN ***
Hero collected $5 from pot
*** SUMMARY ***
Total pot $5
Board [Tc Ad 5h Ks Th]
Seat 7: f1824cc4 folded before Flop (didn't bet)
Seat 6: 2d868ba9 folded before Flop (didn't bet)
Seat 3: f19e7c8f(small blind) folded before Flop
Seat 1: f0e72e0b showed [7d Jd] and lost with Pair of Tens
Seat 4: Hero(big blind) showed [2c 5s] and won ($5) with Pair of Tens and Pair of Fives



Poker Hand #ring_845371603: NLH No Limit ($1/$2) - 2025/04/27 15:16:46
Table 'MR NLH 1/2' 7-max Seat #7 is the button
Seat 7: f1824cc4 ($363.06 in chips)
Seat 6: 2d868ba9 ($653.93 in chips)
Seat 3: f19e7c8f ($531.49 in chips)
Seat 1: f0e72e0b ($26.92 in chips)
Seat 4: Hero ($403.34 in chips)
f0e72e0b: posts small blind $1
f19e7c8f: posts big blind $2
*** HOLE CARDS ***
Dealt to f1824cc4 
Dealt to 2d868ba9 
Dealt to f19e7c8f 
Dealt to f0e72e0b 
Dealt to Hero [7d Ah]
Hero: folds
2d868ba9: folds
f1824cc4: folds
f0e72e0b: raises $4 to $6
f19e7c8f: folds
Uncalled bet ($4) returned to f0e72e0b
*** SHOWDOWN ***
f0e72e0b collected $4 from pot
*** SUMMARY ***
Total pot $4
Seat 7: f1824cc4 folded before Flop (didn't bet)
Seat 6: 2d868ba9 folded before Flop (didn't bet)
Seat 3: f19e7c8f(big blind) folded before Flop
Seat 1: f0e72e0b(small blind)won ($4)
Seat 4: Hero folded before Flop (didn't bet)



Poker Hand #ring_845371115: NLH No Limit ($1/$2) - 2025/04/27 15:16:15
Table 'MR NLH 1/2' 7-max Seat #6 is the button
Seat 7: f1824cc4 ($365.06 in chips)
Seat 6: 2d868ba9 ($653.93 in chips)
Seat 3: f19e7c8f ($531.49 in chips)
Seat 1: f0e72e0b ($25.1 in chips)
Seat 4: Hero ($403.34 in chips)
f1824cc4: posts small blind $1
f0e72e0b: posts big blind $2
*** HOLE CARDS ***
Dealt to f1824cc4 
Dealt to 2d868ba9 
Dealt to f19e7c8f 
Dealt to f0e72e0b 
Dealt to Hero [5c 8s]
f19e7c8f: folds
Hero: folds
2d868ba9: folds
f1824cc4: calls $1
f0e72e0b: checks
*** FLOP *** [3h 6c Kd]
f1824cc4: checks
f0e72e0b: bets $23.1 and is all-in
f1824cc4: folds
Uncalled bet ($23.1) returned to f0e72e0b
*** SHOWDOWN ***
f0e72e0b collected $4 from pot
*** SUMMARY ***
Total pot $4
Board [3h 6c Kd]
Seat 7: f1824cc4(small blind) folded on the Flop
Seat 6: 2d868ba9 folded before Flop (didn't bet)
Seat 3: f19e7c8f folded before Flop (didn't bet)
Seat 1: f0e72e0b(big blind)won ($4) with Pair of Kings
Seat 4: Hero folded before Flop (didn't bet)



Poker Hand #ring_845370023: NLH No Limit ($1/$2) - 2025/04/27 15:15:04
Table 'MR NLH 1/2' 7-max Seat #5 is the button
Seat 7: f1824cc4 ($367.06 in chips)
Seat 6: 2d868ba9 ($654.93 in chips)
Seat 3: f19e7c8f ($531.49 in chips)
Seat 1: f0e72e0b ($98 in chips)
Seat 4: Hero ($334.63 in chips)
Seat 5: 893ddeb9 ($179 in chips)
2d868ba9: posts small blind $1
f1824cc4: posts big blind $2
*** HOLE CARDS ***
Dealt to f1824cc4 
Dealt to 2d868ba9 
Dealt to f19e7c8f 
Dealt to f0e72e0b 
Dealt to Hero [4d 4h]
Dealt to 893ddeb9 
f0e72e0b: raises $10 to $12
f19e7c8f: folds
Hero: calls $12
893ddeb9: folds
2d868ba9: folds
f1824cc4: folds
*** FLOP *** [5s Jh 7h]
f0e72e0b: bets $13.5
Hero: calls $13.5
*** TURN *** [5s Jh 7h] [6c]
f0e72e0b: bets $17.82
Hero: calls $17.82
*** RIVER *** [5s Jh 7h 6c] [7c]
f0e72e0b: bets $29.58
Hero: calls $29.58
f0e72e0b: shows [Ac Kd]
Hero: shows [4d 4h]
*** SHOWDOWN ***
Hero collected $148.8 from pot
*** SUMMARY ***
Total pot $148.8
Board [5s Jh 7h 6c 7c]
Seat 7: f1824cc4(big blind) folded before Flop
Seat 6: 2d868ba9(small blind) folded before Flop
Seat 3: f19e7c8f folded before Flop (didn't bet)
Seat 1: f0e72e0b showed [Ac Kd] and lost with Pair of Sevens
Seat 4: Hero showed [4d 4h] and won ($148.8) with Pair of Sevens and Pair of Fours
Seat 5: 893ddeb9 folded before Flop (didn't bet)



Poker Hand #ring_845369652: NLH No Limit ($1/$2) - 2025/04/27 15:14:42
Table 'MR NLH 1/2' 7-max Seat #4 is the button
Seat 7: f1824cc4 ($367.06 in chips)
Seat 6: 2d868ba9 ($656.93 in chips)
Seat 3: f19e7c8f ($531.49 in chips)
Seat 1: f0e72e0b ($98 in chips)
Seat 4: Hero ($331.63 in chips)
Seat 5: 893ddeb9 ($180 in chips)
893ddeb9: posts small blind $1
2d868ba9: posts big blind $2
*** HOLE CARDS ***
Dealt to f1824cc4 
Dealt to 2d868ba9 
Dealt to f19e7c8f 
Dealt to f0e72e0b 
Dealt to Hero [9h Qs]
Dealt to 893ddeb9 
f1824cc4: folds
f0e72e0b: folds
f19e7c8f: folds
Hero: raises $3 to $5
893ddeb9: folds
2d868ba9: folds
Uncalled bet ($3) returned to Hero
*** SHOWDOWN ***
Hero collected $5 from pot
*** SUMMARY ***
Total pot $5
Seat 7: f1824cc4 folded before Flop (didn't bet)
Seat 6: 2d868ba9(big blind) folded before Flop
Seat 3: f19e7c8f folded before Flop (didn't bet)
Seat 1: f0e72e0b folded before Flop (didn't bet)
Seat 4: Herowon ($5)
Seat 5: 893ddeb9(small blind) folded before Flop



Poker Hand #ring_845368807: NLH No Limit ($1/$2) - 2025/04/27 15:13:47
Table 'MR NLH 1/2' 7-max Seat #3 is the button
Seat 7: f1824cc4 ($373.06 in chips)
Seat 6: 2d868ba9 ($550.31 in chips)
Seat 3: f19e7c8f ($531.49 in chips)
Seat 1: f0e72e0b ($98 in chips)
Seat 2: 72897c7c ($108.26 in chips)
Seat 4: Hero ($332.63 in chips)
Seat 5: 893ddeb9 ($182 in chips)
Hero: posts small blind $1
893ddeb9: posts big blind $2
*** HOLE CARDS ***
Dealt to f1824cc4 
Dealt to 2d868ba9 
Dealt to f19e7c8f 
Dealt to f0e72e0b 
Dealt to 72897c7c 
Dealt to Hero [Kc 2s]
Dealt to 893ddeb9 
2d868ba9: raises $4 to $6
f1824cc4: calls $6
f0e72e0b: folds
72897c7c: raises $21 to $27
f19e7c8f: folds
Hero: folds
893ddeb9: folds
2d868ba9: raises $63 to $90
f1824cc4: folds
72897c7c: raises $18.26 to $108.26 and is all-in
2d868ba9: calls $18.26
72897c7c: shows [9s 7s]
2d868ba9: shows [Ac Ks]
*** FLOP *** [Kh Th Tc]
*** TURN *** [Kh Th Tc] [Jh]
*** RIVER *** [Kh Th Tc Jh] [2h]
f1824cc4: shows [Ah 7h]
*** SHOWDOWN ***
2d868ba9 collected $225.52 from pot
*** SUMMARY ***
Total pot $225.52
Board [Kh Th Tc Jh 2h]
Seat 7: f1824cc4 folded before Flop
Seat 6: 2d868ba9 showed [Ac Ks] and won ($225.52) with Pair of Kings and Pair of Tens
Seat 3: f19e7c8f folded before Flop (didn't bet)
Seat 1: f0e72e0b folded before Flop (didn't bet)
Seat 2: 72897c7c showed [9s 7s] and lost with Pair of Tens
Seat 4: Hero(small blind) folded before Flop
Seat 5: 893ddeb9(big blind) folded before Flop



Poker Hand #ring_845367270: NLH No Limit ($1/$2) - 2025/04/27 15:12:09
Table 'MR NLH 1/2' 7-max Seat #2 is the button
Seat 7: f1824cc4 ($373.06 in chips)
Seat 6: 2d868ba9 ($520.15 in chips)
Seat 3: f19e7c8f ($537.49 in chips)
Seat 1: f0e72e0b ($100 in chips)
Seat 2: 72897c7c ($114.26 in chips)
Seat 4: Hero ($351.63 in chips)
Seat 5: 893ddeb9 ($182 in chips)
f19e7c8f: posts small blind $1
Hero: posts big blind $2
f0e72e0b: posts big blind $2
*** HOLE CARDS ***
Dealt to f1824cc4 
Dealt to 2d868ba9 
Dealt to f19e7c8f 
Dealt to f0e72e0b 
Dealt to 72897c7c 
Dealt to Hero [Th Kh]
Dealt to 893ddeb9 
893ddeb9: folds
2d868ba9: raises $4 to $6
f1824cc4: folds
f0e72e0b: folds
72897c7c: calls $6
f19e7c8f: calls $5
Hero: calls $4
*** FLOP *** [9d Kd 3s]
f19e7c8f: checks
Hero: checks
2d868ba9: bets $13
72897c7c: folds
f19e7c8f: folds
Hero: calls $13
*** TURN *** [9d Kd 3s] [3c]
Hero: checks
2d868ba9: bets $39
Hero: folds
Uncalled bet ($39) returned to 2d868ba9
*** SHOWDOWN ***
2d868ba9 collected $52 from pot
*** SUMMARY ***
Total pot $52
Board [9d Kd 3s 3c]
Seat 7: f1824cc4 folded before Flop (didn't bet)
Seat 6: 2d868ba9won ($52) with Pair of Kings and Pair of Treys
Seat 3: f19e7c8f(small blind) folded on the Flop
Seat 1: f0e72e0b folded before Flop
Seat 2: 72897c7c folded on the Flop
Seat 4: Hero(big blind) folded on the Turn
Seat 5: 893ddeb9 folded before Flop (didn't bet)



Poker Hand #ring_845365976: NLH No Limit ($1/$2) - 2025/04/27 15:10:45
Table 'MR NLH 1/2' 7-max Seat #7 is the button
Seat 7: f1824cc4 ($379.06 in chips)
Seat 6: 2d868ba9 ($503.73 in chips)
Seat 3: f19e7c8f ($543.49 in chips)
Seat 2: 72897c7c ($120.26 in chips)
Seat 4: Hero ($351.63 in chips)
Seat 5: 893ddeb9 ($182 in chips)
72897c7c: posts small blind $1
f19e7c8f: posts big blind $2
*** HOLE CARDS ***
Dealt to f1824cc4 
Dealt to 2d868ba9 
Dealt to f19e7c8f 
Dealt to 72897c7c 
Dealt to Hero [2s Jd]
Dealt to 893ddeb9 
Hero: folds
893ddeb9: folds
2d868ba9: raises $4 to $6
f1824cc4: calls $6
72897c7c: calls $5
f19e7c8f: calls $4
*** FLOP *** [Qd Jh 7c]
72897c7c: checks
f19e7c8f: checks
2d868ba9: checks
f1824cc4: checks
*** TURN *** [Qd Jh 7c] [Qs]
72897c7c: checks
f19e7c8f: checks
2d868ba9: checks
f1824cc4: checks
*** RIVER *** [Qd Jh 7c Qs] [3c]
72897c7c: checks
f19e7c8f: checks
2d868ba9: bets $40
f1824cc4: folds
72897c7c: folds
f19e7c8f: folds
Uncalled bet ($40) returned to 2d868ba9
*** SHOWDOWN ***
2d868ba9 collected $24 from pot
*** SUMMARY ***
Total pot $24
Board [Qd Jh 7c Qs 3c]
Seat 7: f1824cc4 folded on the River
Seat 6: 2d868ba9won ($24) with Pair of Queens
Seat 3: f19e7c8f(big blind) folded on the River
Seat 2: 72897c7c(small blind) folded on the River
Seat 4: Hero folded before Flop (didn't bet)
Seat 5: 893ddeb9 folded before Flop (didn't bet)



Poker Hand #ring_845365151: NLH No Limit ($1/$2) - 2025/04/27 15:09:51
Table 'MR NLH 1/2' 7-max Seat #6 is the button
Seat 7: f1824cc4 ($385.06 in chips)
Seat 6: 2d868ba9 ($503.73 in chips)
Seat 3: f19e7c8f ($543.49 in chips)
Seat 2: 72897c7c ($114.8 in chips)
Seat 4: Hero ($351.63 in chips)
Seat 5: 893ddeb9 ($182 in chips)
f1824cc4: posts small blind $1
72897c7c: posts big blind $2
*** HOLE CARDS ***
Dealt to f1824cc4 
Dealt to 2d868ba9 
Dealt to f19e7c8f 
Dealt to 72897c7c 
Dealt to Hero [5c Th]
Dealt to 893ddeb9 
f19e7c8f: folds
Hero: folds
893ddeb9: folds
2d868ba9: folds
f1824cc4: calls $1
72897c7c: raises $4 to $6
f1824cc4: calls $4
*** FLOP *** [2s Kh Qc]
f1824cc4: checks
72897c7c: checks
*** TURN *** [2s Kh Qc] [3d]
f1824cc4: checks
72897c7c: checks
*** RIVER *** [2s Kh Qc 3d] [6h]
f1824cc4: checks
72897c7c: checks
72897c7c: shows [Ac 8s]
f1824cc4: shows [7c 9d]
*** SHOWDOWN ***
72897c7c collected $12 from pot
*** SUMMARY ***
Total pot $12
Board [2s Kh Qc 3d 6h]
Seat 7: f1824cc4(small blind) showed [7c 9d] and lost with King-High
Seat 6: 2d868ba9 folded before Flop (didn't bet)
Seat 3: f19e7c8f folded before Flop (didn't bet)
Seat 2: 72897c7c(big blind) showed [Ac 8s] and won ($12) with Ace-High
Seat 4: Hero folded before Flop (didn't bet)
Seat 5: 893ddeb9 folded before Flop (didn't bet)



Poker Hand #ring_845364030: NLH No Limit ($1/$2) - 2025/04/27 15:08:37
Table 'MR NLH 1/2' 7-max Seat #5 is the button
Seat 7: f1824cc4 ($387.06 in chips)
Seat 6: 2d868ba9 ($504.73 in chips)
Seat 3: f19e7c8f ($543.49 in chips)
Seat 2: 72897c7c ($116.8 in chips)
Seat 4: Hero ($346.94 in chips)
Seat 5: 893ddeb9 ($182 in chips)
2d868ba9: posts small blind $1
f1824cc4: posts big blind $2
*** HOLE CARDS ***
Dealt to f1824cc4 
Dealt to 2d868ba9 
Dealt to f19e7c8f 
Dealt to 72897c7c 
Dealt to Hero [Th Ac]
Dealt to 893ddeb9 
72897c7c: calls $2
f19e7c8f: folds
Hero: calls $2
893ddeb9: folds
2d868ba9: folds
f1824cc4: checks
*** FLOP *** [As Kh Kd]
f1824cc4: checks
72897c7c: checks
Hero: checks
*** TURN *** [As Kh Kd] [Td]
f1824cc4: checks
72897c7c: checks
Hero: checks
*** RIVER *** [As Kh Kd Td] [2c]
f1824cc4: checks
72897c7c: checks
Hero: bets $3.5
f1824cc4: folds
72897c7c: folds
Uncalled bet ($3.5) returned to Hero
*** SHOWDOWN ***
Hero collected $7 from pot
*** SUMMARY ***
Total pot $7
Board [As Kh Kd Td 2c]
Seat 7: f1824cc4(big blind) folded on the River
Seat 6: 2d868ba9(small blind) folded before Flop
Seat 3: f19e7c8f folded before Flop (didn't bet)
Seat 2: 72897c7c folded on the River
Seat 4: Herowon ($7) with Pair of Aces and Pair of Kings
Seat 5: 893ddeb9 folded before Flop (didn't bet)



Poker Hand #ring_845363170: NLH No Limit ($1/$2) - 2025/04/27 15:07:39
Table 'MR NLH 1/2' 7-max Seat #4 is the button
Seat 7: f1824cc4 ($387.06 in chips)
Seat 6: 2d868ba9 ($506.73 in chips)
Seat 3: f19e7c8f ($543.49 in chips)
Seat 2: 72897c7c ($122.8 in chips)
Seat 4: Hero ($334.34 in chips)
Seat 5: 893ddeb9 ($188 in chips)
893ddeb9: posts small blind $1
2d868ba9: posts big blind $2
*** HOLE CARDS ***
Dealt to f1824cc4 
Dealt to 2d868ba9 
Dealt to f19e7c8f 
Dealt to 72897c7c 
Dealt to Hero [Td Ad]
Dealt to 893ddeb9 
f1824cc4: folds
72897c7c: calls $2
f19e7c8f: folds
Hero: raises $4 to $6
893ddeb9: calls $5
2d868ba9: folds
72897c7c: calls $4
*** FLOP *** [Qc 6d Th]
893ddeb9: checks
72897c7c: checks
Hero: checks
*** TURN *** [Qc 6d Th] [9d]
893ddeb9: checks
72897c7c: checks
Hero: bets $10
893ddeb9: folds
72897c7c: folds
Uncalled bet ($10) returned to Hero
*** SHOWDOWN ***
Hero collected $20 from pot
*** SUMMARY ***
Total pot $20
Board [Qc 6d Th 9d]
Seat 7: f1824cc4 folded before Flop (didn't bet)
Seat 6: 2d868ba9(big blind) folded before Flop
Seat 3: f19e7c8f folded before Flop (didn't bet)
Seat 2: 72897c7c folded on the Turn
Seat 4: Herowon ($20) with Pair of Tens
Seat 5: 893ddeb9(small blind) folded on the Turn



Poker Hand #ring_845362464: NLH No Limit ($1/$2) - 2025/04/27 15:06:49
Table 'MR NLH 1/2' 7-max Seat #3 is the button
Seat 7: f1824cc4 ($387.06 in chips)
Seat 6: 2d868ba9 ($506.73 in chips)
Seat 3: f19e7c8f ($533.34 in chips)
Seat 2: 72897c7c ($130.8 in chips)
Seat 4: Hero ($335.34 in chips)
Seat 5: 893ddeb9 ($190 in chips)
Hero: posts small blind $1
893ddeb9: posts big blind $2
*** HOLE CARDS ***
Dealt to f1824cc4 
Dealt to 2d868ba9 
Dealt to f19e7c8f 
Dealt to 72897c7c 
Dealt to Hero [5s Qd]
Dealt to 893ddeb9 
2d868ba9: folds
f1824cc4: folds
72897c7c: calls $2
f19e7c8f: raises $6 to $8
Hero: folds
893ddeb9: folds
72897c7c: calls $6
*** FLOP *** [8s 8d 3h]
72897c7c: checks
f19e7c8f: bets $6.46
72897c7c: folds
Uncalled bet ($6.46) returned to f19e7c8f
*** SHOWDOWN ***
f19e7c8f collected $19 from pot
*** SUMMARY ***
Total pot $19
Board [8s 8d 3h]
Seat 7: f1824cc4 folded before Flop (didn't bet)
Seat 6: 2d868ba9 folded before Flop (didn't bet)
Seat 3: f19e7c8fwon ($19) with Pair of Eights
Seat 2: 72897c7c folded on the Flop
Seat 4: Hero(small blind) folded before Flop
Seat 5: 893ddeb9(big blind) folded before Flop



Poker Hand #ring_845361236: NLH No Limit ($1/$2) - 2025/04/27 15:05:24
Table 'MR NLH 1/2' 7-max Seat #2 is the button
Seat 7: f1824cc4 ($393.06 in chips)
Seat 6: 2d868ba9 ($506.73 in chips)
Seat 3: f19e7c8f ($534.34 in chips)
Seat 2: 72897c7c ($172.9 in chips)
Seat 4: Hero ($290.84 in chips)
f19e7c8f: posts small blind $1
Hero: posts big blind $2
*** HOLE CARDS ***
Dealt to f1824cc4 
Dealt to 2d868ba9 
Dealt to f19e7c8f 
Dealt to 72897c7c 
Dealt to Hero [Qh Ah]
2d868ba9: folds
f1824cc4: raises $4 to $6
72897c7c: calls $6
f19e7c8f: folds
Hero: raises $19 to $25
f1824cc4: folds
72897c7c: calls $19
*** FLOP *** [Js 7h Td]
Hero: bets $17.1
72897c7c: calls $17.1
*** TURN *** [Js 7h Td] [5h]
Hero: checks
72897c7c: checks
*** RIVER *** [Js 7h Td 5h] [Kd]
Hero: bets $55
72897c7c: folds
Uncalled bet ($55) returned to Hero
*** SHOWDOWN ***
Hero collected $91.2 from pot
*** SUMMARY ***
Total pot $91.2
Board [Js 7h Td 5h Kd]
Seat 7: f1824cc4 folded before Flop
Seat 6: 2d868ba9 folded before Flop (didn't bet)
Seat 3: f19e7c8f(small blind) folded before Flop
Seat 2: 72897c7c folded on the River
Seat 4: Hero(big blind)won ($91.2) with Aces-High Straight



Poker Hand #ring_845360312: NLH No Limit ($1/$2) - 2025/04/27 15:04:21
Table 'MR NLH 1/2' 7-max Seat #7 is the button
Seat 7: f1824cc4 ($393.06 in chips)
Seat 6: 2d868ba9 ($506.73 in chips)
Seat 3: f19e7c8f ($547.78 in chips)
Seat 2: 72897c7c ($161.16 in chips)
Seat 4: Hero ($290.84 in chips)
72897c7c: posts small blind $1
f19e7c8f: posts big blind $2
*** HOLE CARDS ***
Dealt to f1824cc4 
Dealt to 2d868ba9 
Dealt to f19e7c8f 
Dealt to 72897c7c 
Dealt to Hero [Tc 2h]
Hero: folds
2d868ba9: folds
f1824cc4: folds
72897c7c: calls $1
f19e7c8f: raises $6 to $8
72897c7c: calls $6
*** FLOP *** [4c Jh 3s]
72897c7c: checks
f19e7c8f: bets $5.44
72897c7c: raises $26.88 to $32.32
f19e7c8f: folds
Uncalled bet ($26.88) returned to 72897c7c
*** SHOWDOWN ***
72897c7c collected $26.88 from pot
*** SUMMARY ***
Total pot $26.88
Board [4c Jh 3s]
Seat 7: f1824cc4 folded before Flop (didn't bet)
Seat 6: 2d868ba9 folded before Flop (didn't bet)
Seat 3: f19e7c8f(big blind) folded on the Flop
Seat 2: 72897c7c(small blind)won ($26.88) with Pair of Jacks
Seat 4: Hero folded before Flop (didn't bet)



Poker Hand #ring_845359353: NLH No Limit ($1/$2) - 2025/04/27 15:03:17
Table 'MR NLH 1/2' 7-max Seat #6 is the button
Seat 7: f1824cc4 ($394.06 in chips)
Seat 6: 2d868ba9 ($506.73 in chips)
Seat 3: f19e7c8f ($565.78 in chips)
Seat 2: 72897c7c ($179.16 in chips)
Seat 4: Hero ($256.81 in chips)
f1824cc4: posts small blind $1
72897c7c: posts big blind $2
*** HOLE CARDS ***
Dealt to f1824cc4 
Dealt to 2d868ba9 
Dealt to f19e7c8f 
Dealt to 72897c7c 
Dealt to Hero [Qs Ks]
f19e7c8f: raises $4 to $6
Hero: raises $12 to $18
2d868ba9: folds
f1824cc4: folds
72897c7c: calls $16
f19e7c8f: calls $12
*** FLOP *** [Kd 8c 9c]
72897c7c: checks
f19e7c8f: checks
Hero: bets $24
72897c7c: folds
f19e7c8f: folds
Uncalled bet ($24) returned to Hero
*** SHOWDOWN ***
Hero collected $55 from pot
*** SUMMARY ***
Total pot $55
Board [Kd 8c 9c]
Seat 7: f1824cc4(small blind) folded before Flop
Seat 6: 2d868ba9 folded before Flop (didn't bet)
Seat 3: f19e7c8f folded on the Flop
Seat 2: 72897c7c(big blind) folded on the Flop
Seat 4: Herowon ($55) with Pair of Kings



Poker Hand #ring_845358157: NLH No Limit ($1/$2) - 2025/04/27 15:01:52
Table 'MR NLH 1/2' 7-max Seat #4 is the button
Seat 7: f1824cc4 ($378.68 in chips)
Seat 6: 2d868ba9 ($507.73 in chips)
Seat 3: f19e7c8f ($573.78 in chips)
Seat 2: 72897c7c ($187.16 in chips)
Seat 4: Hero ($256.81 in chips)
2d868ba9: posts small blind $1
f1824cc4: posts big blind $2
*** HOLE CARDS ***
Dealt to f1824cc4 
Dealt to 2d868ba9 
Dealt to f19e7c8f 
Dealt to 72897c7c 
Dealt to Hero [2c 4h]
72897c7c: calls $2
f19e7c8f: raises $6 to $8
Hero: folds
2d868ba9: folds
f1824cc4: calls $6
72897c7c: calls $6
*** FLOP *** [5h Td 6h]
f1824cc4: checks
72897c7c: checks
f19e7c8f: checks
*** TURN *** [5h Td 6h] [Tc]
f1824cc4: checks
72897c7c: checks
f19e7c8f: checks
*** RIVER *** [5h Td 6h Tc] [Th]
f1824cc4: bets $18.75
72897c7c: folds
f19e7c8f: folds
Uncalled bet ($18.75) returned to f1824cc4
*** SHOWDOWN ***
f1824cc4 collected $25 from pot
*** SUMMARY ***
Total pot $25
Board [5h Td 6h Tc Th]
Seat 7: f1824cc4(big blind)won ($25) with Three Tens
Seat 6: 2d868ba9(small blind) folded before Flop
Seat 3: f19e7c8f folded on the River
Seat 2: 72897c7c folded on the River
Seat 4: Hero folded before Flop (didn't bet)



Poker Hand #ring_845357508: NLH No Limit ($1/$2) - 2025/04/27 15:01:07
Table 'MR NLH 1/2' 7-max Seat #3 is the button
Seat 7: f1824cc4 ($378.68 in chips)
Seat 6: 2d868ba9 ($509.73 in chips)
Seat 3: f19e7c8f ($581.78 in chips)
Seat 2: 72897c7c ($177.01 in chips)
Seat 4: Hero ($257.81 in chips)
Hero: posts small blind $1
2d868ba9: posts big blind $2
*** HOLE CARDS ***
Dealt to f1824cc4 
Dealt to 2d868ba9 
Dealt to f19e7c8f 
Dealt to 72897c7c 
Dealt to Hero [2s 6s]
f1824cc4: folds
72897c7c: calls $2
f19e7c8f: raises $6 to $8
Hero: folds
2d868ba9: folds
72897c7c: calls $6
*** FLOP *** [3h 7h 5c]
72897c7c: bets $19
f19e7c8f: folds
Uncalled bet ($19) returned to 72897c7c
*** SHOWDOWN ***
72897c7c collected $19 from pot
*** SUMMARY ***
Total pot $19
Board [3h 7h 5c]
Seat 7: f1824cc4 folded before Flop (didn't bet)
Seat 6: 2d868ba9(big blind) folded before Flop
Seat 3: f19e7c8f folded on the Flop
Seat 2: 72897c7cwon ($19) with Pair of Sevens
Seat 4: Hero(small blind) folded before Flop



Poker Hand #ring_845356967: NLH No Limit ($1/$2) - 2025/04/27 15:00:28
Table 'MR NLH 1/2' 7-max Seat #2 is the button
Seat 7: f1824cc4 ($378.68 in chips)
Seat 6: 2d868ba9 ($501.4 in chips)
Seat 3: f19e7c8f ($582.78 in chips)
Seat 2: 72897c7c ($183.01 in chips)
Seat 4: Hero ($259.81 in chips)
f19e7c8f: posts small blind $1
Hero: posts big blind $2
*** HOLE CARDS ***
Dealt to f1824cc4 
Dealt to 2d868ba9 
Dealt to f19e7c8f 
Dealt to 72897c7c 
Dealt to Hero [8d 4c]
2d868ba9: raises $4 to $6
f1824cc4: folds
72897c7c: calls $6
f19e7c8f: folds
Hero: folds
*** FLOP *** [7d 2d Kc]
2d868ba9: bets $4.95
72897c7c: folds
Uncalled bet ($4.95) returned to 2d868ba9
*** SHOWDOWN ***
2d868ba9 collected $15 from pot
*** SUMMARY ***
Total pot $15
Board [7d 2d Kc]
Seat 7: f1824cc4 folded before Flop (didn't bet)
Seat 6: 2d868ba9won ($15) with Pair of Tens
Seat 3: f19e7c8f(small blind) folded before Flop
Seat 2: 72897c7c folded on the Flop
Seat 4: Hero(big blind) folded before Flop



