Poker Hand #ring_826271952: NLH No Limit ($1/$2) - 2025/04/16 14:55:02
Table 'MR NLH 1/2' 7-max Seat #7 is the button
Seat 4: bcde9310 ($153.1 in chips)
Seat 1: 23ec674b ($505.04 in chips)
Seat 6: 2b84711c ($370.21 in chips)
Seat 7: 593d4144 ($313.73 in chips)
Seat 5: fcd792ed ($375 in chips)
Seat 2: b2df9a40 ($478.7 in chips)
Seat 3: Hero ($171.93 in chips)
23ec674b: posts small blind $1
b2df9a40: posts big blind $2
*** HOLE CARDS ***
Dealt to bcde9310 
Dealt to 23ec674b 
Dealt to 2b84711c 
Dealt to 593d4144 
Dealt to fcd792ed 
Dealt to b2df9a40 
Dealt to Hero [9d Qc]
Hero: folds
bcde9310: folds
fcd792ed: folds
2b84711c: raises $4 to $6
593d4144: raises $14 to $20
23ec674b: calls $19
b2df9a40: folds
2b84711c: calls $14
*** FLOP *** [8s Ac 3d]
23ec674b: checks
2b84711c: checks
593d4144: bets $18.4
23ec674b: folds
2b84711c: folds
Uncalled bet ($18.4) returned to 593d4144
*** SHOWDOWN ***
593d4144 collected $62 from pot
*** SUMMARY ***
Total pot $62
Board [8s Ac 3d]
Seat 4: bcde9310 folded before Flop (didn't bet)
Seat 1: 23ec674b(small blind) folded on the Flop
Seat 6: 2b84711c folded on the Flop
Seat 7: 593d4144won ($62) with Three Aces
Seat 5: fcd792ed folded before Flop (didn't bet)
Seat 2: b2df9a40(big blind) folded before Flop
Seat 3: Hero folded before Flop (didn't bet)



Poker Hand #ring_826271619: NLH No Limit ($1/$2) - 2025/04/16 14:54:38
Table 'MR NLH 1/2' 7-max Seat #6 is the button
Seat 4: bcde9310 ($153.1 in chips)
Seat 1: 23ec674b ($504.04 in chips)
Seat 6: 2b84711c ($370.21 in chips)
Seat 7: 593d4144 ($314.73 in chips)
Seat 5: fcd792ed ($375 in chips)
Seat 2: b2df9a40 ($478.7 in chips)
Seat 3: Hero ($171.93 in chips)
593d4144: posts small blind $1
23ec674b: posts big blind $2
*** HOLE CARDS ***
Dealt to bcde9310 
Dealt to 23ec674b 
Dealt to 2b84711c 
Dealt to 593d4144 
Dealt to fcd792ed 
Dealt to b2df9a40 
Dealt to Hero [Ac 3s]
b2df9a40: folds
Hero: folds
bcde9310: folds
fcd792ed: folds
2b84711c: folds
593d4144: folds
*** SHOWDOWN ***
23ec674b collected $3 from pot
*** SUMMARY ***
Total pot $3
Seat 4: bcde9310 folded before Flop (didn't bet)
Seat 1: 23ec674b(big blind)won ($3)
Seat 6: 2b84711c folded before Flop (didn't bet)
Seat 7: 593d4144(small blind) folded before Flop
Seat 5: fcd792ed folded before Flop (didn't bet)
Seat 2: b2df9a40 folded before Flop (didn't bet)
Seat 3: Hero folded before Flop (didn't bet)



Poker Hand #ring_826270805: NLH No Limit ($1/$2) - 2025/04/16 14:53:43
Table 'MR NLH 1/2' 7-max Seat #5 is the button
Seat 4: bcde9310 ($150.1 in chips)
Seat 1: 23ec674b ($504.04 in chips)
Seat 6: 2b84711c ($371.21 in chips)
Seat 7: 593d4144 ($316.73 in chips)
Seat 5: fcd792ed ($375 in chips)
Seat 2: b2df9a40 ($478.7 in chips)
Seat 3: Hero ($171.93 in chips)
2b84711c: posts small blind $1
593d4144: posts big blind $2
*** HOLE CARDS ***
Dealt to bcde9310 
Dealt to 23ec674b 
Dealt to 2b84711c 
Dealt to 593d4144 
Dealt to fcd792ed 
Dealt to b2df9a40 
Dealt to Hero [2d Qh]
23ec674b: folds
b2df9a40: folds
Hero: folds
bcde9310: raises $4 to $6
fcd792ed: folds
2b84711c: folds
593d4144: folds
Uncalled bet ($4) returned to bcde9310
*** SHOWDOWN ***
bcde9310 collected $5 from pot
*** SUMMARY ***
Total pot $5
Seat 4: bcde9310won ($5)
Seat 1: 23ec674b folded before Flop (didn't bet)
Seat 6: 2b84711c(small blind) folded before Flop
Seat 7: 593d4144(big blind) folded before Flop
Seat 5: fcd792ed folded before Flop (didn't bet)
Seat 2: b2df9a40 folded before Flop (didn't bet)
Seat 3: Hero folded before Flop (didn't bet)



Poker Hand #ring_826270426: NLH No Limit ($1/$2) - 2025/04/16 14:53:18
Table 'MR NLH 1/2' 7-max Seat #4 is the button
Seat 4: bcde9310 ($150.1 in chips)
Seat 1: 23ec674b ($504.04 in chips)
Seat 6: 2b84711c ($370.21 in chips)
Seat 7: 593d4144 ($316.73 in chips)
Seat 5: fcd792ed ($376 in chips)
Seat 2: b2df9a40 ($478.7 in chips)
Seat 3: Hero ($171.93 in chips)
fcd792ed: posts small blind $1
2b84711c: posts big blind $2
*** HOLE CARDS ***
Dealt to bcde9310 
Dealt to 23ec674b 
Dealt to 2b84711c 
Dealt to 593d4144 
Dealt to fcd792ed 
Dealt to b2df9a40 
Dealt to Hero [Qc 3h]
593d4144: folds
23ec674b: folds
b2df9a40: folds
Hero: folds
bcde9310: folds
fcd792ed: folds
*** SHOWDOWN ***
2b84711c collected $3 from pot
*** SUMMARY ***
Total pot $3
Seat 4: bcde9310 folded before Flop (didn't bet)
Seat 1: 23ec674b folded before Flop (didn't bet)
Seat 6: 2b84711c(big blind)won ($3)
Seat 7: 593d4144 folded before Flop (didn't bet)
Seat 5: fcd792ed(small blind) folded before Flop
Seat 2: b2df9a40 folded before Flop (didn't bet)
Seat 3: Hero folded before Flop (didn't bet)



Poker Hand #ring_826269307: NLH No Limit ($1/$2) - 2025/04/16 14:52:00
Table 'MR NLH 1/2' 7-max Seat #3 is the button
Seat 4: bcde9310 ($127.95 in chips)
Seat 1: 23ec674b ($510.04 in chips)
Seat 6: 2b84711c ($370.21 in chips)
Seat 7: 593d4144 ($322.73 in chips)
Seat 5: fcd792ed ($382 in chips)
Seat 2: b2df9a40 ($478.7 in chips)
Seat 3: Hero ($177.93 in chips)
bcde9310: posts small blind $1
fcd792ed: posts big blind $2
*** HOLE CARDS ***
Dealt to bcde9310 
Dealt to 23ec674b 
Dealt to 2b84711c 
Dealt to 593d4144 
Dealt to fcd792ed 
Dealt to b2df9a40 
Dealt to Hero [Jc Ah]
2b84711c: folds
593d4144: raises $4 to $6
23ec674b: calls $6
b2df9a40: folds
Hero: calls $6
bcde9310: calls $5
fcd792ed: calls $4
*** FLOP *** [2c 3s 6h]
bcde9310: checks
fcd792ed: checks
593d4144: checks
23ec674b: checks
Hero: checks
*** TURN *** [2c 3s 6h] [9h]
bcde9310: checks
fcd792ed: checks
593d4144: checks
23ec674b: checks
Hero: checks
*** RIVER *** [2c 3s 6h 9h] [5s]
bcde9310: checks
fcd792ed: checks
593d4144: checks
23ec674b: checks
Hero: checks
23ec674b: shows [Js Kc]
Hero: shows [Jc Ah]
bcde9310: shows [5d 7d]
fcd792ed: shows [3h Jh]
593d4144: shows [As Qh]
*** SHOWDOWN ***
bcde9310 collected $30 from pot
*** SUMMARY ***
Total pot $30
Board [2c 3s 6h 9h 5s]
Seat 4: bcde9310(small blind) showed [5d 7d] and won ($30) with Pair of Fives
Seat 1: 23ec674b showed [Js Kc] and lost with King-High
Seat 6: 2b84711c folded before Flop (didn't bet)
Seat 7: 593d4144 showed [As Qh] and lost with Ace-High
Seat 5: fcd792ed(big blind) showed [3h Jh] and lost with Pair of Treys
Seat 2: b2df9a40 folded before Flop (didn't bet)
Seat 3: Hero showed [Jc Ah] and lost with Ace-High



Poker Hand #ring_826267872: NLH No Limit ($1/$2) - 2025/04/16 14:50:23
Table 'MR NLH 1/2' 7-max Seat #2 is the button
Seat 4: bcde9310 ($148.2 in chips)
Seat 1: 23ec674b ($510.04 in chips)
Seat 6: 2b84711c ($370.21 in chips)
Seat 7: 593d4144 ($322.73 in chips)
Seat 5: fcd792ed ($382 in chips)
Seat 2: b2df9a40 ($459.81 in chips)
Seat 3: Hero ($178.93 in chips)
Hero: posts small blind $1
bcde9310: posts big blind $2
*** HOLE CARDS ***
Dealt to bcde9310 
Dealt to 23ec674b 
Dealt to 2b84711c 
Dealt to 593d4144 
Dealt to fcd792ed 
Dealt to b2df9a40 
Dealt to Hero [3h Ad]
fcd792ed: folds
2b84711c: folds
593d4144: folds
23ec674b: folds
b2df9a40: raises $4 to $6
Hero: folds
bcde9310: calls $4
*** FLOP *** [Kh 5s 6h]
bcde9310: checks
b2df9a40: bets $6
bcde9310: calls $6
*** TURN *** [Kh 5s 6h] [7h]
bcde9310: checks
b2df9a40: bets $8.25
bcde9310: calls $8.25
*** RIVER *** [Kh 5s 6h 7h] [Jh]
bcde9310: checks
b2df9a40: bets $33.4
bcde9310: folds
Uncalled bet ($33.4) returned to b2df9a40
*** SHOWDOWN ***
b2df9a40 collected $41.5 from pot
*** SUMMARY ***
Total pot $41.5
Board [Kh 5s 6h 7h Jh]
Seat 4: bcde9310(big blind) folded on the River
Seat 1: 23ec674b folded before Flop (didn't bet)
Seat 6: 2b84711c folded before Flop (didn't bet)
Seat 7: 593d4144 folded before Flop (didn't bet)
Seat 5: fcd792ed folded before Flop (didn't bet)
Seat 2: b2df9a40won ($41.5) with Ace-High
Seat 3: Hero(small blind) folded before Flop



Poker Hand #ring_826267388: NLH No Limit ($1/$2) - 2025/04/16 14:49:49
Table 'MR NLH 1/2' 7-max Seat #1 is the button
Seat 4: bcde9310 ($148.2 in chips)
Seat 1: 23ec674b ($510.04 in chips)
Seat 6: 2b84711c ($370.21 in chips)
Seat 7: 593d4144 ($322.73 in chips)
Seat 5: fcd792ed ($382 in chips)
Seat 2: b2df9a40 ($457.81 in chips)
Seat 3: Hero ($180.93 in chips)
b2df9a40: posts small blind $1
Hero: posts big blind $2
*** HOLE CARDS ***
Dealt to bcde9310 
Dealt to 23ec674b 
Dealt to 2b84711c 
Dealt to 593d4144 
Dealt to fcd792ed 
Dealt to b2df9a40 
Dealt to Hero [Qc 5h]
bcde9310: folds
fcd792ed: folds
2b84711c: folds
593d4144: folds
23ec674b: folds
b2df9a40: raises $4 to $6
Hero: folds
Uncalled bet ($4) returned to b2df9a40
*** SHOWDOWN ***
b2df9a40 collected $4 from pot
*** SUMMARY ***
Total pot $4
Seat 4: bcde9310 folded before Flop (didn't bet)
Seat 1: 23ec674b folded before Flop (didn't bet)
Seat 6: 2b84711c folded before Flop (didn't bet)
Seat 7: 593d4144 folded before Flop (didn't bet)
Seat 5: fcd792ed folded before Flop (didn't bet)
Seat 2: b2df9a40(small blind)won ($4)
Seat 3: Hero(big blind) folded before Flop



Poker Hand #ring_826266704: NLH No Limit ($1/$2) - 2025/04/16 14:49:05
Table 'MR NLH 1/2' 7-max Seat #7 is the button
Seat 4: bcde9310 ($148.2 in chips)
Seat 1: 23ec674b ($503.58 in chips)
Seat 6: 2b84711c ($370.21 in chips)
Seat 7: 593d4144 ($322.73 in chips)
Seat 5: fcd792ed ($387 in chips)
Seat 2: b2df9a40 ($459.81 in chips)
Seat 3: Hero ($180.93 in chips)
23ec674b: posts small blind $1
b2df9a40: posts big blind $2
*** HOLE CARDS ***
Dealt to bcde9310 
Dealt to 23ec674b 
Dealt to 2b84711c 
Dealt to 593d4144 
Dealt to fcd792ed 
Dealt to b2df9a40 
Dealt to Hero [4c 6d]
Hero: folds
bcde9310: folds
fcd792ed: raises $3 to $5
2b84711c: folds
593d4144: folds
23ec674b: calls $4
b2df9a40: folds
*** FLOP *** [8s 4h 9c]
23ec674b: checks
fcd792ed: checks
*** TURN *** [8s 4h 9c] [3s]
23ec674b: bets $12
fcd792ed: folds
Uncalled bet ($12) returned to 23ec674b
*** SHOWDOWN ***
23ec674b collected $12 from pot
*** SUMMARY ***
Total pot $12
Board [8s 4h 9c 3s]
Seat 4: bcde9310 folded before Flop (didn't bet)
Seat 1: 23ec674b(small blind)won ($12) with Queen-High
Seat 6: 2b84711c folded before Flop (didn't bet)
Seat 7: 593d4144 folded before Flop (didn't bet)
Seat 5: fcd792ed folded on the Turn
Seat 2: b2df9a40(big blind) folded before Flop
Seat 3: Hero folded before Flop (didn't bet)



Poker Hand #ring_826266008: NLH No Limit ($1/$2) - 2025/04/16 14:48:18
Table 'MR NLH 1/2' 7-max Seat #6 is the button
Seat 4: bcde9310 ($148.2 in chips)
Seat 1: 23ec674b ($505.58 in chips)
Seat 6: 2b84711c ($362.79 in chips)
Seat 7: 593d4144 ($323.73 in chips)
Seat 5: fcd792ed ($392 in chips)
Seat 2: b2df9a40 ($459.81 in chips)
Seat 3: Hero ($180.93 in chips)
593d4144: posts small blind $1
23ec674b: posts big blind $2
*** HOLE CARDS ***
Dealt to bcde9310 
Dealt to 23ec674b 
Dealt to 2b84711c 
Dealt to 593d4144 
Dealt to fcd792ed 
Dealt to b2df9a40 
Dealt to Hero [3d 7c]
b2df9a40: folds
Hero: folds
bcde9310: folds
fcd792ed: raises $3 to $5
2b84711c: calls $5
593d4144: folds
23ec674b: folds
*** FLOP *** [Qc 8h Kh]
fcd792ed: checks
2b84711c: checks
*** TURN *** [Qc 8h Kh] [Tc]
fcd792ed: checks
2b84711c: checks
*** RIVER *** [Qc 8h Kh Tc] [Td]
fcd792ed: checks
2b84711c: checks
fcd792ed: shows [4d Ac]
2b84711c: shows [7h 7s]
*** SHOWDOWN ***
2b84711c collected $13 from pot
*** SUMMARY ***
Total pot $13
Board [Qc 8h Kh Tc Td]
Seat 4: bcde9310 folded before Flop (didn't bet)
Seat 1: 23ec674b(big blind) folded before Flop
Seat 6: 2b84711c showed [7h 7s] and won ($13) with Pair of Tens and Pair of Sevens
Seat 7: 593d4144(small blind) folded before Flop
Seat 5: fcd792ed showed [4d Ac] and lost with Pair of Tens
Seat 2: b2df9a40 folded before Flop (didn't bet)
Seat 3: Hero folded before Flop (didn't bet)



Poker Hand #ring_826265523: NLH No Limit ($1/$2) - 2025/04/16 14:47:46
Table 'MR NLH 1/2' 7-max Seat #5 is the button
Seat 4: bcde9310 ($148.2 in chips)
Seat 1: 23ec674b ($502.58 in chips)
Seat 6: 2b84711c ($363.79 in chips)
Seat 7: 593d4144 ($325.73 in chips)
Seat 5: fcd792ed ($392 in chips)
Seat 2: b2df9a40 ($459.81 in chips)
Seat 3: Hero ($180.93 in chips)
2b84711c: posts small blind $1
593d4144: posts big blind $2
*** HOLE CARDS ***
Dealt to bcde9310 
Dealt to 23ec674b 
Dealt to 2b84711c 
Dealt to 593d4144 
Dealt to fcd792ed 
Dealt to b2df9a40 
Dealt to Hero [Th 8s]
23ec674b: raises $4 to $6
b2df9a40: folds
Hero: folds
bcde9310: folds
fcd792ed: folds
2b84711c: folds
593d4144: folds
Uncalled bet ($4) returned to 23ec674b
*** SHOWDOWN ***
23ec674b collected $5 from pot
*** SUMMARY ***
Total pot $5
Seat 4: bcde9310 folded before Flop (didn't bet)
Seat 1: 23ec674bwon ($5)
Seat 6: 2b84711c(small blind) folded before Flop
Seat 7: 593d4144(big blind) folded before Flop
Seat 5: fcd792ed folded before Flop (didn't bet)
Seat 2: b2df9a40 folded before Flop (didn't bet)
Seat 3: Hero folded before Flop (didn't bet)



Poker Hand #ring_826264805: NLH No Limit ($1/$2) - 2025/04/16 14:46:57
Table 'MR NLH 1/2' 7-max Seat #4 is the button
Seat 4: bcde9310 ($148.2 in chips)
Seat 1: 23ec674b ($502.58 in chips)
Seat 6: 2b84711c ($365.79 in chips)
Seat 7: 593d4144 ($325.73 in chips)
Seat 5: fcd792ed ($398 in chips)
Seat 2: b2df9a40 ($452.44 in chips)
Seat 3: Hero ($180.93 in chips)
fcd792ed: posts small blind $1
2b84711c: posts big blind $2
*** HOLE CARDS ***
Dealt to bcde9310 
Dealt to 23ec674b 
Dealt to 2b84711c 
Dealt to 593d4144 
Dealt to fcd792ed 
Dealt to b2df9a40 
Dealt to Hero [3s 5d]
593d4144: folds
23ec674b: folds
b2df9a40: raises $4 to $6
Hero: folds
bcde9310: folds
fcd792ed: calls $5
2b84711c: folds
*** FLOP *** [8d 2h Tc]
fcd792ed: checks
b2df9a40: bets $7
fcd792ed: folds
Uncalled bet ($7) returned to b2df9a40
*** SHOWDOWN ***
b2df9a40 collected $14 from pot
*** SUMMARY ***
Total pot $14
Board [8d 2h Tc]
Seat 4: bcde9310 folded before Flop (didn't bet)
Seat 1: 23ec674b folded before Flop (didn't bet)
Seat 6: 2b84711c(big blind) folded before Flop
Seat 7: 593d4144 folded before Flop (didn't bet)
Seat 5: fcd792ed(small blind) folded on the Flop
Seat 2: b2df9a40won ($14) with Ten-High
Seat 3: Hero folded before Flop (didn't bet)



Poker Hand #ring_826264326: NLH No Limit ($1/$2) - 2025/04/16 14:46:25
Table 'MR NLH 1/2' 7-max Seat #3 is the button
Seat 4: bcde9310 ($149.2 in chips)
Seat 1: 23ec674b ($502.58 in chips)
Seat 6: 2b84711c ($365.79 in chips)
Seat 7: 593d4144 ($325.73 in chips)
Seat 5: fcd792ed ($397 in chips)
Seat 2: b2df9a40 ($452.44 in chips)
Seat 3: Hero ($180.93 in chips)
bcde9310: posts small blind $1
fcd792ed: posts big blind $2
*** HOLE CARDS ***
Dealt to bcde9310 
Dealt to 23ec674b 
Dealt to 2b84711c 
Dealt to 593d4144 
Dealt to fcd792ed 
Dealt to b2df9a40 
Dealt to Hero [6c 4h]
2b84711c: folds
593d4144: folds
23ec674b: folds
b2df9a40: folds
Hero: folds
bcde9310: folds
*** SHOWDOWN ***
fcd792ed collected $3 from pot
*** SUMMARY ***
Total pot $3
Seat 4: bcde9310(small blind) folded before Flop
Seat 1: 23ec674b folded before Flop (didn't bet)
Seat 6: 2b84711c folded before Flop (didn't bet)
Seat 7: 593d4144 folded before Flop (didn't bet)
Seat 5: fcd792ed(big blind)won ($3)
Seat 2: b2df9a40 folded before Flop (didn't bet)
Seat 3: Hero folded before Flop (didn't bet)



Poker Hand #ring_826263918: NLH No Limit ($1/$2) - 2025/04/16 14:45:58
Table 'MR NLH 1/2' 7-max Seat #2 is the button
Seat 4: bcde9310 ($148.2 in chips)
Seat 1: 23ec674b ($502.58 in chips)
Seat 6: 2b84711c ($365.79 in chips)
Seat 7: 593d4144 ($325.73 in chips)
Seat 5: fcd792ed ($397 in chips)
Seat 2: b2df9a40 ($452.44 in chips)
Seat 3: Hero ($181.93 in chips)
Hero: posts small blind $1
bcde9310: posts big blind $2
*** HOLE CARDS ***
Dealt to bcde9310 
Dealt to 23ec674b 
Dealt to 2b84711c 
Dealt to 593d4144 
Dealt to fcd792ed 
Dealt to b2df9a40 
Dealt to Hero [Js 2d]
fcd792ed: folds
2b84711c: folds
593d4144: folds
23ec674b: folds
b2df9a40: folds
Hero: folds
*** SHOWDOWN ***
bcde9310 collected $3 from pot
*** SUMMARY ***
Total pot $3
Seat 4: bcde9310(big blind)won ($3)
Seat 1: 23ec674b folded before Flop (didn't bet)
Seat 6: 2b84711c folded before Flop (didn't bet)
Seat 7: 593d4144 folded before Flop (didn't bet)
Seat 5: fcd792ed folded before Flop (didn't bet)
Seat 2: b2df9a40 folded before Flop (didn't bet)
Seat 3: Hero(small blind) folded before Flop



Poker Hand #ring_826262090: NLH No Limit ($1/$2) - 2025/04/16 14:43:57
Table 'MR NLH 1/2' 7-max Seat #1 is the button
Seat 4: bcde9310 ($148.2 in chips)
Seat 1: 23ec674b ($469.78 in chips)
Seat 6: 2b84711c ($365.79 in chips)
Seat 7: 593d4144 ($331.73 in chips)
Seat 5: fcd792ed ($397 in chips)
Seat 2: b2df9a40 ($458.44 in chips)
Seat 3: Hero ($205.93 in chips)
b2df9a40: posts small blind $1
Hero: posts big blind $2
*** HOLE CARDS ***
Dealt to bcde9310 
Dealt to 23ec674b 
Dealt to 2b84711c 
Dealt to 593d4144 
Dealt to fcd792ed 
Dealt to b2df9a40 
Dealt to Hero [9s 4s]
bcde9310: folds
fcd792ed: folds
2b84711c: folds
593d4144: raises $4 to $6
23ec674b: calls $6
b2df9a40: calls $5
Hero: calls $4
*** FLOP *** [Ts 8s 7h]
b2df9a40: checks
Hero: checks
593d4144: checks
23ec674b: checks
*** TURN *** [Ts 8s 7h] [6s]
b2df9a40: checks
Hero: checks
593d4144: checks
23ec674b: bets $18
b2df9a40: folds
Hero: calls $18
593d4144: folds
*** RIVER *** [Ts 8s 7h 6s] [2s]
Hero: checks
23ec674b: bets $334.48
Hero: folds
Uncalled bet ($334.48) returned to 23ec674b
*** SHOWDOWN ***
23ec674b collected $60 from pot
*** SUMMARY ***
Total pot $60
Board [Ts 8s 7h 6s 2s]
Seat 4: bcde9310 folded before Flop (didn't bet)
Seat 1: 23ec674bwon ($60) with Ace High Flush
Seat 6: 2b84711c folded before Flop (didn't bet)
Seat 7: 593d4144 folded on the Turn
Seat 5: fcd792ed folded before Flop (didn't bet)
Seat 2: b2df9a40(small blind) folded on the Turn
Seat 3: Hero(big blind) folded on the River



Poker Hand #ring_826261569: NLH No Limit ($1/$2) - 2025/04/16 14:43:23
Table 'MR NLH 1/2' 7-max Seat #7 is the button
Seat 4: bcde9310 ($148.2 in chips)
Seat 1: 23ec674b ($470.78 in chips)
Seat 6: 2b84711c ($362.79 in chips)
Seat 7: 593d4144 ($331.73 in chips)
Seat 5: fcd792ed ($397 in chips)
Seat 2: b2df9a40 ($460.44 in chips)
Seat 3: Hero ($205.93 in chips)
23ec674b: posts small blind $1
b2df9a40: posts big blind $2
*** HOLE CARDS ***
Dealt to bcde9310 
Dealt to 23ec674b 
Dealt to 2b84711c 
Dealt to 593d4144 
Dealt to fcd792ed 
Dealt to b2df9a40 
Dealt to Hero [4d Ks]
Hero: folds
bcde9310: folds
fcd792ed: folds
2b84711c: raises $4 to $6
593d4144: folds
23ec674b: folds
b2df9a40: folds
Uncalled bet ($4) returned to 2b84711c
*** SHOWDOWN ***
2b84711c collected $5 from pot
*** SUMMARY ***
Total pot $5
Seat 4: bcde9310 folded before Flop (didn't bet)
Seat 1: 23ec674b(small blind) folded before Flop
Seat 6: 2b84711cwon ($5)
Seat 7: 593d4144 folded before Flop (didn't bet)
Seat 5: fcd792ed folded before Flop (didn't bet)
Seat 2: b2df9a40(big blind) folded before Flop
Seat 3: Hero folded before Flop (didn't bet)



Poker Hand #ring_826260411: NLH No Limit ($1/$2) - 2025/04/16 14:42:06
Table 'MR NLH 1/2' 7-max Seat #6 is the button
Seat 4: bcde9310 ($227.58 in chips)
Seat 1: 23ec674b ($472.78 in chips)
Seat 6: 2b84711c ($362.79 in chips)
Seat 7: 593d4144 ($258.08 in chips)
Seat 5: fcd792ed ($397 in chips)
Seat 2: b2df9a40 ($460.44 in chips)
Seat 3: Hero ($205.93 in chips)
593d4144: posts small blind $1
23ec674b: posts big blind $2
*** HOLE CARDS ***
Dealt to bcde9310 
Dealt to 23ec674b 
Dealt to 2b84711c 
Dealt to 593d4144 
Dealt to fcd792ed 
Dealt to b2df9a40 
Dealt to Hero [Tc 7d]
b2df9a40: folds
Hero: folds
bcde9310: raises $4 to $6
fcd792ed: folds
2b84711c: folds
593d4144: raises $16 to $22
23ec674b: folds
bcde9310: calls $16
*** FLOP *** [Ac 3h Td]
593d4144: bets $15.64
bcde9310: calls $15.64
*** TURN *** [Ac 3h Td] [2c]
593d4144: checks
bcde9310: checks
*** RIVER *** [Ac 3h Td 2c] [9c]
593d4144: bets $41.74
bcde9310: calls $41.74
bcde9310: shows [Ah Qh]
593d4144: shows [9s Ts]
*** SHOWDOWN ***
593d4144 collected $160.76 from pot
*** SUMMARY ***
Total pot $160.76
Board [Ac 3h Td 2c 9c]
Seat 4: bcde9310 showed [Ah Qh] and lost with Pair of Aces
Seat 1: 23ec674b(big blind) folded before Flop
Seat 6: 2b84711c folded before Flop (didn't bet)
Seat 7: 593d4144(small blind) showed [9s Ts] and won ($160.76) with Pair of Tens and Pair of Nines
Seat 5: fcd792ed folded before Flop (didn't bet)
Seat 2: b2df9a40 folded before Flop (didn't bet)
Seat 3: Hero folded before Flop (didn't bet)



Poker Hand #ring_826259262: NLH No Limit ($1/$2) - 2025/04/16 14:40:48
Table 'MR NLH 1/2' 7-max Seat #5 is the button
Seat 4: bcde9310 ($227.58 in chips)
Seat 1: 23ec674b ($493.78 in chips)
Seat 6: 2b84711c ($363.79 in chips)
Seat 7: 593d4144 ($260.08 in chips)
Seat 5: fcd792ed ($397 in chips)
Seat 2: b2df9a40 ($438.96 in chips)
Seat 3: Hero ($205.93 in chips)
2b84711c: posts small blind $1
593d4144: posts big blind $2
*** HOLE CARDS ***
Dealt to bcde9310 
Dealt to 23ec674b 
Dealt to 2b84711c 
Dealt to 593d4144 
Dealt to fcd792ed 
Dealt to b2df9a40 
Dealt to Hero [6c 9h]
23ec674b: raises $4 to $6
b2df9a40: raises $15 to $21
Hero: folds
bcde9310: folds
fcd792ed: folds
2b84711c: folds
593d4144: folds
23ec674b: calls $15
*** FLOP *** [Ks Qs 2s]
23ec674b: checks
b2df9a40: checks
*** TURN *** [Ks Qs 2s] [2h]
23ec674b: checks
b2df9a40: checks
*** RIVER *** [Ks Qs 2s 2h] [9c]
23ec674b: checks
b2df9a40: bets $14.85
23ec674b: folds
Uncalled bet ($14.85) returned to b2df9a40
*** SHOWDOWN ***
b2df9a40 collected $45 from pot
*** SUMMARY ***
Total pot $45
Board [Ks Qs 2s 2h 9c]
Seat 4: bcde9310 folded before Flop (didn't bet)
Seat 1: 23ec674b folded on the River
Seat 6: 2b84711c(small blind) folded before Flop
Seat 7: 593d4144(big blind) folded before Flop
Seat 5: fcd792ed folded before Flop (didn't bet)
Seat 2: b2df9a40won ($45) with Pair of Queens and Pair of Twos
Seat 3: Hero folded before Flop (didn't bet)



Poker Hand #ring_826258880: NLH No Limit ($1/$2) - 2025/04/16 14:40:21
Table 'MR NLH 1/2' 7-max Seat #4 is the button
Seat 4: bcde9310 ($227.58 in chips)
Seat 1: 23ec674b ($493.78 in chips)
Seat 6: 2b84711c ($365.79 in chips)
Seat 7: 593d4144 ($257.08 in chips)
Seat 5: fcd792ed ($398 in chips)
Seat 2: b2df9a40 ($438.96 in chips)
Seat 3: Hero ($205.93 in chips)
fcd792ed: posts small blind $1
2b84711c: posts big blind $2
*** HOLE CARDS ***
Dealt to bcde9310 
Dealt to 23ec674b 
Dealt to 2b84711c 
Dealt to 593d4144 
Dealt to fcd792ed 
Dealt to b2df9a40 
Dealt to Hero [4h 8h]
593d4144: raises $4 to $6
23ec674b: folds
b2df9a40: folds
Hero: folds
bcde9310: folds
fcd792ed: folds
2b84711c: folds
Uncalled bet ($4) returned to 593d4144
*** SHOWDOWN ***
593d4144 collected $5 from pot
*** SUMMARY ***
Total pot $5
Seat 4: bcde9310 folded before Flop (didn't bet)
Seat 1: 23ec674b folded before Flop (didn't bet)
Seat 6: 2b84711c(big blind) folded before Flop
Seat 7: 593d4144won ($5)
Seat 5: fcd792ed(small blind) folded before Flop
Seat 2: b2df9a40 folded before Flop (didn't bet)
Seat 3: Hero folded before Flop (didn't bet)



Poker Hand #ring_826258386: NLH No Limit ($1/$2) - 2025/04/16 14:39:48
Table 'MR NLH 1/2' 7-max Seat #3 is the button
Seat 4: bcde9310 ($228.58 in chips)
Seat 1: 23ec674b ($493.78 in chips)
Seat 6: 2b84711c ($365.79 in chips)
Seat 7: 593d4144 ($254.08 in chips)
Seat 5: fcd792ed ($400 in chips)
Seat 2: b2df9a40 ($438.96 in chips)
Seat 3: Hero ($205.93 in chips)
bcde9310: posts small blind $1
fcd792ed: posts big blind $2
*** HOLE CARDS ***
Dealt to bcde9310 
Dealt to 23ec674b 
Dealt to 2b84711c 
Dealt to 593d4144 
Dealt to fcd792ed 
Dealt to b2df9a40 
Dealt to Hero [9s 2s]
2b84711c: folds
593d4144: raises $4 to $6
23ec674b: folds
b2df9a40: folds
Hero: folds
bcde9310: folds
fcd792ed: folds
Uncalled bet ($4) returned to 593d4144
*** SHOWDOWN ***
593d4144 collected $5 from pot
*** SUMMARY ***
Total pot $5
Seat 4: bcde9310(small blind) folded before Flop
Seat 1: 23ec674b folded before Flop (didn't bet)
Seat 6: 2b84711c folded before Flop (didn't bet)
Seat 7: 593d4144won ($5)
Seat 5: fcd792ed(big blind) folded before Flop
Seat 2: b2df9a40 folded before Flop (didn't bet)
Seat 3: Hero folded before Flop (didn't bet)



Poker Hand #ring_826257510: NLH No Limit ($1/$2) - 2025/04/16 14:38:49
Table 'MR NLH 1/2' 7-max Seat #2 is the button
Seat 4: bcde9310 ($230.58 in chips)
Seat 1: 23ec674b ($506.78 in chips)
Seat 6: 2b84711c ($365.79 in chips)
Seat 7: 593d4144 ($254.08 in chips)
Seat 5: ea763312 ($154.34 in chips)
Seat 2: b2df9a40 ($438.96 in chips)
Seat 3: Hero ($192.69 in chips)
Hero: posts small blind $1
bcde9310: posts big blind $2
*** HOLE CARDS ***
Dealt to bcde9310 
Dealt to 23ec674b 
Dealt to 2b84711c 
Dealt to 593d4144 
Dealt to ea763312 
Dealt to b2df9a40 
Dealt to Hero [Jd Kh]
ea763312: folds
2b84711c: folds
593d4144: folds
23ec674b: raises $4 to $6
b2df9a40: folds
Hero: calls $5
bcde9310: folds
*** FLOP *** [Kd Ah 9s]
Hero: checks
23ec674b: checks
*** TURN *** [Kd Ah 9s] [Ac]
Hero: checks
23ec674b: checks
*** RIVER *** [Kd Ah 9s Ac] [Qs]
Hero: bets $7
23ec674b: calls $7
23ec674b: shows [Qh Jh]
Hero: shows [Jd Kh]
*** SHOWDOWN ***
Hero collected $28 from pot
*** SUMMARY ***
Total pot $28
Board [Kd Ah 9s Ac Qs]
Seat 4: bcde9310(big blind) folded before Flop
Seat 1: 23ec674b showed [Qh Jh] and lost with Pair of Aces and Pair of Queens
Seat 6: 2b84711c folded before Flop (didn't bet)
Seat 7: 593d4144 folded before Flop (didn't bet)
Seat 5: ea763312 folded before Flop (didn't bet)
Seat 2: b2df9a40 folded before Flop (didn't bet)
Seat 3: Hero(small blind) showed [Jd Kh] and won ($28) with Pair of Aces and Pair of Kings



Poker Hand #ring_826255988: NLH No Limit ($1/$2) - 2025/04/16 14:37:07
Table 'MR NLH 1/2' 7-max Seat #1 is the button
Seat 4: bcde9310 ($230.58 in chips)
Seat 1: 23ec674b ($506.78 in chips)
Seat 6: 2b84711c ($365.79 in chips)
Seat 7: 593d4144 ($254.08 in chips)
Seat 5: ea763312 ($154.34 in chips)
Seat 2: b2df9a40 ($415.48 in chips)
Seat 3: Hero ($219.04 in chips)
b2df9a40: posts small blind $1
Hero: posts big blind $2
*** HOLE CARDS ***
Dealt to bcde9310 
Dealt to 23ec674b 
Dealt to 2b84711c 
Dealt to 593d4144 
Dealt to ea763312 
Dealt to b2df9a40 
Dealt to Hero [As 2h]
bcde9310: folds
ea763312: folds
2b84711c: folds
593d4144: folds
23ec674b: folds
b2df9a40: raises $4 to $6
Hero: calls $4
*** FLOP *** [5d Js 2c]
b2df9a40: bets $3.96
Hero: calls $3.96
*** TURN *** [5d Js 2c] [6s]
b2df9a40: checks
Hero: checks
*** RIVER *** [5d Js 2c 6s] [7h]
b2df9a40: bets $16.39
Hero: calls $16.39
b2df9a40: shows [7c 7d]
Hero: shows [As 2h]
*** SHOWDOWN ***
b2df9a40 collected $52.7 from pot
*** SUMMARY ***
Total pot $52.7
Board [5d Js 2c 6s 7h]
Seat 4: bcde9310 folded before Flop (didn't bet)
Seat 1: 23ec674b folded before Flop (didn't bet)
Seat 6: 2b84711c folded before Flop (didn't bet)
Seat 7: 593d4144 folded before Flop (didn't bet)
Seat 5: ea763312 folded before Flop (didn't bet)
Seat 2: b2df9a40(small blind) showed [7c 7d] and won ($52.7) with Three Sevens
Seat 3: Hero(big blind) showed [As 2h] and lost with Pair of Twos



Poker Hand #ring_826255279: NLH No Limit ($1/$2) - 2025/04/16 14:36:18
Table 'MR NLH 1/2' 7-max Seat #7 is the button
Seat 4: bcde9310 ($230.58 in chips)
Seat 1: 23ec674b ($485.35 in chips)
Seat 6: 2b84711c ($387.79 in chips)
Seat 7: 593d4144 ($254.08 in chips)
Seat 5: ea763312 ($154.34 in chips)
Seat 2: b2df9a40 ($417.48 in chips)
Seat 3: Hero ($219.04 in chips)
23ec674b: posts small blind $1
b2df9a40: posts big blind $2
*** HOLE CARDS ***
Dealt to bcde9310 
Dealt to 23ec674b 
Dealt to 2b84711c 
Dealt to 593d4144 
Dealt to ea763312 
Dealt to b2df9a40 
Dealt to Hero [Ts Kc]
Hero: folds
bcde9310: folds
ea763312: folds
2b84711c: raises $4 to $6
593d4144: folds
23ec674b: raises $16 to $22
b2df9a40: folds
2b84711c: calls $16
*** FLOP *** [2d Jh 8s]
23ec674b: checks
2b84711c: checks
*** TURN *** [2d Jh 8s] [Jd]
23ec674b: checks
2b84711c: checks
*** RIVER *** [2d Jh 8s Jd] [8c]
23ec674b: checks
2b84711c: checks
23ec674b: shows [Kd Ah]
2b84711c: shows [5s 3s]
*** SHOWDOWN ***
23ec674b collected $46 from pot
*** SUMMARY ***
Total pot $46
Board [2d Jh 8s Jd 8c]
Seat 4: bcde9310 folded before Flop (didn't bet)
Seat 1: 23ec674b(small blind) showed [Kd Ah] and won ($46) with Pair of Jacks and Pair of Eights
Seat 6: 2b84711c showed [5s 3s] and lost with Pair of Jacks and Pair of Eights
Seat 7: 593d4144 folded before Flop (didn't bet)
Seat 5: ea763312 folded before Flop (didn't bet)
Seat 2: b2df9a40(big blind) folded before Flop
Seat 3: Hero folded before Flop (didn't bet)



Poker Hand #ring_826254518: NLH No Limit ($1/$2) - 2025/04/16 14:35:28
Table 'MR NLH 1/2' 7-max Seat #6 is the button
Seat 4: bcde9310 ($230.58 in chips)
Seat 1: 23ec674b ($487.35 in chips)
Seat 6: 2b84711c ($392.79 in chips)
Seat 7: 593d4144 ($255.08 in chips)
Seat 5: ea763312 ($154.34 in chips)
Seat 2: b2df9a40 ($417.48 in chips)
Seat 3: Hero ($211.62 in chips)
593d4144: posts small blind $1
23ec674b: posts big blind $2
*** HOLE CARDS ***
Dealt to bcde9310 
Dealt to 23ec674b 
Dealt to 2b84711c 
Dealt to 593d4144 
Dealt to ea763312 
Dealt to b2df9a40 
Dealt to Hero [8h 9c]
b2df9a40: folds
Hero: raises $3 to $5
bcde9310: folds
ea763312: folds
2b84711c: calls $5
593d4144: folds
23ec674b: folds
*** FLOP *** [Jc 3c Ah]
Hero: checks
2b84711c: checks
*** TURN *** [Jc 3c Ah] [Tc]
Hero: checks
2b84711c: checks
*** RIVER *** [Jc 3c Ah Tc] [6c]
Hero: checks
2b84711c: checks
Hero: shows [8h 9c]
2b84711c: shows [3s 5s]
*** SHOWDOWN ***
Hero collected $13 from pot
*** SUMMARY ***
Total pot $13
Board [Jc 3c Ah Tc 6c]
Seat 4: bcde9310 folded before Flop (didn't bet)
Seat 1: 23ec674b(big blind) folded before Flop
Seat 6: 2b84711c showed [3s 5s] and lost with Pair of Treys
Seat 7: 593d4144(small blind) folded before Flop
Seat 5: ea763312 folded before Flop (didn't bet)
Seat 2: b2df9a40 folded before Flop (didn't bet)
Seat 3: Hero showed [8h 9c] and won ($13) with Jack High Flush



Poker Hand #ring_826253233: NLH No Limit ($1/$2) - 2025/04/16 14:34:00
Table 'MR NLH 1/2' 7-max Seat #5 is the button
Seat 4: bcde9310 ($230.58 in chips)
Seat 1: 23ec674b ($456.55 in chips)
Seat 6: 2b84711c ($418.79 in chips)
Seat 7: 593d4144 ($257.08 in chips)
Seat 5: ea763312 ($154.34 in chips)
Seat 2: b2df9a40 ($417.48 in chips)
Seat 3: Hero ($217.62 in chips)
2b84711c: posts small blind $1
593d4144: posts big blind $2
*** HOLE CARDS ***
Dealt to bcde9310 
Dealt to 23ec674b 
Dealt to 2b84711c 
Dealt to 593d4144 
Dealt to ea763312 
Dealt to b2df9a40 
Dealt to Hero [9d Qd]
23ec674b: raises $4 to $6
b2df9a40: folds
Hero: calls $6
bcde9310: folds
ea763312: folds
2b84711c: calls $5
593d4144: folds
*** FLOP *** [6s 7c 4s]
2b84711c: checks
23ec674b: checks
Hero: checks
*** TURN *** [6s 7c 4s] [9c]
2b84711c: checks
23ec674b: bets $20
Hero: folds
2b84711c: calls $20
*** RIVER *** [6s 7c 4s 9c] [6h]
2b84711c: checks
23ec674b: bets $110
2b84711c: folds
Uncalled bet ($110) returned to 23ec674b
*** SHOWDOWN ***
23ec674b collected $60 from pot
*** SUMMARY ***
Total pot $60
Board [6s 7c 4s 9c 6h]
Seat 4: bcde9310 folded before Flop (didn't bet)
Seat 1: 23ec674bwon ($60) with Pair of Sixes
Seat 6: 2b84711c(small blind) folded on the River
Seat 7: 593d4144(big blind) folded before Flop
Seat 5: ea763312 folded before Flop (didn't bet)
Seat 2: b2df9a40 folded before Flop (didn't bet)
Seat 3: Hero folded on the Turn



Poker Hand #ring_826252900: NLH No Limit ($1/$2) - 2025/04/16 14:33:37
Table 'MR NLH 1/2' 7-max Seat #4 is the button
Seat 4: bcde9310 ($230.58 in chips)
Seat 1: 23ec674b ($456.55 in chips)
Seat 6: 2b84711c ($420.79 in chips)
Seat 7: 593d4144 ($257.08 in chips)
Seat 5: ea763312 ($152.34 in chips)
Seat 2: b2df9a40 ($417.48 in chips)
Seat 3: Hero ($217.62 in chips)
ea763312: posts small blind $1
2b84711c: posts big blind $2
*** HOLE CARDS ***
Dealt to bcde9310 
Dealt to 23ec674b 
Dealt to 2b84711c 
Dealt to 593d4144 
Dealt to ea763312 
Dealt to b2df9a40 
Dealt to Hero [7s 3h]
593d4144: folds
23ec674b: folds
b2df9a40: folds
Hero: folds
bcde9310: folds
ea763312: raises $4 to $6
2b84711c: folds
Uncalled bet ($4) returned to ea763312
*** SHOWDOWN ***
ea763312 collected $4 from pot
*** SUMMARY ***
Total pot $4
Seat 4: bcde9310 folded before Flop (didn't bet)
Seat 1: 23ec674b folded before Flop (didn't bet)
Seat 6: 2b84711c(big blind) folded before Flop
Seat 7: 593d4144 folded before Flop (didn't bet)
Seat 5: ea763312(small blind)won ($4)
Seat 2: b2df9a40 folded before Flop (didn't bet)
Seat 3: Hero folded before Flop (didn't bet)



Poker Hand #ring_826252522: NLH No Limit ($1/$2) - 2025/04/16 14:33:11
Table 'MR NLH 1/2' 7-max Seat #3 is the button
Seat 4: bcde9310 ($231.58 in chips)
Seat 1: 23ec674b ($456.55 in chips)
Seat 6: 2b84711c ($420.79 in chips)
Seat 7: 593d4144 ($257.08 in chips)
Seat 5: ea763312 ($151.34 in chips)
Seat 2: b2df9a40 ($417.48 in chips)
Seat 3: Hero ($217.62 in chips)
bcde9310: posts small blind $1
ea763312: posts big blind $2
*** HOLE CARDS ***
Dealt to bcde9310 
Dealt to 23ec674b 
Dealt to 2b84711c 
Dealt to 593d4144 
Dealt to ea763312 
Dealt to b2df9a40 
Dealt to Hero [5d Qs]
2b84711c: folds
593d4144: folds
23ec674b: folds
b2df9a40: folds
Hero: folds
bcde9310: folds
*** SHOWDOWN ***
ea763312 collected $3 from pot
*** SUMMARY ***
Total pot $3
Seat 4: bcde9310(small blind) folded before Flop
Seat 1: 23ec674b folded before Flop (didn't bet)
Seat 6: 2b84711c folded before Flop (didn't bet)
Seat 7: 593d4144 folded before Flop (didn't bet)
Seat 5: ea763312(big blind)won ($3)
Seat 2: b2df9a40 folded before Flop (didn't bet)
Seat 3: Hero folded before Flop (didn't bet)



Poker Hand #ring_826252165: NLH No Limit ($1/$2) - 2025/04/16 14:32:47
Table 'MR NLH 1/2' 7-max Seat #2 is the button
Seat 4: bcde9310 ($233.58 in chips)
Seat 1: 23ec674b ($456.55 in chips)
Seat 6: 2b84711c ($420.79 in chips)
Seat 7: 593d4144 ($257.08 in chips)
Seat 5: ea763312 ($151.34 in chips)
Seat 2: b2df9a40 ($414.48 in chips)
Seat 3: Hero ($218.62 in chips)
Hero: posts small blind $1
bcde9310: posts big blind $2
*** HOLE CARDS ***
Dealt to bcde9310 
Dealt to 23ec674b 
Dealt to 2b84711c 
Dealt to 593d4144 
Dealt to ea763312 
Dealt to b2df9a40 
Dealt to Hero [6c Th]
ea763312: folds
2b84711c: folds
593d4144: folds
23ec674b: folds
b2df9a40: raises $4 to $6
Hero: folds
bcde9310: folds
Uncalled bet ($4) returned to b2df9a40
*** SHOWDOWN ***
b2df9a40 collected $5 from pot
*** SUMMARY ***
Total pot $5
Seat 4: bcde9310(big blind) folded before Flop
Seat 1: 23ec674b folded before Flop (didn't bet)
Seat 6: 2b84711c folded before Flop (didn't bet)
Seat 7: 593d4144 folded before Flop (didn't bet)
Seat 5: ea763312 folded before Flop (didn't bet)
Seat 2: b2df9a40won ($5)
Seat 3: Hero(small blind) folded before Flop



Poker Hand #ring_826250858: NLH No Limit ($1/$2) - 2025/04/16 14:31:16
Table 'MR NLH 1/2' 7-max Seat #1 is the button
Seat 4: bcde9310 ($233.58 in chips)
Seat 1: 23ec674b ($486.55 in chips)
Seat 6: 2b84711c ($420.79 in chips)
Seat 7: 593d4144 ($227.41 in chips)
Seat 5: ea763312 ($151.34 in chips)
Seat 2: b2df9a40 ($415.48 in chips)
Seat 3: Hero ($220.62 in chips)
b2df9a40: posts small blind $1
Hero: posts big blind $2
*** HOLE CARDS ***
Dealt to bcde9310 
Dealt to 23ec674b 
Dealt to 2b84711c 
Dealt to 593d4144 
Dealt to ea763312 
Dealt to b2df9a40 
Dealt to Hero [Js 7h]
bcde9310: folds
ea763312: folds
2b84711c: folds
593d4144: raises $4 to $6
23ec674b: calls $6
b2df9a40: folds
Hero: folds
*** FLOP *** [Ks 9s Jc]
593d4144: checks
23ec674b: checks
*** TURN *** [Ks 9s Jc] [7s]
593d4144: bets $24
23ec674b: calls $24
*** RIVER *** [Ks 9s Jc 7s] [9h]
593d4144: bets $110
23ec674b: folds
Uncalled bet ($110) returned to 593d4144
23ec674b: shows [8d Td]
*** SHOWDOWN ***
593d4144 collected $63 from pot
*** SUMMARY ***
Total pot $63
Board [Ks 9s Jc 7s 9h]
Seat 4: bcde9310 folded before Flop (didn't bet)
Seat 1: 23ec674b folded on the River
Seat 6: 2b84711c folded before Flop (didn't bet)
Seat 7: 593d4144won ($63) with Jacks Full over Nines
Seat 5: ea763312 folded before Flop (didn't bet)
Seat 2: b2df9a40(small blind) folded before Flop
Seat 3: Hero(big blind) folded before Flop



Poker Hand #ring_826249964: NLH No Limit ($1/$2) - 2025/04/16 14:30:11
Table 'MR NLH 1/2' 7-max Seat #7 is the button
Seat 4: bcde9310 ($233.58 in chips)
Seat 1: 23ec674b ($512.55 in chips)
Seat 6: 2b84711c ($420.79 in chips)
Seat 7: 593d4144 ($227.41 in chips)
Seat 5: ea763312 ($151.34 in chips)
Seat 2: b2df9a40 ($417.48 in chips)
Seat 3: Hero ($195.55 in chips)
23ec674b: posts small blind $1
b2df9a40: posts big blind $2
*** HOLE CARDS ***
Dealt to bcde9310 
Dealt to 23ec674b 
Dealt to 2b84711c 
Dealt to 593d4144 
Dealt to ea763312 
Dealt to b2df9a40 
Dealt to Hero [Ac Js]
Hero: raises $3 to $5
bcde9310: folds
ea763312: folds
2b84711c: folds
593d4144: folds
23ec674b: calls $4
b2df9a40: folds
*** FLOP *** [Ts Qh 6d]
23ec674b: checks
Hero: checks
*** TURN *** [Ts Qh 6d] [4d]
23ec674b: bets $6
Hero: raises $15 to $21
23ec674b: calls $15
*** RIVER *** [Ts Qh 6d 4d] [Ks]
23ec674b: checks
Hero: bets $30
23ec674b: folds
Uncalled bet ($30) returned to Hero
*** SHOWDOWN ***
Hero collected $54 from pot
*** SUMMARY ***
Total pot $54
Board [Ts Qh 6d 4d Ks]
Seat 4: bcde9310 folded before Flop (didn't bet)
Seat 1: 23ec674b(small blind) folded on the River
Seat 6: 2b84711c folded before Flop (didn't bet)
Seat 7: 593d4144 folded before Flop (didn't bet)
Seat 5: ea763312 folded before Flop (didn't bet)
Seat 2: b2df9a40(big blind) folded before Flop
Seat 3: Herowon ($54) with Aces-High Straight



Poker Hand #ring_826249610: NLH No Limit ($1/$2) - 2025/04/16 14:29:48
Table 'MR NLH 1/2' 7-max Seat #6 is the button
Seat 4: bcde9310 ($233.58 in chips)
Seat 1: 23ec674b ($511.55 in chips)
Seat 6: 2b84711c ($420.79 in chips)
Seat 7: 593d4144 ($228.41 in chips)
Seat 5: ea763312 ($151.34 in chips)
Seat 2: b2df9a40 ($417.48 in chips)
Seat 3: Hero ($195.55 in chips)
593d4144: posts small blind $1
23ec674b: posts big blind $2
*** HOLE CARDS ***
Dealt to bcde9310 
Dealt to 23ec674b 
Dealt to 2b84711c 
Dealt to 593d4144 
Dealt to ea763312 
Dealt to b2df9a40 
Dealt to Hero [5d 4c]
b2df9a40: folds
Hero: folds
bcde9310: folds
ea763312: folds
2b84711c: folds
593d4144: folds
*** SHOWDOWN ***
23ec674b collected $3 from pot
*** SUMMARY ***
Total pot $3
Seat 4: bcde9310 folded before Flop (didn't bet)
Seat 1: 23ec674b(big blind)won ($3)
Seat 6: 2b84711c folded before Flop (didn't bet)
Seat 7: 593d4144(small blind) folded before Flop
Seat 5: ea763312 folded before Flop (didn't bet)
Seat 2: b2df9a40 folded before Flop (didn't bet)
Seat 3: Hero folded before Flop (didn't bet)



Poker Hand #ring_826249297: NLH No Limit ($1/$2) - 2025/04/16 14:29:28
Table 'MR NLH 1/2' 7-max Seat #5 is the button
Seat 4: bcde9310 ($233.58 in chips)
Seat 1: 23ec674b ($511.55 in chips)
Seat 6: 2b84711c ($421.79 in chips)
Seat 7: 593d4144 ($227.41 in chips)
Seat 5: ea763312 ($151.34 in chips)
Seat 2: b2df9a40 ($417.48 in chips)
Seat 3: Hero ($195.55 in chips)
2b84711c: posts small blind $1
593d4144: posts big blind $2
*** HOLE CARDS ***
Dealt to bcde9310 
Dealt to 23ec674b 
Dealt to 2b84711c 
Dealt to 593d4144 
Dealt to ea763312 
Dealt to b2df9a40 
Dealt to Hero [2d 7h]
23ec674b: folds
b2df9a40: folds
Hero: folds
bcde9310: folds
ea763312: folds
2b84711c: folds
*** SHOWDOWN ***
593d4144 collected $3 from pot
*** SUMMARY ***
Total pot $3
Seat 4: bcde9310 folded before Flop (didn't bet)
Seat 1: 23ec674b folded before Flop (didn't bet)
Seat 6: 2b84711c(small blind) folded before Flop
Seat 7: 593d4144(big blind)won ($3)
Seat 5: ea763312 folded before Flop (didn't bet)
Seat 2: b2df9a40 folded before Flop (didn't bet)
Seat 3: Hero folded before Flop (didn't bet)



Poker Hand #ring_826247695: NLH No Limit ($1/$2) - 2025/04/16 14:27:33
Table 'MR NLH 1/2' 7-max Seat #4 is the button
Seat 4: bcde9310 ($192 in chips)
Seat 1: 23ec674b ($511.55 in chips)
Seat 6: 2b84711c ($441.79 in chips)
Seat 7: 593d4144 ($227.41 in chips)
Seat 5: ea763312 ($156.34 in chips)
Seat 2: b2df9a40 ($417.48 in chips)
Seat 3: Hero ($115.55 in chips)
ea763312: posts small blind $1
2b84711c: posts big blind $2
*** HOLE CARDS ***
Dealt to bcde9310 
Dealt to 23ec674b 
Dealt to 2b84711c 
Dealt to 593d4144 
Dealt to ea763312 
Dealt to b2df9a40 
Dealt to Hero [3h Ah]
593d4144: folds
23ec674b: folds
b2df9a40: folds
Hero: raises $3 to $5
bcde9310: calls $5
ea763312: calls $4
2b84711c: calls $3
*** FLOP *** [6d 4h 3c]
ea763312: checks
2b84711c: checks
Hero: checks
bcde9310: bets $15
ea763312: folds
2b84711c: calls $15
Hero: calls $15
*** TURN *** [6d 4h 3c] [Qs]
2b84711c: checks
Hero: checks
bcde9310: checks
*** RIVER *** [6d 4h 3c Qs] [4c]
2b84711c: checks
Hero: checks
bcde9310: checks
Hero: shows [3h Ah]
bcde9310: shows [9d 9h]
2b84711c: shows [5c Ac]
*** SHOWDOWN ***
bcde9310 collected $65 from pot
*** SUMMARY ***
Total pot $65
Board [6d 4h 3c Qs 4c]
Seat 4: bcde9310 showed [9d 9h] and won ($65) with Pair of Nines and Pair of Fours
Seat 1: 23ec674b folded before Flop (didn't bet)
Seat 6: 2b84711c(big blind) showed [5c Ac] and lost with Pair of Fours
Seat 7: 593d4144 folded before Flop (didn't bet)
Seat 5: ea763312(small blind) folded on the Flop
Seat 2: b2df9a40 folded before Flop (didn't bet)
Seat 3: Hero showed [3h Ah] and lost with Pair of Fours and Pair of Treys



Poker Hand #ring_826247156: NLH No Limit ($1/$2) - 2025/04/16 14:26:57
Table 'MR NLH 1/2' 7-max Seat #3 is the button
Seat 4: bcde9310 ($193 in chips)
Seat 1: 23ec674b ($502.55 in chips)
Seat 6: 2b84711c ($441.79 in chips)
Seat 7: 593d4144 ($233.41 in chips)
Seat 5: ea763312 ($158.34 in chips)
Seat 2: b2df9a40 ($417.48 in chips)
Seat 3: Hero ($115.55 in chips)
bcde9310: posts small blind $1
ea763312: posts big blind $2
*** HOLE CARDS ***
Dealt to bcde9310 
Dealt to 23ec674b 
Dealt to 2b84711c 
Dealt to 593d4144 
Dealt to ea763312 
Dealt to b2df9a40 
Dealt to Hero [7h Jd]
2b84711c: folds
593d4144: raises $4 to $6
23ec674b: raises $15 to $21
b2df9a40: folds
Hero: folds
bcde9310: folds
ea763312: folds
593d4144: folds
Uncalled bet ($15) returned to 23ec674b
*** SHOWDOWN ***
23ec674b collected $15 from pot
*** SUMMARY ***
Total pot $15
Seat 4: bcde9310(small blind) folded before Flop
Seat 1: 23ec674bwon ($15)
Seat 6: 2b84711c folded before Flop (didn't bet)
Seat 7: 593d4144 folded before Flop
Seat 5: ea763312(big blind) folded before Flop
Seat 2: b2df9a40 folded before Flop (didn't bet)
Seat 3: Hero folded before Flop (didn't bet)



Poker Hand #ring_826245949: NLH No Limit ($1/$2) - 2025/04/16 14:25:35
Table 'MR NLH 1/2' 7-max Seat #2 is the button
Seat 4: bcde9310 ($195 in chips)
Seat 1: 23ec674b ($470.32 in chips)
Seat 6: 2b84711c ($441.79 in chips)
Seat 7: 593d4144 ($233.41 in chips)
Seat 5: ea763312 ($158.34 in chips)
Seat 2: b2df9a40 ($417.48 in chips)
Seat 3: Hero ($149.41 in chips)
Hero: posts small blind $1
bcde9310: posts big blind $2
*** HOLE CARDS ***
Dealt to bcde9310 
Dealt to 23ec674b 
Dealt to 2b84711c 
Dealt to 593d4144 
Dealt to ea763312 
Dealt to b2df9a40 
Dealt to Hero [Ah 6h]
ea763312: folds
2b84711c: folds
593d4144: folds
23ec674b: raises $4 to $6
b2df9a40: folds
Hero: calls $5
bcde9310: folds
*** FLOP *** [5d Qh 5s]
Hero: checks
23ec674b: bets $4.62
Hero: calls $4.62
*** TURN *** [5d Qh 5s] [9h]
Hero: checks
23ec674b: checks
*** RIVER *** [5d Qh 5s 9h] [Qd]
Hero: checks
23ec674b: bets $23.24
Hero: calls $23.24
23ec674b: shows [Qs 8s]
Hero: shows [Ah 6h]
*** SHOWDOWN ***
23ec674b collected $69.72 from pot
*** SUMMARY ***
Total pot $69.72
Board [5d Qh 5s 9h Qd]
Seat 4: bcde9310(big blind) folded before Flop
Seat 1: 23ec674b showed [Qs 8s] and won ($69.72) with Queens Full over Fives
Seat 6: 2b84711c folded before Flop (didn't bet)
Seat 7: 593d4144 folded before Flop (didn't bet)
Seat 5: ea763312 folded before Flop (didn't bet)
Seat 2: b2df9a40 folded before Flop (didn't bet)
Seat 3: Hero(small blind) showed [Ah 6h] and lost with Pair of Queens and Pair of Fives



Poker Hand #ring_826245479: NLH No Limit ($1/$2) - 2025/04/16 14:25:05
Table 'MR NLH 1/2' 7-max Seat #1 is the button
Seat 4: bcde9310 ($195 in chips)
Seat 1: 23ec674b ($470.32 in chips)
Seat 6: 2b84711c ($438.79 in chips)
Seat 7: 593d4144 ($233.41 in chips)
Seat 5: ea763312 ($158.34 in chips)
Seat 2: b2df9a40 ($418.48 in chips)
Seat 3: Hero ($151.41 in chips)
b2df9a40: posts small blind $1
Hero: posts big blind $2
*** HOLE CARDS ***
Dealt to bcde9310 
Dealt to 23ec674b 
Dealt to 2b84711c 
Dealt to 593d4144 
Dealt to ea763312 
Dealt to b2df9a40 
Dealt to Hero [2h 8s]
bcde9310: folds
ea763312: folds
2b84711c: raises $4 to $6
593d4144: folds
23ec674b: folds
b2df9a40: folds
Hero: folds
Uncalled bet ($4) returned to 2b84711c
*** SHOWDOWN ***
2b84711c collected $5 from pot
*** SUMMARY ***
Total pot $5
Seat 4: bcde9310 folded before Flop (didn't bet)
Seat 1: 23ec674b folded before Flop (didn't bet)
Seat 6: 2b84711cwon ($5)
Seat 7: 593d4144 folded before Flop (didn't bet)
Seat 5: ea763312 folded before Flop (didn't bet)
Seat 2: b2df9a40(small blind) folded before Flop
Seat 3: Hero(big blind) folded before Flop



Poker Hand #ring_826244944: NLH No Limit ($1/$2) - 2025/04/16 14:24:27
Table 'MR NLH 1/2' 7-max Seat #7 is the button
Seat 4: bcde9310 ($195 in chips)
Seat 1: 23ec674b ($471.32 in chips)
Seat 6: 2b84711c ($438.79 in chips)
Seat 7: 593d4144 ($230.41 in chips)
Seat 5: ea763312 ($158.34 in chips)
Seat 2: b2df9a40 ($420.48 in chips)
Seat 3: Hero ($151.41 in chips)
23ec674b: posts small blind $1
b2df9a40: posts big blind $2
*** HOLE CARDS ***
Dealt to bcde9310 
Dealt to 23ec674b 
Dealt to 2b84711c 
Dealt to 593d4144 
Dealt to ea763312 
Dealt to b2df9a40 
Dealt to Hero [6c Ts]
Hero: folds
bcde9310: folds
ea763312: folds
2b84711c: folds
593d4144: raises $3 to $5
23ec674b: folds
b2df9a40: folds
Uncalled bet ($3) returned to 593d4144
*** SHOWDOWN ***
593d4144 collected $5 from pot
*** SUMMARY ***
Total pot $5
Seat 4: bcde9310 folded before Flop (didn't bet)
Seat 1: 23ec674b(small blind) folded before Flop
Seat 6: 2b84711c folded before Flop (didn't bet)
Seat 7: 593d4144won ($5)
Seat 5: ea763312 folded before Flop (didn't bet)
Seat 2: b2df9a40(big blind) folded before Flop
Seat 3: Hero folded before Flop (didn't bet)



Poker Hand #ring_826244336: NLH No Limit ($1/$2) - 2025/04/16 14:23:44
Table 'MR NLH 1/2' 7-max Seat #6 is the button
Seat 4: bcde9310 ($195 in chips)
Seat 1: 23ec674b ($553.98 in chips)
Seat 6: 2b84711c ($438.79 in chips)
Seat 7: 593d4144 ($231.41 in chips)
Seat 5: ea763312 ($82.66 in chips)
Seat 2: b2df9a40 ($420.48 in chips)
Seat 3: Hero ($151.41 in chips)
593d4144: posts small blind $1
23ec674b: posts big blind $2
*** HOLE CARDS ***
Dealt to bcde9310 
Dealt to 23ec674b 
Dealt to 2b84711c 
Dealt to 593d4144 
Dealt to ea763312 
Dealt to b2df9a40 
Dealt to Hero [9h 2c]
b2df9a40: folds
Hero: folds
bcde9310: folds
ea763312: raises $80.66 to $82.66 and is all-in
2b84711c: folds
593d4144: folds
23ec674b: calls $80.66
23ec674b: shows [Qd Ac]
ea763312: shows [8d 8s]
*** FLOP *** [2s Ts 3c]
*** TURN *** [2s Ts 3c] [Kc]
*** RIVER *** [2s Ts 3c Kc] [4h]
*** SHOWDOWN ***
ea763312 collected $166.32 from pot
*** SUMMARY ***
Total pot $166.32
Board [2s Ts 3c Kc 4h]
Seat 4: bcde9310 folded before Flop (didn't bet)
Seat 1: 23ec674b(big blind) showed [Qd Ac] and lost with Ace-High
Seat 6: 2b84711c folded before Flop (didn't bet)
Seat 7: 593d4144(small blind) folded before Flop
Seat 5: ea763312 showed [8d 8s] and won ($166.32) with Pair of Eights
Seat 2: b2df9a40 folded before Flop (didn't bet)
Seat 3: Hero folded before Flop (didn't bet)



Poker Hand #ring_826243800: NLH No Limit ($1/$2) - 2025/04/16 14:23:08
Table 'MR NLH 1/2' 7-max Seat #5 is the button
Seat 4: bcde9310 ($195 in chips)
Seat 1: 23ec674b ($553.98 in chips)
Seat 6: 2b84711c ($440.79 in chips)
Seat 7: 593d4144 ($229.59 in chips)
Seat 5: ea763312 ($82.66 in chips)
Seat 2: b2df9a40 ($420.48 in chips)
Seat 3: Hero ($151.41 in chips)
2b84711c: posts small blind $1
593d4144: posts big blind $2
*** HOLE CARDS ***
Dealt to bcde9310 
Dealt to 23ec674b 
Dealt to 2b84711c 
Dealt to 593d4144 
Dealt to ea763312 
Dealt to b2df9a40 
Dealt to Hero [5s Ks]
23ec674b: folds
b2df9a40: folds
Hero: folds
bcde9310: folds
ea763312: folds
2b84711c: calls $1
593d4144: checks
*** FLOP *** [4h 9s 5d]
2b84711c: checks
593d4144: bets $2.96
2b84711c: folds
Uncalled bet ($2.96) returned to 593d4144
*** SHOWDOWN ***
593d4144 collected $4 from pot
*** SUMMARY ***
Total pot $4
Board [4h 9s 5d]
Seat 4: bcde9310 folded before Flop (didn't bet)
Seat 1: 23ec674b folded before Flop (didn't bet)
Seat 6: 2b84711c(small blind) folded on the Flop
Seat 7: 593d4144(big blind)won ($4) with Pair of Fours
Seat 5: ea763312 folded before Flop (didn't bet)
Seat 2: b2df9a40 folded before Flop (didn't bet)
Seat 3: Hero folded before Flop (didn't bet)



Poker Hand #ring_826243396: NLH No Limit ($1/$2) - 2025/04/16 14:22:41
Table 'MR NLH 1/2' 7-max Seat #4 is the button
Seat 4: bcde9310 ($195 in chips)
Seat 1: 23ec674b ($553.98 in chips)
Seat 6: 2b84711c ($439.79 in chips)
Seat 7: 593d4144 ($229.59 in chips)
Seat 5: ea763312 ($83.66 in chips)
Seat 2: b2df9a40 ($420.48 in chips)
Seat 3: Hero ($151.41 in chips)
ea763312: posts small blind $1
2b84711c: posts big blind $2
*** HOLE CARDS ***
Dealt to bcde9310 
Dealt to 23ec674b 
Dealt to 2b84711c 
Dealt to 593d4144 
Dealt to ea763312 
Dealt to b2df9a40 
Dealt to Hero [Jh 9d]
593d4144: folds
23ec674b: folds
b2df9a40: folds
Hero: folds
bcde9310: folds
ea763312: folds
*** SHOWDOWN ***
2b84711c collected $3 from pot
*** SUMMARY ***
Total pot $3
Seat 4: bcde9310 folded before Flop (didn't bet)
Seat 1: 23ec674b folded before Flop (didn't bet)
Seat 6: 2b84711c(big blind)won ($3)
Seat 7: 593d4144 folded before Flop (didn't bet)
Seat 5: ea763312(small blind) folded before Flop
Seat 2: b2df9a40 folded before Flop (didn't bet)
Seat 3: Hero folded before Flop (didn't bet)



Poker Hand #ring_826242734: NLH No Limit ($1/$2) - 2025/04/16 14:21:55
Table 'MR NLH 1/2' 7-max Seat #3 is the button
Seat 4: bcde9310 ($196 in chips)
Seat 1: 23ec674b ($574.98 in chips)
Seat 6: 2b84711c ($439.79 in chips)
Seat 7: 593d4144 ($229.59 in chips)
Seat 5: ea763312 ($85.66 in chips)
Seat 2: b2df9a40 ($399 in chips)
Seat 3: Hero ($151.41 in chips)
bcde9310: posts small blind $1
ea763312: posts big blind $2
*** HOLE CARDS ***
Dealt to bcde9310 
Dealt to 23ec674b 
Dealt to 2b84711c 
Dealt to 593d4144 
Dealt to ea763312 
Dealt to b2df9a40 
Dealt to Hero [5c Th]
2b84711c: folds
593d4144: folds
23ec674b: raises $4 to $6
b2df9a40: raises $15 to $21
Hero: folds
bcde9310: folds
ea763312: folds
23ec674b: calls $15
*** FLOP *** [Kh 2d 8c]
23ec674b: checks
b2df9a40: bets $14.85
23ec674b: folds
Uncalled bet ($14.85) returned to b2df9a40
*** SHOWDOWN ***
b2df9a40 collected $45 from pot
*** SUMMARY ***
Total pot $45
Board [Kh 2d 8c]
Seat 4: bcde9310(small blind) folded before Flop
Seat 1: 23ec674b folded on the Flop
Seat 6: 2b84711c folded before Flop (didn't bet)
Seat 7: 593d4144 folded before Flop (didn't bet)
Seat 5: ea763312(big blind) folded before Flop
Seat 2: b2df9a40won ($45) with Ace-High
Seat 3: Hero folded before Flop (didn't bet)



Poker Hand #ring_826241875: NLH No Limit ($1/$2) - 2025/04/16 14:20:56
Table 'MR NLH 1/2' 7-max Seat #2 is the button
Seat 4: bcde9310 ($198 in chips)
Seat 1: 23ec674b ($566.65 in chips)
Seat 6: 2b84711c ($439.79 in chips)
Seat 7: 593d4144 ($235.59 in chips)
Seat 5: ea763312 ($85.66 in chips)
Seat 2: b2df9a40 ($399 in chips)
Seat 3: Hero ($152.41 in chips)
Hero: posts small blind $1
bcde9310: posts big blind $2
*** HOLE CARDS ***
Dealt to bcde9310 
Dealt to 23ec674b 
Dealt to 2b84711c 
Dealt to 593d4144 
Dealt to ea763312 
Dealt to b2df9a40 
Dealt to Hero [2s 3d]
ea763312: folds
2b84711c: folds
593d4144: raises $4 to $6
23ec674b: calls $6
b2df9a40: folds
Hero: folds
bcde9310: folds
*** FLOP *** [4c Td 8h]
593d4144: checks
23ec674b: checks
*** TURN *** [4c Td 8h] [5c]
593d4144: checks
23ec674b: bets $15
593d4144: folds
Uncalled bet ($15) returned to 23ec674b
*** SHOWDOWN ***
23ec674b collected $15 from pot
*** SUMMARY ***
Total pot $15
Board [4c Td 8h 5c]
Seat 4: bcde9310(big blind) folded before Flop
Seat 1: 23ec674bwon ($15) with Ace-High
Seat 6: 2b84711c folded before Flop (didn't bet)
Seat 7: 593d4144 folded on the Turn
Seat 5: ea763312 folded before Flop (didn't bet)
Seat 2: b2df9a40 folded before Flop (didn't bet)
Seat 3: Hero(small blind) folded before Flop



Poker Hand #ring_826241394: NLH No Limit ($1/$2) - 2025/04/16 14:20:22
Table 'MR NLH 1/2' 7-max Seat #1 is the button
Seat 4: bcde9310 ($198 in chips)
Seat 1: 23ec674b ($566.65 in chips)
Seat 6: 2b84711c ($439.79 in chips)
Seat 7: 593d4144 ($235.59 in chips)
Seat 5: ea763312 ($82.66 in chips)
Seat 2: b2df9a40 ($400 in chips)
Seat 3: Hero ($154.41 in chips)
b2df9a40: posts small blind $1
Hero: posts big blind $2
*** HOLE CARDS ***
Dealt to bcde9310 
Dealt to 23ec674b 
Dealt to 2b84711c 
Dealt to 593d4144 
Dealt to ea763312 
Dealt to b2df9a40 
Dealt to Hero [3h 4s]
bcde9310: folds
ea763312: raises $80.66 to $82.66 and is all-in
2b84711c: folds
593d4144: folds
23ec674b: folds
b2df9a40: folds
Hero: folds
Uncalled bet ($80.66) returned to ea763312
*** SHOWDOWN ***
ea763312 collected $5 from pot
*** SUMMARY ***
Total pot $5
Seat 4: bcde9310 folded before Flop (didn't bet)
Seat 1: 23ec674b folded before Flop (didn't bet)
Seat 6: 2b84711c folded before Flop (didn't bet)
Seat 7: 593d4144 folded before Flop (didn't bet)
Seat 5: ea763312won ($5)
Seat 2: b2df9a40(small blind) folded before Flop
Seat 3: Hero(big blind) folded before Flop



Poker Hand #ring_826241036: NLH No Limit ($1/$2) - 2025/04/16 14:19:57
Table 'MR NLH 1/2' 7-max Seat #7 is the button
Seat 4: bcde9310 ($198 in chips)
Seat 1: 23ec674b ($567.65 in chips)
Seat 6: 2b84711c ($439.79 in chips)
Seat 7: 593d4144 ($232.59 in chips)
Seat 5: ea763312 ($82.66 in chips)
Seat 2: b2df9a40 ($399 in chips)
Seat 3: Hero ($154.41 in chips)
23ec674b: posts small blind $1
b2df9a40: posts big blind $2
*** HOLE CARDS ***
Dealt to bcde9310 
Dealt to 23ec674b 
Dealt to 2b84711c 
Dealt to 593d4144 
Dealt to ea763312 
Dealt to b2df9a40 
Dealt to Hero [3c Tc]
Hero: folds
bcde9310: folds
ea763312: folds
2b84711c: folds
593d4144: raises $3 to $5
23ec674b: folds
b2df9a40: folds
Uncalled bet ($3) returned to 593d4144
*** SHOWDOWN ***
593d4144 collected $5 from pot
*** SUMMARY ***
Total pot $5
Seat 4: bcde9310 folded before Flop (didn't bet)
Seat 1: 23ec674b(small blind) folded before Flop
Seat 6: 2b84711c folded before Flop (didn't bet)
Seat 7: 593d4144won ($5)
Seat 5: ea763312 folded before Flop (didn't bet)
Seat 2: b2df9a40(big blind) folded before Flop
Seat 3: Hero folded before Flop (didn't bet)



Poker Hand #ring_826240684: NLH No Limit ($1/$2) - 2025/04/16 14:19:33
Table 'MR NLH 1/2' 7-max Seat #6 is the button
Seat 4: bcde9310 ($198 in chips)
Seat 1: 23ec674b ($569.65 in chips)
Seat 6: 2b84711c ($436.79 in chips)
Seat 7: 593d4144 ($233.59 in chips)
Seat 5: ea763312 ($82.66 in chips)
Seat 2: b2df9a40 ($399 in chips)
Seat 3: Hero ($154.41 in chips)
593d4144: posts small blind $1
23ec674b: posts big blind $2
*** HOLE CARDS ***
Dealt to bcde9310 
Dealt to 23ec674b 
Dealt to 2b84711c 
Dealt to 593d4144 
Dealt to ea763312 
Dealt to b2df9a40 
Dealt to Hero [Tc 6s]
b2df9a40: folds
Hero: folds
bcde9310: folds
ea763312: folds
2b84711c: raises $4 to $6
593d4144: folds
23ec674b: folds
Uncalled bet ($4) returned to 2b84711c
*** SHOWDOWN ***
2b84711c collected $5 from pot
*** SUMMARY ***
Total pot $5
Seat 4: bcde9310 folded before Flop (didn't bet)
Seat 1: 23ec674b(big blind) folded before Flop
Seat 6: 2b84711cwon ($5)
Seat 7: 593d4144(small blind) folded before Flop
Seat 5: ea763312 folded before Flop (didn't bet)
Seat 2: b2df9a40 folded before Flop (didn't bet)
Seat 3: Hero folded before Flop (didn't bet)



Poker Hand #ring_826239205: NLH No Limit ($1/$2) - 2025/04/16 14:17:50
Table 'MR NLH 1/2' 7-max Seat #5 is the button
Seat 4: bcde9310 ($200 in chips)
Seat 1: 23ec674b ($449.57 in chips)
Seat 6: 2b84711c ($444.79 in chips)
Seat 7: 593d4144 ($355.6 in chips)
Seat 5: ea763312 ($82.66 in chips)
Seat 2: b2df9a40 ($399 in chips)
Seat 3: Hero ($154.41 in chips)
2b84711c: posts small blind $1
593d4144: posts big blind $2
bcde9310: posts big blind $2
*** HOLE CARDS ***
Dealt to bcde9310 
Dealt to 23ec674b 
Dealt to 2b84711c 
Dealt to 593d4144 
Dealt to ea763312 
Dealt to b2df9a40 
Dealt to Hero [4c Qc]
23ec674b: raises $6 to $8
b2df9a40: folds
Hero: folds
bcde9310: folds
ea763312: folds
2b84711c: calls $7
593d4144: raises $32 to $40
23ec674b: calls $32
2b84711c: folds
*** FLOP *** [Qs 5s 2c]
593d4144: bets $30.6
23ec674b: calls $30.6
*** TURN *** [Qs 5s 2c] [7h]
593d4144: bets $51.41
23ec674b: calls $51.41
*** RIVER *** [Qs 5s 2c 7h] [Ts]
593d4144: checks
23ec674b: bets $254.02
593d4144: folds
Uncalled bet ($254.02) returned to 23ec674b
*** SHOWDOWN ***
23ec674b collected $254.02 from pot
*** SUMMARY ***
Total pot $254.02
Board [Qs 5s 2c 7h Ts]
Seat 4: bcde9310 folded before Flop
Seat 1: 23ec674bwon ($254.02) with Three Tens
Seat 6: 2b84711c(small blind) folded before Flop
Seat 7: 593d4144(big blind) folded on the River
Seat 5: ea763312 folded before Flop (didn't bet)
Seat 2: b2df9a40 folded before Flop (didn't bet)
Seat 3: Hero folded before Flop (didn't bet)



Poker Hand #ring_826238638: NLH No Limit ($1/$2) - 2025/04/16 14:17:12
Table 'MR NLH 1/2' 7-max Seat #3 is the button
Seat 1: 23ec674b ($455.57 in chips)
Seat 6: 2b84711c ($446.79 in chips)
Seat 7: 593d4144 ($355.6 in chips)
Seat 5: ea763312 ($74.66 in chips)
Seat 2: b2df9a40 ($399 in chips)
Seat 3: Hero ($154.41 in chips)
ea763312: posts small blind $1
2b84711c: posts big blind $2
*** HOLE CARDS ***
Dealt to 23ec674b 
Dealt to 2b84711c 
Dealt to 593d4144 
Dealt to ea763312 
Dealt to b2df9a40 
Dealt to Hero [Qh 7s]
593d4144: folds
23ec674b: raises $4 to $6
b2df9a40: folds
Hero: folds
ea763312: raises $68.66 to $74.66 and is all-in
2b84711c: folds
23ec674b: folds
Uncalled bet ($68.66) returned to ea763312
*** SHOWDOWN ***
ea763312 collected $14 from pot
*** SUMMARY ***
Total pot $14
Seat 1: 23ec674b folded before Flop
Seat 6: 2b84711c(big blind) folded before Flop
Seat 7: 593d4144 folded before Flop (didn't bet)
Seat 5: ea763312(small blind)won ($14)
Seat 2: b2df9a40 folded before Flop (didn't bet)
Seat 3: Hero folded before Flop (didn't bet)



Poker Hand #ring_826238007: NLH No Limit ($1/$2) - 2025/04/16 14:16:29
Table 'MR NLH 1/2' 7-max Seat #2 is the button
Seat 1: 23ec674b ($455.57 in chips)
Seat 6: 2b84711c ($446.79 in chips)
Seat 7: 593d4144 ($361.6 in chips)
Seat 5: ea763312 ($67.66 in chips)
Seat 2: b2df9a40 ($399 in chips)
Seat 3: Hero ($155.41 in chips)
Hero: posts small blind $1
ea763312: posts big blind $2
*** HOLE CARDS ***
Dealt to 23ec674b 
Dealt to 2b84711c 
Dealt to 593d4144 
Dealt to ea763312 
Dealt to b2df9a40 
Dealt to Hero [Kh 4h]
2b84711c: folds
593d4144: raises $4 to $6
23ec674b: folds
b2df9a40: folds
Hero: folds
ea763312: raises $61.66 to $67.66 and is all-in
593d4144: folds
Uncalled bet ($61.66) returned to ea763312
*** SHOWDOWN ***
ea763312 collected $13 from pot
*** SUMMARY ***
Total pot $13
Seat 1: 23ec674b folded before Flop (didn't bet)
Seat 6: 2b84711c folded before Flop (didn't bet)
Seat 7: 593d4144 folded before Flop
Seat 5: ea763312(big blind)won ($13)
Seat 2: b2df9a40 folded before Flop (didn't bet)
Seat 3: Hero(small blind) folded before Flop



Poker Hand #ring_826236458: NLH No Limit ($1/$2) - 2025/04/16 14:14:43
Table 'MR NLH 1/2' 7-max Seat #1 is the button
Seat 1: 23ec674b ($455.57 in chips)
Seat 6: 2b84711c ($446.79 in chips)
Seat 7: 593d4144 ($188.08 in chips)
Seat 5: ea763312 ($255.74 in chips)
Seat 2: b2df9a40 ($400 in chips)
Seat 3: Hero ($157.41 in chips)
b2df9a40: posts small blind $1
Hero: posts big blind $2
*** HOLE CARDS ***
Dealt to 23ec674b 
Dealt to 2b84711c 
Dealt to 593d4144 
Dealt to ea763312 
Dealt to b2df9a40 
Dealt to Hero [3c Ah]
ea763312: raises $3 to $5
2b84711c: folds
593d4144: raises $12 to $17
23ec674b: folds
b2df9a40: folds
Hero: folds
ea763312: calls $12
*** FLOP *** [7s 9d 2s]
ea763312: bets $12.21
593d4144: calls $12.21
*** TURN *** [7s 9d 2s] [6h]
ea763312: bets $33.32
593d4144: calls $33.32
*** RIVER *** [7s 9d 2s 6h] [Kc]
ea763312: bets $128.06
593d4144: calls $125.55 and is all-in
Uncalled bet ($2.51) returned to ea763312
ea763312: shows [Jd 8d]
593d4144: shows [8h Th]
*** SHOWDOWN ***
593d4144 collected $379.16 from pot
*** SUMMARY ***
Total pot $379.16
Board [7s 9d 2s 6h Kc]
Seat 1: 23ec674b folded before Flop (didn't bet)
Seat 6: 2b84711c folded before Flop (didn't bet)
Seat 7: 593d4144 showed [8h Th] and won ($379.16) with Tens-High Straight
Seat 5: ea763312 showed [Jd 8d] and lost with King-High
Seat 2: b2df9a40(small blind) folded before Flop
Seat 3: Hero(big blind) folded before Flop



Poker Hand #ring_826235345: NLH No Limit ($1/$2) - 2025/04/16 14:13:26
Table 'MR NLH 1/2' 7-max Seat #7 is the button
Seat 1: 23ec674b ($456.57 in chips)
Seat 6: 2b84711c ($421.94 in chips)
Seat 7: 593d4144 ($188.08 in chips)
Seat 5: ea763312 ($255.74 in chips)
Seat 2: b2df9a40 ($400 in chips)
Seat 3: Hero ($157.41 in chips)
23ec674b: posts small blind $1
b2df9a40: posts big blind $2
*** HOLE CARDS ***
Dealt to 23ec674b 
Dealt to 2b84711c 
Dealt to 593d4144 
Dealt to ea763312 
Dealt to b2df9a40 
Dealt to Hero [8d Th]
Hero: folds
ea763312: folds
2b84711c: raises $4 to $6
593d4144: folds
23ec674b: folds
b2df9a40: calls $4
*** FLOP *** [7h 7s 9h]
b2df9a40: checks
2b84711c: bets $6.5
b2df9a40: raises $14.3 to $20.8
2b84711c: calls $14.3
*** TURN *** [7h 7s 9h] [9d]
b2df9a40: checks
2b84711c: checks
*** RIVER *** [7h 7s 9h 9d] [Qd]
b2df9a40: checks
2b84711c: checks
b2df9a40: shows [8s Ts]
2b84711c: shows [8h Ah]
*** SHOWDOWN ***
2b84711c collected $54.6 from pot
*** SUMMARY ***
Total pot $54.6
Board [7h 7s 9h 9d Qd]
Seat 1: 23ec674b(small blind) folded before Flop
Seat 6: 2b84711c showed [8h Ah] and won ($54.6) with Pair of Nines and Pair of Sevens
Seat 7: 593d4144 folded before Flop (didn't bet)
Seat 5: ea763312 folded before Flop (didn't bet)
Seat 2: b2df9a40(big blind) showed [8s Ts] and lost with Pair of Nines and Pair of Sevens
Seat 3: Hero folded before Flop (didn't bet)



Poker Hand #ring_826234742: NLH No Limit ($1/$2) - 2025/04/16 14:12:44
Table 'MR NLH 1/2' 7-max Seat #6 is the button
Seat 1: 23ec674b ($458.57 in chips)
Seat 6: 2b84711c ($421.94 in chips)
Seat 7: 593d4144 ($186.08 in chips)
Seat 5: ea763312 ($255.74 in chips)
Seat 2: b2df9a40 ($400 in chips)
Seat 3: Hero ($157.41 in chips)
593d4144: posts small blind $1
23ec674b: posts big blind $2
*** HOLE CARDS ***
Dealt to 23ec674b 
Dealt to 2b84711c 
Dealt to 593d4144 
Dealt to ea763312 
Dealt to b2df9a40 
Dealt to Hero [3c 6c]
b2df9a40: folds
Hero: folds
ea763312: folds
2b84711c: folds
593d4144: raises $6 to $8
23ec674b: folds
Uncalled bet ($6) returned to 593d4144
*** SHOWDOWN ***
593d4144 collected $4 from pot
*** SUMMARY ***
Total pot $4
Seat 1: 23ec674b(big blind) folded before Flop
Seat 6: 2b84711c folded before Flop (didn't bet)
Seat 7: 593d4144(small blind)won ($4)
Seat 5: ea763312 folded before Flop (didn't bet)
Seat 2: b2df9a40 folded before Flop (didn't bet)
Seat 3: Hero folded before Flop (didn't bet)



Poker Hand #ring_826233870: NLH No Limit ($1/$2) - 2025/04/16 14:11:43
Table 'MR NLH 1/2' 7-max Seat #5 is the button
Seat 1: 23ec674b ($458.57 in chips)
Seat 6: 2b84711c ($407.65 in chips)
Seat 7: 593d4144 ($197.08 in chips)
Seat 5: ea763312 ($260.74 in chips)
Seat 2: b2df9a40 ($400 in chips)
Seat 3: Hero ($157.41 in chips)
2b84711c: posts small blind $1
593d4144: posts big blind $2
*** HOLE CARDS ***
Dealt to 23ec674b 
Dealt to 2b84711c 
Dealt to 593d4144 
Dealt to ea763312 
Dealt to b2df9a40 
Dealt to Hero [5h 3c]
23ec674b: folds
b2df9a40: folds
Hero: folds
ea763312: raises $3 to $5
2b84711c: raises $6 to $11
593d4144: calls $9
ea763312: folds
*** FLOP *** [Jc Qh 2s]
2b84711c: bets $13.5
593d4144: folds
Uncalled bet ($13.5) returned to 2b84711c
*** SHOWDOWN ***
2b84711c collected $27 from pot
*** SUMMARY ***
Total pot $27
Board [Jc Qh 2s]
Seat 1: 23ec674b folded before Flop (didn't bet)
Seat 6: 2b84711c(small blind)won ($27) with Queen-High
Seat 7: 593d4144(big blind) folded on the Flop
Seat 5: ea763312 folded before Flop
Seat 2: b2df9a40 folded before Flop (didn't bet)
Seat 3: Hero folded before Flop (didn't bet)



Poker Hand #ring_826233424: NLH No Limit ($1/$2) - 2025/04/16 14:11:12
Table 'MR NLH 1/2' 7-max Seat #3 is the button
Seat 1: 23ec674b ($452.15 in chips)
Seat 6: 2b84711c ($413.65 in chips)
Seat 7: 593d4144 ($197.08 in chips)
Seat 5: ea763312 ($261.74 in chips)
Seat 2: b2df9a40 ($400 in chips)
Seat 3: Hero ($157.41 in chips)
ea763312: posts small blind $1
2b84711c: posts big blind $2
*** HOLE CARDS ***
Dealt to 23ec674b 
Dealt to 2b84711c 
Dealt to 593d4144 
Dealt to ea763312 
Dealt to b2df9a40 
Dealt to Hero [2s Td]
593d4144: folds
23ec674b: raises $4 to $6
b2df9a40: folds
Hero: folds
ea763312: folds
2b84711c: calls $4
*** FLOP *** [Qh 2h 6c]
2b84711c: checks
23ec674b: bets $6.5
2b84711c: folds
Uncalled bet ($6.5) returned to 23ec674b
*** SHOWDOWN ***
23ec674b collected $13 from pot
*** SUMMARY ***
Total pot $13
Board [Qh 2h 6c]
Seat 1: 23ec674bwon ($13) with Pair of Queens
Seat 6: 2b84711c(big blind) folded on the Flop
Seat 7: 593d4144 folded before Flop (didn't bet)
Seat 5: ea763312(small blind) folded before Flop
Seat 2: b2df9a40 folded before Flop (didn't bet)
Seat 3: Hero folded before Flop (didn't bet)



Poker Hand #ring_826233089: NLH No Limit ($1/$2) - 2025/04/16 14:10:49
Table 'MR NLH 1/2' 7-max Seat #2 is the button
Seat 1: 23ec674b ($449.15 in chips)
Seat 6: 2b84711c ($413.65 in chips)
Seat 7: 593d4144 ($197.08 in chips)
Seat 5: ea763312 ($263.74 in chips)
Seat 2: b2df9a40 ($400 in chips)
Seat 3: Hero ($158.41 in chips)
Hero: posts small blind $1
ea763312: posts big blind $2
*** HOLE CARDS ***
Dealt to 23ec674b 
Dealt to 2b84711c 
Dealt to 593d4144 
Dealt to ea763312 
Dealt to b2df9a40 
Dealt to Hero [2c Qh]
2b84711c: folds
593d4144: folds
23ec674b: raises $4 to $6
b2df9a40: folds
Hero: folds
ea763312: folds
Uncalled bet ($4) returned to 23ec674b
*** SHOWDOWN ***
23ec674b collected $5 from pot
*** SUMMARY ***
Total pot $5
Seat 1: 23ec674bwon ($5)
Seat 6: 2b84711c folded before Flop (didn't bet)
Seat 7: 593d4144 folded before Flop (didn't bet)
Seat 5: ea763312(big blind) folded before Flop
Seat 2: b2df9a40 folded before Flop (didn't bet)
Seat 3: Hero(small blind) folded before Flop



Poker Hand #ring_826232754: NLH No Limit ($1/$2) - 2025/04/16 14:10:25
Table 'MR NLH 1/2' 7-max Seat #1 is the button
Seat 1: 23ec674b ($449.15 in chips)
Seat 6: 2b84711c ($413.65 in chips)
Seat 7: 593d4144 ($197.08 in chips)
Seat 5: ea763312 ($263.74 in chips)
Seat 2: b2df9a40 ($401 in chips)
Seat 3: Hero ($157.41 in chips)
b2df9a40: posts small blind $1
Hero: posts big blind $2
*** HOLE CARDS ***
Dealt to 23ec674b 
Dealt to 2b84711c 
Dealt to 593d4144 
Dealt to ea763312 
Dealt to b2df9a40 
Dealt to Hero [2s 2h]
ea763312: folds
2b84711c: folds
593d4144: folds
23ec674b: folds
b2df9a40: folds
*** SHOWDOWN ***
Hero collected $3 from pot
*** SUMMARY ***
Total pot $3
Seat 1: 23ec674b folded before Flop (didn't bet)
Seat 6: 2b84711c folded before Flop (didn't bet)
Seat 7: 593d4144 folded before Flop (didn't bet)
Seat 5: ea763312 folded before Flop (didn't bet)
Seat 2: b2df9a40(small blind) folded before Flop
Seat 3: Hero(big blind)won ($3)



Poker Hand #ring_826232233: NLH No Limit ($1/$2) - 2025/04/16 14:09:47
Table 'MR NLH 1/2' 7-max Seat #7 is the button
Seat 1: 23ec674b ($451.15 in chips)
Seat 6: 2b84711c ($413.65 in chips)
Seat 7: 593d4144 ($197.08 in chips)
Seat 5: ea763312 ($263.74 in chips)
Seat 2: b2df9a40 ($399 in chips)
Seat 3: Hero ($157.41 in chips)
23ec674b: posts small blind $1
b2df9a40: posts big blind $2
*** HOLE CARDS ***
Dealt to 23ec674b 
Dealt to 2b84711c 
Dealt to 593d4144 
Dealt to ea763312 
Dealt to b2df9a40 
Dealt to Hero [Qs 3d]
Hero: folds
ea763312: folds
2b84711c: folds
593d4144: folds
23ec674b: calls $1
b2df9a40: raises $4 to $6
23ec674b: folds
Uncalled bet ($4) returned to b2df9a40
*** SHOWDOWN ***
b2df9a40 collected $4 from pot
*** SUMMARY ***
Total pot $4
Seat 1: 23ec674b(small blind) folded before Flop
Seat 6: 2b84711c folded before Flop (didn't bet)
Seat 7: 593d4144 folded before Flop (didn't bet)
Seat 5: ea763312 folded before Flop (didn't bet)
Seat 2: b2df9a40(big blind)won ($4)
Seat 3: Hero folded before Flop (didn't bet)



Poker Hand #ring_826231534: NLH No Limit ($1/$2) - 2025/04/16 14:08:59
Table 'MR NLH 1/2' 7-max Seat #6 is the button
Seat 1: 23ec674b ($453.15 in chips)
Seat 6: 2b84711c ($394.95 in chips)
Seat 7: 593d4144 ($216.08 in chips)
Seat 5: ea763312 ($263.74 in chips)
Seat 2: b2df9a40 ($399 in chips)
Seat 3: Hero ($157.41 in chips)
593d4144: posts small blind $1
23ec674b: posts big blind $2
*** HOLE CARDS ***
Dealt to 23ec674b 
Dealt to 2b84711c 
Dealt to 593d4144 
Dealt to ea763312 
Dealt to b2df9a40 
Dealt to Hero [Kc Ts]
b2df9a40: folds
Hero: folds
ea763312: folds
2b84711c: raises $5 to $7
593d4144: calls $6
23ec674b: folds
*** FLOP *** [7d Qs 3c]
593d4144: checks
2b84711c: bets $12
593d4144: calls $12
*** TURN *** [7d Qs 3c] [5d]
593d4144: checks
2b84711c: bets $40
593d4144: folds
Uncalled bet ($40) returned to 2b84711c
*** SHOWDOWN ***
2b84711c collected $40 from pot
*** SUMMARY ***
Total pot $40
Board [7d Qs 3c 5d]
Seat 1: 23ec674b(big blind) folded before Flop
Seat 6: 2b84711cwon ($40) with Pair of Queens
Seat 7: 593d4144(small blind) folded on the Turn
Seat 5: ea763312 folded before Flop (didn't bet)
Seat 2: b2df9a40 folded before Flop (didn't bet)
Seat 3: Hero folded before Flop (didn't bet)



Poker Hand #ring_826230932: NLH No Limit ($1/$2) - 2025/04/16 14:08:15
Table 'MR NLH 1/2' 7-max Seat #5 is the button
Seat 1: 23ec674b ($453.15 in chips)
Seat 6: 2b84711c ($361.67 in chips)
Seat 7: 593d4144 ($218.08 in chips)
Seat 5: ea763312 ($263.74 in chips)
Seat 2: b2df9a40 ($399 in chips)
Seat 4: d83e9b1e ($35.02 in chips)
Seat 3: Hero ($157.41 in chips)
2b84711c: posts small blind $1
593d4144: posts big blind $2
*** HOLE CARDS ***
Dealt to 23ec674b 
Dealt to 2b84711c 
Dealt to 593d4144 
Dealt to ea763312 
Dealt to b2df9a40 
Dealt to d83e9b1e 
Dealt to Hero [9h Kd]
23ec674b: folds
b2df9a40: folds
Hero: folds
d83e9b1e: raises $4 to $6
ea763312: folds
2b84711c: calls $5
593d4144: folds
*** FLOP *** [7s 4c 8d]
2b84711c: checks
d83e9b1e: bets $29.02 and is all-in
2b84711c: calls $29.02
d83e9b1e: shows [Tc 8h] (Pair of Eights)
2b84711c: shows [Jd Td] (Jack-High)
*** TURN *** [7s 4c 8d] [Jh]
*** RIVER *** [7s 4c 8d Jh] [Js]
*** SHOWDOWN ***
2b84711c collected $72.04 from pot
*** SUMMARY ***
Total pot $72.04
Board [7s 4c 8d Jh Js]
Seat 1: 23ec674b folded before Flop (didn't bet)
Seat 6: 2b84711c(small blind) showed [Jd Td] and won ($72.04) with Three Jacks
Seat 7: 593d4144(big blind) folded before Flop
Seat 5: ea763312 folded before Flop (didn't bet)
Seat 2: b2df9a40 folded before Flop (didn't bet)
Seat 4: d83e9b1e showed [Tc 8h] and lost with Pair of Jacks and Pair of Eights
Seat 3: Hero folded before Flop (didn't bet)



Poker Hand #ring_826230341: NLH No Limit ($1/$2) - 2025/04/16 14:07:34
Table 'MR NLH 1/2' 7-max Seat #4 is the button
Seat 1: 23ec674b ($453.15 in chips)
Seat 6: 2b84711c ($367.67 in chips)
Seat 7: 593d4144 ($193.64 in chips)
Seat 5: ea763312 ($264.74 in chips)
Seat 2: b2df9a40 ($399 in chips)
Seat 4: d83e9b1e ($55.08 in chips)
Seat 3: Hero ($157.41 in chips)
ea763312: posts small blind $1
2b84711c: posts big blind $2
*** HOLE CARDS ***
Dealt to 23ec674b 
Dealt to 2b84711c 
Dealt to 593d4144 
Dealt to ea763312 
Dealt to b2df9a40 
Dealt to d83e9b1e 
Dealt to Hero [5c Jh]
593d4144: raises $4 to $6
23ec674b: folds
b2df9a40: folds
Hero: folds
d83e9b1e: calls $6
ea763312: folds
2b84711c: calls $4
*** FLOP *** [9d 3c 5d]
2b84711c: checks
593d4144: bets $14.06
d83e9b1e: calls $14.06
2b84711c: folds
*** TURN *** [9d 3c 5d] [Ac]
593d4144: bets $47.12
d83e9b1e: folds
Uncalled bet ($47.12) returned to 593d4144
*** SHOWDOWN ***
593d4144 collected $47.12 from pot
*** SUMMARY ***
Total pot $47.12
Board [9d 3c 5d Ac]
Seat 1: 23ec674b folded before Flop (didn't bet)
Seat 6: 2b84711c(big blind) folded on the Flop
Seat 7: 593d4144won ($47.12) with Pair of Aces
Seat 5: ea763312(small blind) folded before Flop
Seat 2: b2df9a40 folded before Flop (didn't bet)
Seat 4: d83e9b1e folded on the Turn
Seat 3: Hero folded before Flop (didn't bet)



Poker Hand #ring_826230013: NLH No Limit ($1/$2) - 2025/04/16 14:07:11
Table 'MR NLH 1/2' 7-max Seat #3 is the button
Seat 1: 23ec674b ($453.15 in chips)
Seat 6: 2b84711c ($367.67 in chips)
Seat 7: 593d4144 ($193.64 in chips)
Seat 5: ea763312 ($266.74 in chips)
Seat 2: b2df9a40 ($399 in chips)
Seat 4: d83e9b1e ($53.08 in chips)
Seat 3: Hero ($157.41 in chips)
d83e9b1e: posts small blind $1
ea763312: posts big blind $2
*** HOLE CARDS ***
Dealt to 23ec674b 
Dealt to 2b84711c 
Dealt to 593d4144 
Dealt to ea763312 
Dealt to b2df9a40 
Dealt to d83e9b1e 
Dealt to Hero [Ts 6h]
2b84711c: folds
593d4144: folds
23ec674b: folds
b2df9a40: folds
Hero: folds
d83e9b1e: raises $4 to $6
ea763312: folds
Uncalled bet ($4) returned to d83e9b1e
*** SHOWDOWN ***
d83e9b1e collected $4 from pot
*** SUMMARY ***
Total pot $4
Seat 1: 23ec674b folded before Flop (didn't bet)
Seat 6: 2b84711c folded before Flop (didn't bet)
Seat 7: 593d4144 folded before Flop (didn't bet)
Seat 5: ea763312(big blind) folded before Flop
Seat 2: b2df9a40 folded before Flop (didn't bet)
Seat 4: d83e9b1e(small blind)won ($4)
Seat 3: Hero folded before Flop (didn't bet)



Poker Hand #ring_826229076: NLH No Limit ($1/$2) - 2025/04/16 14:06:03
Table 'MR NLH 1/2' 7-max Seat #2 is the button
Seat 1: 23ec674b ($414.25 in chips)
Seat 6: 2b84711c ($367.67 in chips)
Seat 7: 593d4144 ($193.64 in chips)
Seat 5: ea763312 ($271.74 in chips)
Seat 2: b2df9a40 ($399 in chips)
Seat 4: d83e9b1e ($90.08 in chips)
Seat 3: Hero ($158.41 in chips)
Hero: posts small blind $1
d83e9b1e: posts big blind $2
*** HOLE CARDS ***
Dealt to 23ec674b 
Dealt to 2b84711c 
Dealt to 593d4144 
Dealt to ea763312 
Dealt to b2df9a40 
Dealt to d83e9b1e 
Dealt to Hero [7c Jd]
ea763312: raises $3 to $5
2b84711c: folds
593d4144: folds
23ec674b: calls $5
b2df9a40: folds
Hero: folds
d83e9b1e: calls $3
*** FLOP *** [Td 7s 3s]
d83e9b1e: checks
ea763312: checks
23ec674b: bets $8
d83e9b1e: calls $8
ea763312: folds
*** TURN *** [Td 7s 3s] [6h]
d83e9b1e: checks
23ec674b: bets $24
d83e9b1e: calls $24
*** RIVER *** [Td 7s 3s 6h] [4h]
d83e9b1e: checks
23ec674b: bets $60
d83e9b1e: folds
Uncalled bet ($60) returned to 23ec674b
*** SHOWDOWN ***
23ec674b collected $80 from pot
*** SUMMARY ***
Total pot $80
Board [Td 7s 3s 6h 4h]
Seat 1: 23ec674bwon ($80) with Pair of Tens
Seat 6: 2b84711c folded before Flop (didn't bet)
Seat 7: 593d4144 folded before Flop (didn't bet)
Seat 5: ea763312 folded on the Flop
Seat 2: b2df9a40 folded before Flop (didn't bet)
Seat 4: d83e9b1e(big blind) folded on the River
Seat 3: Hero(small blind) folded before Flop



Poker Hand #ring_826228377: NLH No Limit ($1/$2) - 2025/04/16 14:05:14
Table 'MR NLH 1/2' 7-max Seat #1 is the button
Seat 1: 23ec674b ($419.3 in chips)
Seat 6: 2b84711c ($372.72 in chips)
Seat 7: 593d4144 ($193.64 in chips)
Seat 5: ea763312 ($257.04 in chips)
Seat 2: b2df9a40 ($400 in chips)
Seat 4: d83e9b1e ($90.08 in chips)
Seat 3: Hero ($163.46 in chips)
b2df9a40: posts small blind $1
Hero: posts big blind $2
*** HOLE CARDS ***
Dealt to 23ec674b 
Dealt to 2b84711c 
Dealt to 593d4144 
Dealt to ea763312 
Dealt to b2df9a40 
Dealt to d83e9b1e 
Dealt to Hero [9c 2d]
d83e9b1e: folds
ea763312: raises $3.05 to $5.05
2b84711c: calls $5.05
593d4144: folds
23ec674b: calls $5.05
b2df9a40: folds
Hero: calls $3.05
*** FLOP *** [Qh Th 4h]
Hero: checks
ea763312: bets $21.2
2b84711c: folds
23ec674b: folds
Hero: folds
Uncalled bet ($21.2) returned to ea763312
*** SHOWDOWN ***
ea763312 collected $21.2 from pot
*** SUMMARY ***
Total pot $21.2
Board [Qh Th 4h]
Seat 1: 23ec674b folded on the Flop
Seat 6: 2b84711c folded on the Flop
Seat 7: 593d4144 folded before Flop (didn't bet)
Seat 5: ea763312won ($21.2) with Queen High Flush
Seat 2: b2df9a40(small blind) folded before Flop
Seat 4: d83e9b1e folded before Flop (didn't bet)
Seat 3: Hero(big blind) folded on the Flop



Poker Hand #ring_826228048: NLH No Limit ($1/$2) - 2025/04/16 14:04:51
Table 'MR NLH 1/2' 7-max Seat #7 is the button
Seat 1: 23ec674b ($420.3 in chips)
Seat 6: 2b84711c ($372.72 in chips)
Seat 7: 593d4144 ($193.64 in chips)
Seat 5: ea763312 ($257.04 in chips)
Seat 2: b2df9a40 ($400 in chips)
Seat 4: d83e9b1e ($87.08 in chips)
Seat 3: Hero ($163.46 in chips)
23ec674b: posts small blind $1
b2df9a40: posts big blind $2
*** HOLE CARDS ***
Dealt to 23ec674b 
Dealt to 2b84711c 
Dealt to 593d4144 
Dealt to ea763312 
Dealt to b2df9a40 
Dealt to d83e9b1e 
Dealt to Hero [Td 7h]
Hero: folds
d83e9b1e: raises $6 to $8
ea763312: folds
2b84711c: folds
593d4144: folds
23ec674b: folds
b2df9a40: folds
Uncalled bet ($6) returned to d83e9b1e
*** SHOWDOWN ***
d83e9b1e collected $5 from pot
*** SUMMARY ***
Total pot $5
Seat 1: 23ec674b(small blind) folded before Flop
Seat 6: 2b84711c folded before Flop (didn't bet)
Seat 7: 593d4144 folded before Flop (didn't bet)
Seat 5: ea763312 folded before Flop (didn't bet)
Seat 2: b2df9a40(big blind) folded before Flop
Seat 4: d83e9b1ewon ($5)
Seat 3: Hero folded before Flop (didn't bet)



Poker Hand #ring_826227169: NLH No Limit ($1/$2) - 2025/04/16 14:03:50
Table 'MR NLH 1/2' 7-max Seat #6 is the button
Seat 1: 23ec674b ($428.3 in chips)
Seat 6: 2b84711c ($372.72 in chips)
Seat 7: 593d4144 ($172.01 in chips)
Seat 5: ea763312 ($257.04 in chips)
Seat 2: b2df9a40 ($400 in chips)
Seat 4: d83e9b1e ($103 in chips)
Seat 3: Hero ($163.46 in chips)
593d4144: posts small blind $1
23ec674b: posts big blind $2
*** HOLE CARDS ***
Dealt to 23ec674b 
Dealt to 2b84711c 
Dealt to 593d4144 
Dealt to ea763312 
Dealt to b2df9a40 
Dealt to d83e9b1e 
Dealt to Hero [8d 3h]
b2df9a40: folds
Hero: folds
d83e9b1e: calls $2
ea763312: folds
2b84711c: folds
593d4144: raises $6 to $8
23ec674b: calls $6
d83e9b1e: calls $6
*** FLOP *** [9c Kh Ts]
593d4144: checks
23ec674b: checks
d83e9b1e: bets $7.92
593d4144: calls $7.92
23ec674b: folds
*** TURN *** [9c Kh Ts] [3s]
593d4144: checks
d83e9b1e: checks
*** RIVER *** [9c Kh Ts 3s] [2s]
593d4144: checks
d83e9b1e: checks
d83e9b1e: shows [9s 7d]
593d4144: shows [9d As]
*** SHOWDOWN ***
593d4144 collected $39.84 from pot
*** SUMMARY ***
Total pot $39.84
Board [9c Kh Ts 3s 2s]
Seat 1: 23ec674b(big blind) folded on the Flop
Seat 6: 2b84711c folded before Flop (didn't bet)
Seat 7: 593d4144(small blind) showed [9d As] and won ($39.84) with Pair of Nines
Seat 5: ea763312 folded before Flop (didn't bet)
Seat 2: b2df9a40 folded before Flop (didn't bet)
Seat 4: d83e9b1e showed [9s 7d] and lost with Pair of Nines
Seat 3: Hero folded before Flop (didn't bet)



Poker Hand #ring_826226641: NLH No Limit ($1/$2) - 2025/04/16 14:03:14
Table 'MR NLH 1/2' 7-max Seat #5 is the button
Seat 1: 23ec674b ($428.3 in chips)
Seat 6: 2b84711c ($373.72 in chips)
Seat 7: 593d4144 ($174.01 in chips)
Seat 5: ea763312 ($257.04 in chips)
Seat 2: b2df9a40 ($400 in chips)
Seat 4: d83e9b1e ($100 in chips)
Seat 3: Hero ($163.46 in chips)
2b84711c: posts small blind $1
593d4144: posts big blind $2
d83e9b1e: posts big blind $2
*** HOLE CARDS ***
Dealt to 23ec674b 
Dealt to 2b84711c 
Dealt to 593d4144 
Dealt to ea763312 
Dealt to b2df9a40 
Dealt to d83e9b1e 
Dealt to Hero [Qc 2c]
23ec674b: folds
b2df9a40: folds
Hero: folds
d83e9b1e: raises $5 to $7
ea763312: folds
2b84711c: folds
593d4144: folds
Uncalled bet ($5) returned to d83e9b1e
*** SHOWDOWN ***
d83e9b1e collected $5 from pot
*** SUMMARY ***
Total pot $5
Seat 1: 23ec674b folded before Flop (didn't bet)
Seat 6: 2b84711c(small blind) folded before Flop
Seat 7: 593d4144(big blind) folded before Flop
Seat 5: ea763312 folded before Flop (didn't bet)
Seat 2: b2df9a40 folded before Flop (didn't bet)
Seat 4: d83e9b1ewon ($5)
Seat 3: Hero folded before Flop (didn't bet)



Poker Hand #ring_826225653: NLH No Limit ($1/$2) - 2025/04/16 14:02:04
Table 'MR NLH 1/2' 7-max Seat #3 is the button
Seat 1: 23ec674b ($428.3 in chips)
Seat 6: 2b84711c ($386.72 in chips)
Seat 7: 593d4144 ($174.01 in chips)
Seat 5: ea763312 ($258.04 in chips)
Seat 2: b2df9a40 ($400 in chips)
Seat 3: Hero ($145.44 in chips)
ea763312: posts small blind $1
2b84711c: posts big blind $2
*** HOLE CARDS ***
Dealt to 23ec674b 
Dealt to 2b84711c 
Dealt to 593d4144 
Dealt to ea763312 
Dealt to b2df9a40 
Dealt to Hero [Js Ac]
593d4144: folds
23ec674b: folds
b2df9a40: raises $4 to $6
Hero: calls $6
ea763312: folds
2b84711c: calls $4
*** FLOP *** [Jc 4h 3d]
2b84711c: checks
b2df9a40: checks
Hero: bets $7
2b84711c: calls $7
b2df9a40: folds
*** TURN *** [Jc 4h 3d] [8s]
2b84711c: checks
Hero: bets $38
2b84711c: folds
Uncalled bet ($38) returned to Hero
*** SHOWDOWN ***
Hero collected $33 from pot
*** SUMMARY ***
Total pot $33
Board [Jc 4h 3d 8s]
Seat 1: 23ec674b folded before Flop (didn't bet)
Seat 6: 2b84711c(big blind) folded on the Turn
Seat 7: 593d4144 folded before Flop (didn't bet)
Seat 5: ea763312(small blind) folded before Flop
Seat 2: b2df9a40 folded on the Flop
Seat 3: Herowon ($33) with Pair of Jacks



Poker Hand #ring_826225329: NLH No Limit ($1/$2) - 2025/04/16 14:01:41
Table 'MR NLH 1/2' 7-max Seat #2 is the button
Seat 1: 23ec674b ($428.3 in chips)
Seat 6: 2b84711c ($386.72 in chips)
Seat 7: 593d4144 ($174.01 in chips)
Seat 5: ea763312 ($260.04 in chips)
Seat 2: b2df9a40 ($400 in chips)
Seat 3: Hero ($143.44 in chips)
Hero: posts small blind $1
ea763312: posts big blind $2
*** HOLE CARDS ***
Dealt to 23ec674b 
Dealt to 2b84711c 
Dealt to 593d4144 
Dealt to ea763312 
Dealt to b2df9a40 
Dealt to Hero [Ad Ts]
2b84711c: folds
593d4144: folds
23ec674b: folds
b2df9a40: folds
Hero: raises $4 to $6
ea763312: folds
Uncalled bet ($4) returned to Hero
*** SHOWDOWN ***
Hero collected $4 from pot
*** SUMMARY ***
Total pot $4
Seat 1: 23ec674b folded before Flop (didn't bet)
Seat 6: 2b84711c folded before Flop (didn't bet)
Seat 7: 593d4144 folded before Flop (didn't bet)
Seat 5: ea763312(big blind) folded before Flop
Seat 2: b2df9a40 folded before Flop (didn't bet)
Seat 3: Hero(small blind)won ($4)



Poker Hand #ring_826224913: NLH No Limit ($1/$2) - 2025/04/16 14:01:13
Table 'MR NLH 1/2' 7-max Seat #1 is the button
Seat 1: 23ec674b ($425.3 in chips)
Seat 6: 2b84711c ($386.72 in chips)
Seat 7: 593d4144 ($174.01 in chips)
Seat 5: ea763312 ($260.04 in chips)
Seat 2: b2df9a40 ($401 in chips)
Seat 3: Hero ($145.44 in chips)
b2df9a40: posts small blind $1
Hero: posts big blind $2
*** HOLE CARDS ***
Dealt to 23ec674b 
Dealt to 2b84711c 
Dealt to 593d4144 
Dealt to ea763312 
Dealt to b2df9a40 
Dealt to Hero [Td 8c]
ea763312: folds
2b84711c: folds
593d4144: folds
23ec674b: raises $4 to $6
b2df9a40: folds
Hero: folds
Uncalled bet ($4) returned to 23ec674b
*** SHOWDOWN ***
23ec674b collected $5 from pot
*** SUMMARY ***
Total pot $5
Seat 1: 23ec674bwon ($5)
Seat 6: 2b84711c folded before Flop (didn't bet)
Seat 7: 593d4144 folded before Flop (didn't bet)
Seat 5: ea763312 folded before Flop (didn't bet)
Seat 2: b2df9a40(small blind) folded before Flop
Seat 3: Hero(big blind) folded before Flop



Poker Hand #ring_826224650: NLH No Limit ($1/$2) - 2025/04/16 14:00:56
Table 'MR NLH 1/2' 7-max Seat #7 is the button
Seat 1: 23ec674b ($426.3 in chips)
Seat 6: 2b84711c ($386.72 in chips)
Seat 7: 593d4144 ($174.01 in chips)
Seat 5: ea763312 ($260.04 in chips)
Seat 2: b2df9a40 ($400 in chips)
Seat 3: Hero ($145.44 in chips)
23ec674b: posts small blind $1
b2df9a40: posts big blind $2
*** HOLE CARDS ***
Dealt to 23ec674b 
Dealt to 2b84711c 
Dealt to 593d4144 
Dealt to ea763312 
Dealt to b2df9a40 
Dealt to Hero [2s 3h]
Hero: folds
ea763312: folds
2b84711c: folds
593d4144: folds
23ec674b: folds
*** SHOWDOWN ***
b2df9a40 collected $3 from pot
*** SUMMARY ***
Total pot $3
Seat 1: 23ec674b(small blind) folded before Flop
Seat 6: 2b84711c folded before Flop (didn't bet)
Seat 7: 593d4144 folded before Flop (didn't bet)
Seat 5: ea763312 folded before Flop (didn't bet)
Seat 2: b2df9a40(big blind)won ($3)
Seat 3: Hero folded before Flop (didn't bet)



Poker Hand #ring_826223975: NLH No Limit ($1/$2) - 2025/04/16 14:00:11
Table 'MR NLH 1/2' 7-max Seat #6 is the button
Seat 1: 23ec674b ($436.38 in chips)
Seat 6: 2b84711c ($386.72 in chips)
Seat 4: c6b8094c ($306.4 in chips)
Seat 7: 593d4144 ($165.33 in chips)
Seat 5: ea763312 ($260.04 in chips)
Seat 3: Hero ($145.44 in chips)
593d4144: posts small blind $1
23ec674b: posts big blind $2
*** HOLE CARDS ***
Dealt to 23ec674b 
Dealt to 2b84711c 
Dealt to c6b8094c 
Dealt to 593d4144 
Dealt to ea763312 
Dealt to Hero [3s Qs]
Hero: folds
c6b8094c: folds
ea763312: folds
2b84711c: folds
593d4144: raises $4 to $6
23ec674b: calls $4
*** FLOP *** [2d 9d Qd]
593d4144: bets $4.08
23ec674b: calls $4.08
*** TURN *** [2d 9d Qd] [5h]
593d4144: checks
23ec674b: checks
*** RIVER *** [2d 9d Qd 5h] [Kc]
593d4144: bets $14.92
23ec674b: folds
Uncalled bet ($14.92) returned to 593d4144
*** SHOWDOWN ***
593d4144 collected $20.16 from pot
*** SUMMARY ***
Total pot $20.16
Board [2d 9d Qd 5h Kc]
Seat 1: 23ec674b(big blind) folded on the River
Seat 6: 2b84711c folded before Flop (didn't bet)
Seat 4: c6b8094c folded before Flop (didn't bet)
Seat 7: 593d4144(small blind)won ($20.16) with Kings-High Straight
Seat 5: ea763312 folded before Flop (didn't bet)
Seat 3: Hero folded before Flop (didn't bet)



Poker Hand #ring_826223251: NLH No Limit ($1/$2) - 2025/04/16 13:59:22
Table 'MR NLH 1/2' 7-max Seat #5 is the button
Seat 1: 23ec674b ($364.63 in chips)
Seat 6: 2b84711c ($457.72 in chips)
Seat 4: c6b8094c ($306.4 in chips)
Seat 7: 593d4144 ($167.33 in chips)
Seat 5: ea763312 ($266.04 in chips)
Seat 3: Hero ($145.44 in chips)
2b84711c: posts small blind $1
593d4144: posts big blind $2
*** HOLE CARDS ***
Dealt to 23ec674b 
Dealt to 2b84711c 
Dealt to c6b8094c 
Dealt to 593d4144 
Dealt to ea763312 
Dealt to Hero [9s 5d]
23ec674b: raises $4 to $6
Hero: folds
c6b8094c: folds
ea763312: calls $6
2b84711c: calls $5
593d4144: folds
*** FLOP *** [7c 9h Qd]
2b84711c: bets $15
23ec674b: calls $15
ea763312: folds
*** TURN *** [7c 9h Qd] [3d]
2b84711c: bets $50
23ec674b: calls $50
*** RIVER *** [7c 9h Qd 3d] [Ts]
2b84711c: checks
23ec674b: checks
23ec674b: shows [Ks Kh]
2b84711c: shows [Ac Qh]
*** SHOWDOWN ***
23ec674b collected $150 from pot
*** SUMMARY ***
Total pot $150
Board [7c 9h Qd 3d Ts]
Seat 1: 23ec674b showed [Ks Kh] and won ($150) with Pair of Kings
Seat 6: 2b84711c(small blind) showed [Ac Qh] and lost with Pair of Queens
Seat 4: c6b8094c folded before Flop (didn't bet)
Seat 7: 593d4144(big blind) folded before Flop
Seat 5: ea763312 folded on the Flop
Seat 3: Hero folded before Flop (didn't bet)



Poker Hand #ring_826222907: NLH No Limit ($1/$2) - 2025/04/16 13:58:59
Table 'MR NLH 1/2' 7-max Seat #4 is the button
Seat 1: 23ec674b ($361.63 in chips)
Seat 6: 2b84711c ($459.72 in chips)
Seat 4: c6b8094c ($306.4 in chips)
Seat 7: 593d4144 ($167.33 in chips)
Seat 5: ea763312 ($267.04 in chips)
Seat 3: Hero ($145.44 in chips)
ea763312: posts small blind $1
2b84711c: posts big blind $2
*** HOLE CARDS ***
Dealt to 23ec674b 
Dealt to 2b84711c 
Dealt to c6b8094c 
Dealt to 593d4144 
Dealt to ea763312 
Dealt to Hero [8d 2c]
593d4144: folds
23ec674b: raises $4 to $6
Hero: folds
c6b8094c: folds
ea763312: folds
2b84711c: folds
Uncalled bet ($4) returned to 23ec674b
*** SHOWDOWN ***
23ec674b collected $5 from pot
*** SUMMARY ***
Total pot $5
Seat 1: 23ec674bwon ($5)
Seat 6: 2b84711c(big blind) folded before Flop
Seat 4: c6b8094c folded before Flop (didn't bet)
Seat 7: 593d4144 folded before Flop (didn't bet)
Seat 5: ea763312(small blind) folded before Flop
Seat 3: Hero folded before Flop (didn't bet)



Poker Hand #ring_826222376: NLH No Limit ($1/$2) - 2025/04/16 13:58:22
Table 'MR NLH 1/2' 7-max Seat #3 is the button
Seat 1: 23ec674b ($361.63 in chips)
Seat 6: 2b84711c ($452.35 in chips)
Seat 4: c6b8094c ($312.4 in chips)
Seat 7: 593d4144 ($167.33 in chips)
Seat 5: ea763312 ($269.04 in chips)
Seat 3: Hero ($145.44 in chips)
c6b8094c: posts small blind $1
ea763312: posts big blind $2
*** HOLE CARDS ***
Dealt to 23ec674b 
Dealt to 2b84711c 
Dealt to c6b8094c 
Dealt to 593d4144 
Dealt to ea763312 
Dealt to Hero [5d Th]
2b84711c: raises $4 to $6
593d4144: folds
23ec674b: folds
Hero: folds
c6b8094c: calls $5
ea763312: folds
*** FLOP *** [Tc 7h 5c]
c6b8094c: checks
2b84711c: bets $10.5
c6b8094c: folds
Uncalled bet ($10.5) returned to 2b84711c
*** SHOWDOWN ***
2b84711c collected $14 from pot
*** SUMMARY ***
Total pot $14
Board [Tc 7h 5c]
Seat 1: 23ec674b folded before Flop (didn't bet)
Seat 6: 2b84711cwon ($14) with Pair of Eights
Seat 4: c6b8094c(small blind) folded on the Flop
Seat 7: 593d4144 folded before Flop (didn't bet)
Seat 5: ea763312(big blind) folded before Flop
Seat 3: Hero folded before Flop (didn't bet)



Poker Hand #ring_826221624: NLH No Limit ($1/$2) - 2025/04/16 13:57:27
Table 'MR NLH 1/2' 7-max Seat #1 is the button
Seat 1: 23ec674b ($308.91 in chips)
Seat 6: 2b84711c ($479.35 in chips)
Seat 4: c6b8094c ($314.4 in chips)
Seat 7: 593d4144 ($194.33 in chips)
Seat 5: ea763312 ($269.04 in chips)
Seat 3: Hero ($146.44 in chips)
Hero: posts small blind $1
c6b8094c: posts big blind $2
*** HOLE CARDS ***
Dealt to 23ec674b 
Dealt to 2b84711c 
Dealt to c6b8094c 
Dealt to 593d4144 
Dealt to ea763312 
Dealt to Hero [Qh 7h]
ea763312: folds
2b84711c: raises $4 to $6
593d4144: calls $6
23ec674b: raises $21 to $27
Hero: folds
c6b8094c: folds
2b84711c: calls $21
593d4144: calls $21
*** FLOP *** [Ks Kc 7d]
2b84711c: checks
593d4144: checks
23ec674b: bets $27.72
2b84711c: folds
593d4144: folds
Uncalled bet ($27.72) returned to 23ec674b
*** SHOWDOWN ***
23ec674b collected $84 from pot
*** SUMMARY ***
Total pot $84
Board [Ks Kc 7d]
Seat 1: 23ec674bwon ($84) with Pair of Kings
Seat 6: 2b84711c folded on the Flop
Seat 4: c6b8094c(big blind) folded before Flop
Seat 7: 593d4144 folded on the Flop
Seat 5: ea763312 folded before Flop (didn't bet)
Seat 3: Hero(small blind) folded before Flop



Poker Hand #ring_826220167: NLH No Limit ($1/$2) - 2025/04/16 13:55:44
Table 'MR NLH 1/2' 7-max Seat #7 is the button
Seat 1: 23ec674b ($316.91 in chips)
Seat 6: 2b84711c ($417.65 in chips)
Seat 4: c6b8094c ($314.4 in chips)
Seat 7: 593d4144 ($202.33 in chips)
Seat 5: ea763312 ($269.04 in chips)
Seat 3: Hero ($198 in chips)
23ec674b: posts small blind $1
Hero: posts big blind $2
*** HOLE CARDS ***
Dealt to 23ec674b 
Dealt to 2b84711c 
Dealt to c6b8094c 
Dealt to 593d4144 
Dealt to ea763312 
Dealt to Hero [As 5c]
c6b8094c: folds
ea763312: folds
2b84711c: calls $2
593d4144: raises $6 to $8
23ec674b: calls $7
Hero: calls $6
2b84711c: calls $6
*** FLOP *** [2d 9s 4c]
23ec674b: checks
Hero: checks
2b84711c: bets $10.56
593d4144: folds
23ec674b: folds
Hero: calls $10.56
*** TURN *** [2d 9s 4c] [7h]
Hero: checks
2b84711c: checks
*** RIVER *** [2d 9s 4c 7h] [Jd]
Hero: bets $33
2b84711c: calls $33
Hero: shows [As 5c]
2b84711c: shows [6d 4d]
*** SHOWDOWN ***
2b84711c collected $119.12 from pot
*** SUMMARY ***
Total pot $119.12
Board [2d 9s 4c 7h Jd]
Seat 1: 23ec674b(small blind) folded on the Flop
Seat 6: 2b84711c showed [6d 4d] and won ($119.12) with Pair of Fours
Seat 4: c6b8094c folded before Flop (didn't bet)
Seat 7: 593d4144 folded on the Flop
Seat 5: ea763312 folded before Flop (didn't bet)
Seat 3: Hero(big blind) showed [As 5c] and lost with Ace-High



