Poker Hand #ring_850625740: NLH No Limit ($1/$2) - 2025/04/30 13:44:52
Table 'MR NLH 1/2' 7-max Seat #3 is the button
Seat 5: 3baf6c2c ($294.24 in chips)
Seat 3: 2e85de49 ($386.6 in chips)
Seat 4: 7e65b65e ($334.88 in chips)
Seat 1: Hero ($332.74 in chips)
Seat 7: 34744543 ($467.16 in chips)
7e65b65e: posts small blind $1
3baf6c2c: posts big blind $2
*** HOLE CARDS ***
Dealt to 3baf6c2c 
Dealt to 2e85de49 
Dealt to 7e65b65e 
Dealt to Hero [8h As]
Dealt to 34744543 
34744543: folds
Hero: raises $4 to $6
2e85de49: raises $13.6 to $19.6
7e65b65e: folds
3baf6c2c: folds
Hero: folds
Uncalled bet ($13.6) returned to 2e85de49
*** SHOWDOWN ***
2e85de49 collected $15 from pot
*** SUMMARY ***
Total pot $15
Seat 5: 3baf6c2c(big blind) folded before Flop
Seat 3: 2e85de49won ($15)
Seat 4: 7e65b65e(small blind) folded before Flop
Seat 1: Hero folded before Flop
Seat 7: 34744543 folded before Flop (didn't bet)



Poker Hand #ring_850624915: NLH No Limit ($1/$2) - 2025/04/30 13:44:00
Table 'MR NLH 1/2' 7-max Seat #0 is the button
Seat 5: 3baf6c2c ($279.72 in chips)
Seat 3: 2e85de49 ($401 in chips)
Seat 4: 7e65b65e ($336.88 in chips)
Seat 1: Hero ($332.74 in chips)
Seat 7: 34744543 ($467.16 in chips)
2e85de49: posts small blind $1
7e65b65e: posts big blind $2
*** HOLE CARDS ***
Dealt to 3baf6c2c 
Dealt to 2e85de49 
Dealt to 7e65b65e 
Dealt to Hero [3d Tc]
Dealt to 34744543 
3baf6c2c: raises $4 to $6
34744543: folds
Hero: folds
2e85de49: calls $5
7e65b65e: folds
*** FLOP *** [7d 7c Kh]
2e85de49: checks
3baf6c2c: checks
*** TURN *** [7d 7c Kh] [8h]
2e85de49: checks
3baf6c2c: bets $8.4
2e85de49: calls $8.4
*** RIVER *** [7d 7c Kh 8h] [8c]
2e85de49: checks
3baf6c2c: checks
2e85de49: shows [Ac 9c]
3baf6c2c: shows [Jh 7h]
*** SHOWDOWN ***
3baf6c2c collected $30.8 from pot
*** SUMMARY ***
Total pot $30.8
Board [7d 7c Kh 8h 8c]
Seat 5: 3baf6c2c showed [Jh 7h] and won ($30.8) with Sevens Full over Eights
Seat 3: 2e85de49(small blind) showed [Ac 9c] and lost with Pair of Eights and Pair of Sevens
Seat 4: 7e65b65e(big blind) folded before Flop
Seat 1: Hero folded before Flop (didn't bet)
Seat 7: 34744543 folded before Flop (didn't bet)



Poker Hand #ring_850623974: NLH No Limit ($1/$2) - 2025/04/30 13:43:01
Table 'MR NLH 1/2' 7-max Seat #1 is the button
Seat 5: 3baf6c2c ($279.72 in chips)
Seat 3: 2e85de49 ($403 in chips)
Seat 4: 7e65b65e ($392.77 in chips)
Seat 2: 2158bf30 ($519.35 in chips)
Seat 1: Hero ($332.74 in chips)
Seat 7: 34744543 ($413.93 in chips)
2158bf30: posts small blind $1
2e85de49: posts big blind $2
*** HOLE CARDS ***
Dealt to 3baf6c2c 
Dealt to 2e85de49 
Dealt to 7e65b65e 
Dealt to 2158bf30 
Dealt to Hero [Jc 4s]
Dealt to 34744543 
7e65b65e: raises $3 to $5
3baf6c2c: folds
34744543: raises $10 to $15
Hero: folds
2158bf30: folds
2e85de49: folds
7e65b65e: calls $10
*** FLOP *** [6c 9h As]
7e65b65e: checks
34744543: bets $10.89
7e65b65e: calls $10.89
*** TURN *** [6c 9h As] [Tc]
7e65b65e: checks
34744543: bets $30
7e65b65e: calls $30
*** RIVER *** [6c 9h As Tc] [Qs]
7e65b65e: checks
34744543: bets $86.08
7e65b65e: folds
Uncalled bet ($86.08) returned to 34744543
*** SHOWDOWN ***
34744543 collected $114.78 from pot
*** SUMMARY ***
Total pot $114.78
Board [6c 9h As Tc Qs]
Seat 5: 3baf6c2c folded before Flop (didn't bet)
Seat 3: 2e85de49(big blind) folded before Flop
Seat 4: 7e65b65e folded on the River
Seat 2: 2158bf30(small blind) folded before Flop
Seat 1: Hero folded before Flop (didn't bet)
Seat 7: 34744543won ($114.78) with Pair of Aces and Pair of Queens



Poker Hand #ring_850623449: NLH No Limit ($1/$2) - 2025/04/30 13:42:27
Table 'MR NLH 1/2' 7-max Seat #7 is the button
Seat 5: 3baf6c2c ($268.39 in chips)
Seat 3: 2e85de49 ($403 in chips)
Seat 4: 7e65b65e ($392.77 in chips)
Seat 2: 2158bf30 ($521.35 in chips)
Seat 1: Hero ($343.64 in chips)
Seat 7: 34744543 ($413.93 in chips)
Hero: posts small blind $1
2158bf30: posts big blind $2
*** HOLE CARDS ***
Dealt to 3baf6c2c 
Dealt to 2e85de49 
Dealt to 7e65b65e 
Dealt to 2158bf30 
Dealt to Hero [As Jd]
Dealt to 34744543 
2e85de49: folds
7e65b65e: folds
3baf6c2c: raises $4 to $6
34744543: folds
Hero: calls $5
2158bf30: folds
*** FLOP *** [4c Tc 9s]
Hero: checks
3baf6c2c: bets $4.9
Hero: calls $4.9
*** TURN *** [4c Tc 9s] [3c]
Hero: checks
3baf6c2c: bets $19.04
Hero: folds
Uncalled bet ($19.04) returned to 3baf6c2c
*** SHOWDOWN ***
3baf6c2c collected $23.8 from pot
*** SUMMARY ***
Total pot $23.8
Board [4c Tc 9s 3c]
Seat 5: 3baf6c2cwon ($23.8) with Ace-High
Seat 3: 2e85de49 folded before Flop (didn't bet)
Seat 4: 7e65b65e folded before Flop (didn't bet)
Seat 2: 2158bf30(big blind) folded before Flop
Seat 1: Hero(small blind) folded on the Turn
Seat 7: 34744543 folded before Flop (didn't bet)



Poker Hand #ring_850623100: NLH No Limit ($1/$2) - 2025/04/30 13:42:07
Table 'MR NLH 1/2' 7-max Seat #5 is the button
Seat 5: 3baf6c2c ($268.39 in chips)
Seat 3: 2e85de49 ($403 in chips)
Seat 4: 7e65b65e ($392.77 in chips)
Seat 2: 2158bf30 ($521.35 in chips)
Seat 1: Hero ($345.64 in chips)
Seat 7: 34744543 ($411.93 in chips)
34744543: posts small blind $1
Hero: posts big blind $2
*** HOLE CARDS ***
Dealt to 3baf6c2c 
Dealt to 2e85de49 
Dealt to 7e65b65e 
Dealt to 2158bf30 
Dealt to Hero [Qd 3s]
Dealt to 34744543 
2158bf30: folds
2e85de49: folds
7e65b65e: folds
3baf6c2c: folds
34744543: raises $4 to $6
Hero: folds
Uncalled bet ($4) returned to 34744543
*** SHOWDOWN ***
34744543 collected $4 from pot
*** SUMMARY ***
Total pot $4
Seat 5: 3baf6c2c folded before Flop (didn't bet)
Seat 3: 2e85de49 folded before Flop (didn't bet)
Seat 4: 7e65b65e folded before Flop (didn't bet)
Seat 2: 2158bf30 folded before Flop (didn't bet)
Seat 1: Hero(big blind) folded before Flop
Seat 7: 34744543(small blind)won ($4)



Poker Hand #ring_850622543: NLH No Limit ($1/$2) - 2025/04/30 13:41:31
Table 'MR NLH 1/2' 7-max Seat #4 is the button
Seat 5: 3baf6c2c ($272.39 in chips)
Seat 3: 2e85de49 ($403 in chips)
Seat 4: 7e65b65e ($392.77 in chips)
Seat 2: 2158bf30 ($515.8 in chips)
Seat 1: Hero ($345.64 in chips)
Seat 7: 34744543 ($413.93 in chips)
3baf6c2c: posts small blind $1
34744543: posts big blind $2
*** HOLE CARDS ***
Dealt to 3baf6c2c 
Dealt to 2e85de49 
Dealt to 7e65b65e 
Dealt to 2158bf30 
Dealt to Hero [Js 3d]
Dealt to 34744543 
Hero: folds
2158bf30: raises $2 to $4
2e85de49: folds
7e65b65e: folds
3baf6c2c: calls $3
34744543: folds
*** FLOP *** [8h Ad 9h]
3baf6c2c: checks
2158bf30: checks
*** TURN *** [8h Ad 9h] [4s]
3baf6c2c: checks
2158bf30: checks
*** RIVER *** [8h Ad 9h 4s] [9d]
3baf6c2c: checks
2158bf30: checks
2158bf30: shows [6d 6s]
3baf6c2c: shows [Qd Jc]
*** SHOWDOWN ***
2158bf30 collected $10 from pot
*** SUMMARY ***
Total pot $10
Board [8h Ad 9h 4s 9d]
Seat 5: 3baf6c2c(small blind) showed [Qd Jc] and lost with Pair of Nines
Seat 3: 2e85de49 folded before Flop (didn't bet)
Seat 4: 7e65b65e folded before Flop (didn't bet)
Seat 2: 2158bf30 showed [6d 6s] and won ($10) with Pair of Nines and Pair of Sixes
Seat 1: Hero folded before Flop (didn't bet)
Seat 7: 34744543(big blind) folded before Flop



Poker Hand #ring_850622183: NLH No Limit ($1/$2) - 2025/04/30 13:41:06
Table 'MR NLH 1/2' 7-max Seat #3 is the button
Seat 5: 3baf6c2c ($274.39 in chips)
Seat 3: 2e85de49 ($400 in chips)
Seat 4: 7e65b65e ($393.77 in chips)
Seat 2: 2158bf30 ($515.8 in chips)
Seat 1: Hero ($345.64 in chips)
Seat 7: 34744543 ($413.93 in chips)
7e65b65e: posts small blind $1
3baf6c2c: posts big blind $2
*** HOLE CARDS ***
Dealt to 3baf6c2c 
Dealt to 2e85de49 
Dealt to 7e65b65e 
Dealt to 2158bf30 
Dealt to Hero [Th 6d]
Dealt to 34744543 
34744543: folds
Hero: folds
2158bf30: folds
2e85de49: raises $4 to $6
7e65b65e: folds
3baf6c2c: folds
Uncalled bet ($4) returned to 2e85de49
*** SHOWDOWN ***
2e85de49 collected $5 from pot
*** SUMMARY ***
Total pot $5
Seat 5: 3baf6c2c(big blind) folded before Flop
Seat 3: 2e85de49won ($5)
Seat 4: 7e65b65e(small blind) folded before Flop
Seat 2: 2158bf30 folded before Flop (didn't bet)
Seat 1: Hero folded before Flop (didn't bet)
Seat 7: 34744543 folded before Flop (didn't bet)



Poker Hand #ring_850621445: NLH No Limit ($1/$2) - 2025/04/30 13:40:19
Table 'MR NLH 1/2' 7-max Seat #2 is the button
Seat 5: 3baf6c2c ($315.89 in chips)
Seat 3: 2e85de49 ($297.16 in chips)
Seat 4: 7e65b65e ($355.55 in chips)
Seat 2: 2158bf30 ($515.8 in chips)
Seat 1: Hero ($345.64 in chips)
Seat 7: 34744543 ($413.93 in chips)
2e85de49: posts small blind $1
7e65b65e: posts big blind $2
*** HOLE CARDS ***
Dealt to 3baf6c2c 
Dealt to 2e85de49 
Dealt to 7e65b65e 
Dealt to 2158bf30 
Dealt to Hero [2c Jc]
Dealt to 34744543 
3baf6c2c: raises $4 to $6
34744543: folds
Hero: folds
2158bf30: folds
2e85de49: folds
7e65b65e: calls $4
*** FLOP *** [Qh Qs 3d]
7e65b65e: checks
3baf6c2c: bets $4.55
7e65b65e: calls $4.55
*** TURN *** [Qh Qs 3d] [Jh]
7e65b65e: checks
3baf6c2c: bets $9.95
7e65b65e: raises $21 to $30.95
3baf6c2c: calls $21
*** RIVER *** [Qh Qs 3d Jh] [4s]
7e65b65e: bets $42
3baf6c2c: folds
Uncalled bet ($42) returned to 7e65b65e
*** SHOWDOWN ***
7e65b65e collected $84 from pot
*** SUMMARY ***
Total pot $84
Board [Qh Qs 3d Jh 4s]
Seat 5: 3baf6c2c folded on the River
Seat 3: 2e85de49(small blind) folded before Flop
Seat 4: 7e65b65e(big blind)won ($84) with Three Queens
Seat 2: 2158bf30 folded before Flop (didn't bet)
Seat 1: Hero folded before Flop (didn't bet)
Seat 7: 34744543 folded before Flop (didn't bet)



Poker Hand #ring_850620016: NLH No Limit ($1/$2) - 2025/04/30 13:38:47
Table 'MR NLH 1/2' 7-max Seat #1 is the button
Seat 5: 3baf6c2c ($321.89 in chips)
Seat 3: 2e85de49 ($316.66 in chips)
Seat 4: 7e65b65e ($355.55 in chips)
Seat 2: 2158bf30 ($492.82 in chips)
Seat 1: Hero ($345.64 in chips)
Seat 7: 34744543 ($413.93 in chips)
2158bf30: posts small blind $1
2e85de49: posts big blind $2
*** HOLE CARDS ***
Dealt to 3baf6c2c 
Dealt to 2e85de49 
Dealt to 7e65b65e 
Dealt to 2158bf30 
Dealt to Hero [2c 3s]
Dealt to 34744543 
7e65b65e: folds
3baf6c2c: raises $4 to $6
34744543: folds
Hero: folds
2158bf30: calls $5
2e85de49: calls $4
*** FLOP *** [9c 4h 2d]
2158bf30: checks
2e85de49: checks
3baf6c2c: checks
*** TURN *** [9c 4h 2d] [5s]
2158bf30: checks
2e85de49: checks
3baf6c2c: checks
*** RIVER *** [9c 4h 2d 5s] [Tc]
2158bf30: checks
2e85de49: bets $13.5
3baf6c2c: folds
2158bf30: calls $13.5
2158bf30: shows [Kc Th]
2e85de49: shows [Td Qs]
*** SHOWDOWN ***
2158bf30 collected $45 from pot
*** SUMMARY ***
Total pot $45
Board [9c 4h 2d 5s Tc]
Seat 5: 3baf6c2c folded on the River
Seat 3: 2e85de49(big blind) showed [Td Qs] and lost with Pair of Tens
Seat 4: 7e65b65e folded before Flop (didn't bet)
Seat 2: 2158bf30(small blind) showed [Kc Th] and won ($45) with Pair of Tens
Seat 1: Hero folded before Flop (didn't bet)
Seat 7: 34744543 folded before Flop (didn't bet)



Poker Hand #ring_850619506: NLH No Limit ($1/$2) - 2025/04/30 13:38:14
Table 'MR NLH 1/2' 7-max Seat #7 is the button
Seat 5: 3baf6c2c ($321.89 in chips)
Seat 3: 2e85de49 ($316.66 in chips)
Seat 4: 7e65b65e ($355.55 in chips)
Seat 2: 2158bf30 ($494.82 in chips)
Seat 1: Hero ($343.64 in chips)
Seat 7: 34744543 ($413.93 in chips)
Hero: posts small blind $1
2158bf30: posts big blind $2
*** HOLE CARDS ***
Dealt to 3baf6c2c 
Dealt to 2e85de49 
Dealt to 7e65b65e 
Dealt to 2158bf30 
Dealt to Hero [7c Jd]
Dealt to 34744543 
2e85de49: folds
7e65b65e: folds
3baf6c2c: folds
34744543: folds
Hero: raises $3 to $5
2158bf30: folds
Uncalled bet ($3) returned to Hero
*** SHOWDOWN ***
Hero collected $4 from pot
*** SUMMARY ***
Total pot $4
Seat 5: 3baf6c2c folded before Flop (didn't bet)
Seat 3: 2e85de49 folded before Flop (didn't bet)
Seat 4: 7e65b65e folded before Flop (didn't bet)
Seat 2: 2158bf30(big blind) folded before Flop
Seat 1: Hero(small blind)won ($4)
Seat 7: 34744543 folded before Flop (didn't bet)



Poker Hand #ring_850619180: NLH No Limit ($1/$2) - 2025/04/30 13:37:53
Table 'MR NLH 1/2' 7-max Seat #5 is the button
Seat 5: 3baf6c2c ($318.89 in chips)
Seat 3: 2e85de49 ($316.66 in chips)
Seat 4: 7e65b65e ($355.55 in chips)
Seat 2: 2158bf30 ($494.82 in chips)
Seat 1: Hero ($345.64 in chips)
Seat 7: 34744543 ($414.93 in chips)
34744543: posts small blind $1
Hero: posts big blind $2
*** HOLE CARDS ***
Dealt to 3baf6c2c 
Dealt to 2e85de49 
Dealt to 7e65b65e 
Dealt to 2158bf30 
Dealt to Hero [2c Qh]
Dealt to 34744543 
2158bf30: folds
2e85de49: folds
7e65b65e: folds
3baf6c2c: raises $3 to $5
34744543: folds
Hero: folds
Uncalled bet ($3) returned to 3baf6c2c
*** SHOWDOWN ***
3baf6c2c collected $5 from pot
*** SUMMARY ***
Total pot $5
Seat 5: 3baf6c2cwon ($5)
Seat 3: 2e85de49 folded before Flop (didn't bet)
Seat 4: 7e65b65e folded before Flop (didn't bet)
Seat 2: 2158bf30 folded before Flop (didn't bet)
Seat 1: Hero(big blind) folded before Flop
Seat 7: 34744543(small blind) folded before Flop



Poker Hand #ring_850618188: NLH No Limit ($1/$2) - 2025/04/30 13:36:49
Table 'MR NLH 1/2' 7-max Seat #4 is the button
Seat 5: 3baf6c2c ($271.63 in chips)
Seat 3: 2e85de49 ($367.04 in chips)
Seat 4: 7e65b65e ($355.55 in chips)
Seat 2: 2158bf30 ($494.82 in chips)
Seat 1: Hero ($345.64 in chips)
Seat 7: 34744543 ($416.93 in chips)
3baf6c2c: posts small blind $1
34744543: posts big blind $2
*** HOLE CARDS ***
Dealt to 3baf6c2c 
Dealt to 2e85de49 
Dealt to 7e65b65e 
Dealt to 2158bf30 
Dealt to Hero [3d Jc]
Dealt to 34744543 
Hero: folds
2158bf30: folds
2e85de49: raises $4 to $6
7e65b65e: folds
3baf6c2c: calls $5
34744543: folds
*** FLOP *** [2h Kh 9h]
3baf6c2c: checks
2e85de49: bets $4.62
3baf6c2c: raises $8.14 to $12.76
2e85de49: calls $8.14
*** TURN *** [2h Kh 9h] [7c]
3baf6c2c: bets $31.62
2e85de49: calls $31.62
*** RIVER *** [2h Kh 9h 7c] [9s]
3baf6c2c: bets $61.66
2e85de49: folds
Uncalled bet ($61.66) returned to 3baf6c2c
*** SHOWDOWN ***
3baf6c2c collected $102.76 from pot
*** SUMMARY ***
Total pot $102.76
Board [2h Kh 9h 7c 9s]
Seat 5: 3baf6c2c(small blind)won ($102.76) with King High Flush
Seat 3: 2e85de49 folded on the River
Seat 4: 7e65b65e folded before Flop (didn't bet)
Seat 2: 2158bf30 folded before Flop (didn't bet)
Seat 1: Hero folded before Flop (didn't bet)
Seat 7: 34744543(big blind) folded before Flop



Poker Hand #ring_850617671: NLH No Limit ($1/$2) - 2025/04/30 13:36:16
Table 'MR NLH 1/2' 7-max Seat #3 is the button
Seat 5: 3baf6c2c ($265.63 in chips)
Seat 3: 2e85de49 ($367.04 in chips)
Seat 4: 7e65b65e ($356.55 in chips)
Seat 2: 2158bf30 ($494.82 in chips)
Seat 1: Hero ($350.64 in chips)
Seat 7: 34744543 ($416.93 in chips)
7e65b65e: posts small blind $1
3baf6c2c: posts big blind $2
*** HOLE CARDS ***
Dealt to 3baf6c2c 
Dealt to 2e85de49 
Dealt to 7e65b65e 
Dealt to 2158bf30 
Dealt to Hero [8c Qc]
Dealt to 34744543 
34744543: folds
Hero: raises $3 to $5
2158bf30: folds
2e85de49: folds
7e65b65e: folds
3baf6c2c: raises $12 to $17
Hero: folds
Uncalled bet ($12) returned to 3baf6c2c
*** SHOWDOWN ***
3baf6c2c collected $11 from pot
*** SUMMARY ***
Total pot $11
Seat 5: 3baf6c2c(big blind)won ($11)
Seat 3: 2e85de49 folded before Flop (didn't bet)
Seat 4: 7e65b65e(small blind) folded before Flop
Seat 2: 2158bf30 folded before Flop (didn't bet)
Seat 1: Hero folded before Flop
Seat 7: 34744543 folded before Flop (didn't bet)



Poker Hand #ring_850616878: NLH No Limit ($1/$2) - 2025/04/30 13:35:27
Table 'MR NLH 1/2' 7-max Seat #2 is the button
Seat 5: 3baf6c2c ($265.63 in chips)
Seat 3: 2e85de49 ($377 in chips)
Seat 4: 7e65b65e ($347.48 in chips)
Seat 2: 2158bf30 ($494.82 in chips)
Seat 1: Hero ($350.64 in chips)
Seat 7: 34744543 ($416.93 in chips)
2e85de49: posts small blind $1
7e65b65e: posts big blind $2
*** HOLE CARDS ***
Dealt to 3baf6c2c 
Dealt to 2e85de49 
Dealt to 7e65b65e 
Dealt to 2158bf30 
Dealt to Hero [2s 9s]
Dealt to 34744543 
3baf6c2c: folds
34744543: folds
Hero: folds
2158bf30: folds
2e85de49: raises $4 to $6
7e65b65e: calls $4
*** FLOP *** [Jc 5c 8h]
2e85de49: bets $3.96
7e65b65e: calls $3.96
*** TURN *** [Jc 5c 8h] [Ks]
2e85de49: checks
7e65b65e: checks
*** RIVER *** [Jc 5c 8h Ks] [5h]
2e85de49: checks
7e65b65e: bets $14.94
2e85de49: folds
Uncalled bet ($14.94) returned to 7e65b65e
*** SHOWDOWN ***
7e65b65e collected $19.92 from pot
*** SUMMARY ***
Total pot $19.92
Board [Jc 5c 8h Ks 5h]
Seat 5: 3baf6c2c folded before Flop (didn't bet)
Seat 3: 2e85de49(small blind) folded on the River
Seat 4: 7e65b65e(big blind)won ($19.92) with Pair of Fives
Seat 2: 2158bf30 folded before Flop (didn't bet)
Seat 1: Hero folded before Flop (didn't bet)
Seat 7: 34744543 folded before Flop (didn't bet)



Poker Hand #ring_850615551: NLH No Limit ($1/$2) - 2025/04/30 13:34:01
Table 'MR NLH 1/2' 7-max Seat #1 is the button
Seat 5: 3baf6c2c ($265.63 in chips)
Seat 3: 2e85de49 ($379 in chips)
Seat 4: 7e65b65e ($257.8 in chips)
Seat 2: 2158bf30 ($591.82 in chips)
Seat 1: Hero ($350.64 in chips)
Seat 7: 34744543 ($416.93 in chips)
2158bf30: posts small blind $1
2e85de49: posts big blind $2
*** HOLE CARDS ***
Dealt to 3baf6c2c 
Dealt to 2e85de49 
Dealt to 7e65b65e 
Dealt to 2158bf30 
Dealt to Hero [2c Jc]
Dealt to 34744543 
7e65b65e: raises $3 to $5
3baf6c2c: folds
34744543: folds
Hero: folds
2158bf30: raises $12 to $17
2e85de49: folds
7e65b65e: calls $12
*** FLOP *** [Ad 4h 5s]
2158bf30: bets $18
7e65b65e: calls $18
*** TURN *** [Ad 4h 5s] [6c]
2158bf30: bets $62
7e65b65e: raises $160.8 to $222.8 and is all-in
2158bf30: folds
Uncalled bet ($160.8) returned to 7e65b65e
*** SHOWDOWN ***
7e65b65e collected $196 from pot
*** SUMMARY ***
Total pot $196
Board [Ad 4h 5s 6c]
Seat 5: 3baf6c2c folded before Flop (didn't bet)
Seat 3: 2e85de49(big blind) folded before Flop
Seat 4: 7e65b65ewon ($196) with Pair of Aces and Pair of Fives
Seat 2: 2158bf30(small blind) folded on the Turn
Seat 1: Hero folded before Flop (didn't bet)
Seat 7: 34744543 folded before Flop (didn't bet)



Poker Hand #ring_850614968: NLH No Limit ($1/$2) - 2025/04/30 13:33:23
Table 'MR NLH 1/2' 7-max Seat #7 is the button
Seat 5: 3baf6c2c ($265.63 in chips)
Seat 3: 2e85de49 ($400 in chips)
Seat 4: 7e65b65e ($236.32 in chips)
Seat 2: 2158bf30 ($593.82 in chips)
Seat 1: Hero ($351.64 in chips)
Seat 7: 34744543 ($416.93 in chips)
Hero: posts small blind $1
2158bf30: posts big blind $2
*** HOLE CARDS ***
Dealt to 3baf6c2c 
Dealt to 2e85de49 
Dealt to 7e65b65e 
Dealt to 2158bf30 
Dealt to Hero [4c 9d]
Dealt to 34744543 
2e85de49: raises $4 to $6
7e65b65e: raises $15 to $21
3baf6c2c: folds
34744543: folds
Hero: folds
2158bf30: folds
2e85de49: calls $15
*** FLOP *** [Tc 7d 6c]
2e85de49: checks
7e65b65e: bets $22.5
2e85de49: folds
Uncalled bet ($22.5) returned to 7e65b65e
*** SHOWDOWN ***
7e65b65e collected $45 from pot
*** SUMMARY ***
Total pot $45
Board [Tc 7d 6c]
Seat 5: 3baf6c2c folded before Flop (didn't bet)
Seat 3: 2e85de49 folded on the Flop
Seat 4: 7e65b65ewon ($45) with Pair of Kings
Seat 2: 2158bf30(big blind) folded before Flop
Seat 1: Hero(small blind) folded before Flop
Seat 7: 34744543 folded before Flop (didn't bet)



Poker Hand #ring_850614680: NLH No Limit ($1/$2) - 2025/04/30 13:33:03
Table 'MR NLH 1/2' 7-max Seat #0 is the button
Seat 5: 3baf6c2c ($265.63 in chips)
Seat 3: 2e85de49 ($400 in chips)
Seat 4: 7e65b65e ($236.32 in chips)
Seat 2: 2158bf30 ($593.82 in chips)
Seat 1: Hero ($350.64 in chips)
Seat 7: 34744543 ($417.93 in chips)
34744543: posts small blind $1
Hero: posts big blind $2
*** HOLE CARDS ***
Dealt to 3baf6c2c 
Dealt to 2e85de49 
Dealt to 7e65b65e 
Dealt to 2158bf30 
Dealt to Hero [Ah Js]
Dealt to 34744543 
2158bf30: folds
2e85de49: folds
7e65b65e: folds
3baf6c2c: folds
34744543: folds
*** SHOWDOWN ***
Hero collected $3 from pot
*** SUMMARY ***
Total pot $3
Seat 5: 3baf6c2c folded before Flop (didn't bet)
Seat 3: 2e85de49 folded before Flop (didn't bet)
Seat 4: 7e65b65e folded before Flop (didn't bet)
Seat 2: 2158bf30 folded before Flop (didn't bet)
Seat 1: Hero(big blind)won ($3)
Seat 7: 34744543(small blind) folded before Flop



Poker Hand #ring_850613753: NLH No Limit ($1/$2) - 2025/04/30 13:32:03
Table 'MR NLH 1/2' 7-max Seat #5 is the button
Seat 5: 3baf6c2c ($265.63 in chips)
Seat 3: 2e85de49 ($400 in chips)
Seat 4: 7e65b65e ($236.32 in chips)
Seat 2: 2158bf30 ($385.6 in chips)
Seat 6: 261f118c ($227.26 in chips)
Seat 1: Hero ($350.64 in chips)
Seat 7: 34744543 ($419.93 in chips)
261f118c: posts small blind $1
34744543: posts big blind $2
*** HOLE CARDS ***
Dealt to 3baf6c2c 
Dealt to 2e85de49 
Dealt to 7e65b65e 
Dealt to 2158bf30 
Dealt to 261f118c 
Dealt to Hero [8d 3h]
Dealt to 34744543 
Hero: folds
2158bf30: raises $2 to $4
2e85de49: folds
7e65b65e: folds
3baf6c2c: folds
261f118c: raises $10 to $14
34744543: folds
2158bf30: raises $30 to $44
261f118c: raises $183.26 to $227.26 and is all-in
2158bf30: calls $183.26
2158bf30: shows [Kh Ks]
261f118c: shows [Qc Qs]
*** FLOP *** [3d Qh Js]
*** TURN *** [3d Qh Js] [Jc]
*** RIVER *** [3d Qh Js Jc] [Kc]
*** SHOWDOWN ***
2158bf30 collected $456.52 from pot
*** SUMMARY ***
Total pot $456.52
Board [3d Qh Js Jc Kc]
Seat 5: 3baf6c2c folded before Flop (didn't bet)
Seat 3: 2e85de49 folded before Flop (didn't bet)
Seat 4: 7e65b65e folded before Flop (didn't bet)
Seat 2: 2158bf30 showed [Kh Ks] and won ($456.52) with Kings Full over Jacks
Seat 6: 261f118c(small blind) showed [Qc Qs] and lost with Queens Full over Jacks
Seat 1: Hero folded before Flop (didn't bet)
Seat 7: 34744543(big blind) folded before Flop



Poker Hand #ring_850613430: NLH No Limit ($1/$2) - 2025/04/30 13:31:42
Table 'MR NLH 1/2' 7-max Seat #4 is the button
Seat 5: 3baf6c2c ($266.63 in chips)
Seat 3: 2e85de49 ($316.63 in chips)
Seat 4: 7e65b65e ($233.32 in chips)
Seat 2: 2158bf30 ($385.6 in chips)
Seat 6: 261f118c ($229.26 in chips)
Seat 1: Hero ($350.64 in chips)
Seat 7: 34744543 ($419.93 in chips)
3baf6c2c: posts small blind $1
261f118c: posts big blind $2
*** HOLE CARDS ***
Dealt to 3baf6c2c 
Dealt to 2e85de49 
Dealt to 7e65b65e 
Dealt to 2158bf30 
Dealt to 261f118c 
Dealt to Hero [3d Ac]
Dealt to 34744543 
34744543: folds
Hero: folds
2158bf30: folds
2e85de49: folds
7e65b65e: raises $3 to $5
3baf6c2c: folds
261f118c: folds
Uncalled bet ($3) returned to 7e65b65e
*** SHOWDOWN ***
7e65b65e collected $5 from pot
*** SUMMARY ***
Total pot $5
Seat 5: 3baf6c2c(small blind) folded before Flop
Seat 3: 2e85de49 folded before Flop (didn't bet)
Seat 4: 7e65b65ewon ($5)
Seat 2: 2158bf30 folded before Flop (didn't bet)
Seat 6: 261f118c(big blind) folded before Flop
Seat 1: Hero folded before Flop (didn't bet)
Seat 7: 34744543 folded before Flop (didn't bet)



Poker Hand #ring_850612700: NLH No Limit ($1/$2) - 2025/04/30 13:30:55
Table 'MR NLH 1/2' 7-max Seat #3 is the button
Seat 5: 3baf6c2c ($268.63 in chips)
Seat 3: 2e85de49 ($345.13 in chips)
Seat 4: 7e65b65e ($234.32 in chips)
Seat 2: 2158bf30 ($385.6 in chips)
Seat 6: 261f118c ($229.26 in chips)
Seat 1: Hero ($322.34 in chips)
Seat 7: 34744543 ($419.93 in chips)
7e65b65e: posts small blind $1
3baf6c2c: posts big blind $2
*** HOLE CARDS ***
Dealt to 3baf6c2c 
Dealt to 2e85de49 
Dealt to 7e65b65e 
Dealt to 2158bf30 
Dealt to 261f118c 
Dealt to Hero [Td 8d]
Dealt to 34744543 
261f118c: folds
34744543: folds
Hero: raises $4 to $6
2158bf30: folds
2e85de49: calls $6
7e65b65e: folds
3baf6c2c: folds
*** FLOP *** [Th 5h 7h]
Hero: checks
2e85de49: checks
*** TURN *** [Th 5h 7h] [Ts]
Hero: bets $7.5
2e85de49: calls $7.5
*** RIVER *** [Th 5h 7h Ts] [Qd]
Hero: bets $15
2e85de49: calls $15
Hero: shows [Td 8d]
2e85de49: shows [Qh Jc]
*** SHOWDOWN ***
Hero collected $60 from pot
*** SUMMARY ***
Total pot $60
Board [Th 5h 7h Ts Qd]
Seat 5: 3baf6c2c(big blind) folded before Flop
Seat 3: 2e85de49 showed [Qh Jc] and lost with Pair of Queens and Pair of Tens
Seat 4: 7e65b65e(small blind) folded before Flop
Seat 2: 2158bf30 folded before Flop (didn't bet)
Seat 6: 261f118c folded before Flop (didn't bet)
Seat 1: Hero showed [Td 8d] and won ($60) with Three Tens
Seat 7: 34744543 folded before Flop (didn't bet)



Poker Hand #ring_850612116: NLH No Limit ($1/$2) - 2025/04/30 13:30:15
Table 'MR NLH 1/2' 7-max Seat #2 is the button
Seat 5: 3baf6c2c ($268.63 in chips)
Seat 3: 2e85de49 ($346.13 in chips)
Seat 4: 7e65b65e ($226.08 in chips)
Seat 2: 2158bf30 ($385.6 in chips)
Seat 6: 261f118c ($229.26 in chips)
Seat 1: Hero ($330.34 in chips)
Seat 7: 34744543 ($419.93 in chips)
2e85de49: posts small blind $1
7e65b65e: posts big blind $2
*** HOLE CARDS ***
Dealt to 3baf6c2c 
Dealt to 2e85de49 
Dealt to 7e65b65e 
Dealt to 2158bf30 
Dealt to 261f118c 
Dealt to Hero [Jd 7d]
Dealt to 34744543 
3baf6c2c: folds
261f118c: folds
34744543: folds
Hero: raises $4 to $6
2158bf30: folds
2e85de49: folds
7e65b65e: calls $4
*** FLOP *** [Kh Qs Jc]
7e65b65e: checks
Hero: checks
*** TURN *** [Kh Qs Jc] [9s]
7e65b65e: checks
Hero: checks
*** RIVER *** [Kh Qs Jc 9s] [Ah]
7e65b65e: bets $2
Hero: calls $2
Hero: shows [Jd 7d]
7e65b65e: shows [3h Qh]
*** SHOWDOWN ***
7e65b65e collected $17 from pot
*** SUMMARY ***
Total pot $17
Board [Kh Qs Jc 9s Ah]
Seat 5: 3baf6c2c folded before Flop (didn't bet)
Seat 3: 2e85de49(small blind) folded before Flop
Seat 4: 7e65b65e(big blind) showed [3h Qh] and won ($17) with Pair of Queens
Seat 2: 2158bf30 folded before Flop (didn't bet)
Seat 6: 261f118c folded before Flop (didn't bet)
Seat 1: Hero showed [Jd 7d] and lost with Pair of Jacks
Seat 7: 34744543 folded before Flop (didn't bet)



Poker Hand #ring_850611704: NLH No Limit ($1/$2) - 2025/04/30 13:29:49
Table 'MR NLH 1/2' 7-max Seat #1 is the button
Seat 5: 3baf6c2c ($268.63 in chips)
Seat 3: 2e85de49 ($348.13 in chips)
Seat 4: 7e65b65e ($226.08 in chips)
Seat 2: 2158bf30 ($386.6 in chips)
Seat 6: 261f118c ($229.26 in chips)
Seat 1: Hero ($330.34 in chips)
Seat 7: 34744543 ($416.93 in chips)
2158bf30: posts small blind $1
2e85de49: posts big blind $2
*** HOLE CARDS ***
Dealt to 3baf6c2c 
Dealt to 2e85de49 
Dealt to 7e65b65e 
Dealt to 2158bf30 
Dealt to 261f118c 
Dealt to Hero [Kd 3s]
Dealt to 34744543 
7e65b65e: folds
3baf6c2c: folds
261f118c: folds
34744543: raises $4 to $6
Hero: folds
2158bf30: folds
2e85de49: folds
Uncalled bet ($4) returned to 34744543
*** SHOWDOWN ***
34744543 collected $5 from pot
*** SUMMARY ***
Total pot $5
Seat 5: 3baf6c2c folded before Flop (didn't bet)
Seat 3: 2e85de49(big blind) folded before Flop
Seat 4: 7e65b65e folded before Flop (didn't bet)
Seat 2: 2158bf30(small blind) folded before Flop
Seat 6: 261f118c folded before Flop (didn't bet)
Seat 1: Hero folded before Flop (didn't bet)
Seat 7: 34744543won ($5)



Poker Hand #ring_850610575: NLH No Limit ($1/$2) - 2025/04/30 13:28:36
Table 'MR NLH 1/2' 7-max Seat #7 is the button
Seat 5: 3baf6c2c ($268.63 in chips)
Seat 3: 2e85de49 ($391.94 in chips)
Seat 4: 7e65b65e ($232.08 in chips)
Seat 2: 2158bf30 ($340.54 in chips)
Seat 6: 261f118c ($229.26 in chips)
Seat 1: Hero ($331.34 in chips)
Seat 7: 34744543 ($416.93 in chips)
Hero: posts small blind $1
2158bf30: posts big blind $2
*** HOLE CARDS ***
Dealt to 3baf6c2c 
Dealt to 2e85de49 
Dealt to 7e65b65e 
Dealt to 2158bf30 
Dealt to 261f118c 
Dealt to Hero [Kh 5c]
Dealt to 34744543 
2e85de49: raises $4 to $6
7e65b65e: calls $6
3baf6c2c: folds
261f118c: folds
34744543: folds
Hero: folds
2158bf30: raises $19 to $25
2e85de49: calls $19
7e65b65e: folds
*** FLOP *** [6s Tc Jc]
2158bf30: checks
2e85de49: checks
*** TURN *** [6s Tc Jc] [Jd]
2158bf30: bets $18.81
2e85de49: calls $18.81
*** RIVER *** [6s Tc Jc Jd] [2h]
2158bf30: checks
2e85de49: checks
2158bf30: shows [Th Ah]
2e85de49: shows [8s 8h]
*** SHOWDOWN ***
2158bf30 collected $94.62 from pot
*** SUMMARY ***
Total pot $94.62
Board [6s Tc Jc Jd 2h]
Seat 5: 3baf6c2c folded before Flop (didn't bet)
Seat 3: 2e85de49 showed [8s 8h] and lost with Pair of Jacks and Pair of Eights
Seat 4: 7e65b65e folded before Flop
Seat 2: 2158bf30(big blind) showed [Th Ah] and won ($94.62) with Pair of Jacks and Pair of Tens
Seat 6: 261f118c folded before Flop (didn't bet)
Seat 1: Hero(small blind) folded before Flop
Seat 7: 34744543 folded before Flop (didn't bet)



Poker Hand #ring_850610166: NLH No Limit ($1/$2) - 2025/04/30 13:28:10
Table 'MR NLH 1/2' 7-max Seat #6 is the button
Seat 5: 3baf6c2c ($265.63 in chips)
Seat 3: 2e85de49 ($391.94 in chips)
Seat 4: 7e65b65e ($232.08 in chips)
Seat 2: 2158bf30 ($340.54 in chips)
Seat 6: 261f118c ($229.26 in chips)
Seat 1: Hero ($333.34 in chips)
Seat 7: 34744543 ($417.93 in chips)
34744543: posts small blind $1
Hero: posts big blind $2
*** HOLE CARDS ***
Dealt to 3baf6c2c 
Dealt to 2e85de49 
Dealt to 7e65b65e 
Dealt to 2158bf30 
Dealt to 261f118c 
Dealt to Hero [Th 3c]
Dealt to 34744543 
2158bf30: folds
2e85de49: folds
7e65b65e: folds
3baf6c2c: raises $4 to $6
261f118c: folds
34744543: folds
Hero: folds
Uncalled bet ($4) returned to 3baf6c2c
*** SHOWDOWN ***
3baf6c2c collected $5 from pot
*** SUMMARY ***
Total pot $5
Seat 5: 3baf6c2cwon ($5)
Seat 3: 2e85de49 folded before Flop (didn't bet)
Seat 4: 7e65b65e folded before Flop (didn't bet)
Seat 2: 2158bf30 folded before Flop (didn't bet)
Seat 6: 261f118c folded before Flop (didn't bet)
Seat 1: Hero(big blind) folded before Flop
Seat 7: 34744543(small blind) folded before Flop



Poker Hand #ring_850609646: NLH No Limit ($1/$2) - 2025/04/30 13:27:37
Table 'MR NLH 1/2' 7-max Seat #5 is the button
Seat 5: 3baf6c2c ($265.63 in chips)
Seat 3: 2e85de49 ($391.94 in chips)
Seat 4: 7e65b65e ($232.08 in chips)
Seat 2: 2158bf30 ($340.54 in chips)
Seat 6: 261f118c ($227.26 in chips)
Seat 1: Hero ($333.34 in chips)
Seat 7: 34744543 ($419.93 in chips)
261f118c: posts small blind $1
34744543: posts big blind $2
*** HOLE CARDS ***
Dealt to 3baf6c2c 
Dealt to 2e85de49 
Dealt to 7e65b65e 
Dealt to 2158bf30 
Dealt to 261f118c 
Dealt to Hero [3s 9h]
Dealt to 34744543 
Hero: folds
2158bf30: folds
2e85de49: folds
7e65b65e: folds
3baf6c2c: folds
261f118c: raises $4 to $6
34744543: folds
Uncalled bet ($4) returned to 261f118c
*** SHOWDOWN ***
261f118c collected $4 from pot
*** SUMMARY ***
Total pot $4
Seat 5: 3baf6c2c folded before Flop (didn't bet)
Seat 3: 2e85de49 folded before Flop (didn't bet)
Seat 4: 7e65b65e folded before Flop (didn't bet)
Seat 2: 2158bf30 folded before Flop (didn't bet)
Seat 6: 261f118c(small blind)won ($4)
Seat 1: Hero folded before Flop (didn't bet)
Seat 7: 34744543(big blind) folded before Flop



Poker Hand #ring_850608985: NLH No Limit ($1/$2) - 2025/04/30 13:26:54
Table 'MR NLH 1/2' 7-max Seat #4 is the button
Seat 5: 3baf6c2c ($270.03 in chips)
Seat 3: 2e85de49 ($391.94 in chips)
Seat 4: 7e65b65e ($232.08 in chips)
Seat 2: 2158bf30 ($340.54 in chips)
Seat 6: 261f118c ($223.25 in chips)
Seat 1: Hero ($333.34 in chips)
Seat 7: 34744543 ($419.93 in chips)
3baf6c2c: posts small blind $1
261f118c: posts big blind $2
*** HOLE CARDS ***
Dealt to 3baf6c2c 
Dealt to 2e85de49 
Dealt to 7e65b65e 
Dealt to 2158bf30 
Dealt to 261f118c 
Dealt to Hero [Ks 7d]
Dealt to 34744543 
34744543: folds
Hero: folds
2158bf30: folds
2e85de49: folds
7e65b65e: folds
3baf6c2c: calls $1
261f118c: checks
*** FLOP *** [Qd Ts 7c]
3baf6c2c: bets $2.4
261f118c: calls $2.4
*** TURN *** [Qd Ts 7c] [As]
3baf6c2c: checks
261f118c: bets $6.6
3baf6c2c: folds
Uncalled bet ($6.6) returned to 261f118c
*** SHOWDOWN ***
261f118c collected $8.8 from pot
*** SUMMARY ***
Total pot $8.8
Board [Qd Ts 7c As]
Seat 5: 3baf6c2c(small blind) folded on the Turn
Seat 3: 2e85de49 folded before Flop (didn't bet)
Seat 4: 7e65b65e folded before Flop (didn't bet)
Seat 2: 2158bf30 folded before Flop (didn't bet)
Seat 6: 261f118c(big blind)won ($8.8) with Pair of Tens and Pair of Sevens
Seat 1: Hero folded before Flop (didn't bet)
Seat 7: 34744543 folded before Flop (didn't bet)



Poker Hand #ring_850608621: NLH No Limit ($1/$2) - 2025/04/30 13:26:29
Table 'MR NLH 1/2' 7-max Seat #3 is the button
Seat 5: 3baf6c2c ($272.03 in chips)
Seat 3: 2e85de49 ($391.94 in chips)
Seat 4: 7e65b65e ($233.08 in chips)
Seat 2: 2158bf30 ($340.54 in chips)
Seat 6: 261f118c ($223.25 in chips)
Seat 1: Hero ($330.34 in chips)
Seat 7: 34744543 ($419.93 in chips)
7e65b65e: posts small blind $1
3baf6c2c: posts big blind $2
*** HOLE CARDS ***
Dealt to 3baf6c2c 
Dealt to 2e85de49 
Dealt to 7e65b65e 
Dealt to 2158bf30 
Dealt to 261f118c 
Dealt to Hero [Ad Qh]
Dealt to 34744543 
261f118c: folds
34744543: folds
Hero: raises $4 to $6
2158bf30: folds
2e85de49: folds
7e65b65e: folds
3baf6c2c: folds
Uncalled bet ($4) returned to Hero
*** SHOWDOWN ***
Hero collected $5 from pot
*** SUMMARY ***
Total pot $5
Seat 5: 3baf6c2c(big blind) folded before Flop
Seat 3: 2e85de49 folded before Flop (didn't bet)
Seat 4: 7e65b65e(small blind) folded before Flop
Seat 2: 2158bf30 folded before Flop (didn't bet)
Seat 6: 261f118c folded before Flop (didn't bet)
Seat 1: Herowon ($5)
Seat 7: 34744543 folded before Flop (didn't bet)



Poker Hand #ring_850608124: NLH No Limit ($1/$2) - 2025/04/30 13:25:58
Table 'MR NLH 1/2' 7-max Seat #2 is the button
Seat 5: 3baf6c2c ($272.03 in chips)
Seat 3: 2e85de49 ($392.94 in chips)
Seat 4: 7e65b65e ($228.08 in chips)
Seat 2: 2158bf30 ($344.54 in chips)
Seat 6: 261f118c ($223.25 in chips)
Seat 1: Hero ($330.34 in chips)
Seat 7: 34744543 ($419.93 in chips)
2e85de49: posts small blind $1
7e65b65e: posts big blind $2
*** HOLE CARDS ***
Dealt to 3baf6c2c 
Dealt to 2e85de49 
Dealt to 7e65b65e 
Dealt to 2158bf30 
Dealt to 261f118c 
Dealt to Hero [Jh 8d]
Dealt to 34744543 
3baf6c2c: folds
261f118c: folds
34744543: folds
Hero: folds
2158bf30: raises $2 to $4
2e85de49: folds
7e65b65e: raises $9 to $13
2158bf30: folds
Uncalled bet ($9) returned to 7e65b65e
*** SHOWDOWN ***
7e65b65e collected $9 from pot
*** SUMMARY ***
Total pot $9
Seat 5: 3baf6c2c folded before Flop (didn't bet)
Seat 3: 2e85de49(small blind) folded before Flop
Seat 4: 7e65b65e(big blind)won ($9)
Seat 2: 2158bf30 folded before Flop
Seat 6: 261f118c folded before Flop (didn't bet)
Seat 1: Hero folded before Flop (didn't bet)
Seat 7: 34744543 folded before Flop (didn't bet)



Poker Hand #ring_850607635: NLH No Limit ($1/$2) - 2025/04/30 13:25:26
Table 'MR NLH 1/2' 7-max Seat #1 is the button
Seat 5: 3baf6c2c ($272.03 in chips)
Seat 3: 2e85de49 ($394.94 in chips)
Seat 4: 7e65b65e ($228.08 in chips)
Seat 2: 2158bf30 ($337.54 in chips)
Seat 6: 261f118c ($223.25 in chips)
Seat 1: Hero ($335.34 in chips)
Seat 7: 34744543 ($419.93 in chips)
2158bf30: posts small blind $1
2e85de49: posts big blind $2
*** HOLE CARDS ***
Dealt to 3baf6c2c 
Dealt to 2e85de49 
Dealt to 7e65b65e 
Dealt to 2158bf30 
Dealt to 261f118c 
Dealt to Hero [Kd 4d]
Dealt to 34744543 
7e65b65e: folds
3baf6c2c: folds
261f118c: folds
34744543: folds
Hero: raises $3 to $5
2158bf30: raises $17 to $22
2e85de49: folds
Hero: folds
Uncalled bet ($17) returned to 2158bf30
*** SHOWDOWN ***
2158bf30 collected $12 from pot
*** SUMMARY ***
Total pot $12
Seat 5: 3baf6c2c folded before Flop (didn't bet)
Seat 3: 2e85de49(big blind) folded before Flop
Seat 4: 7e65b65e folded before Flop (didn't bet)
Seat 2: 2158bf30(small blind)won ($12)
Seat 6: 261f118c folded before Flop (didn't bet)
Seat 1: Hero folded before Flop
Seat 7: 34744543 folded before Flop (didn't bet)



Poker Hand #ring_850607267: NLH No Limit ($1/$2) - 2025/04/30 13:25:01
Table 'MR NLH 1/2' 7-max Seat #7 is the button
Seat 5: 3baf6c2c ($269.03 in chips)
Seat 3: 2e85de49 ($394.94 in chips)
Seat 4: 7e65b65e ($228.08 in chips)
Seat 2: 2158bf30 ($339.54 in chips)
Seat 6: 261f118c ($223.25 in chips)
Seat 1: Hero ($336.34 in chips)
Seat 7: 34744543 ($419.93 in chips)
Hero: posts small blind $1
2158bf30: posts big blind $2
*** HOLE CARDS ***
Dealt to 3baf6c2c 
Dealt to 2e85de49 
Dealt to 7e65b65e 
Dealt to 2158bf30 
Dealt to 261f118c 
Dealt to Hero [Qh 2c]
Dealt to 34744543 
2e85de49: folds
7e65b65e: folds
3baf6c2c: raises $4 to $6
261f118c: folds
34744543: folds
Hero: folds
2158bf30: folds
Uncalled bet ($4) returned to 3baf6c2c
*** SHOWDOWN ***
3baf6c2c collected $5 from pot
*** SUMMARY ***
Total pot $5
Seat 5: 3baf6c2cwon ($5)
Seat 3: 2e85de49 folded before Flop (didn't bet)
Seat 4: 7e65b65e folded before Flop (didn't bet)
Seat 2: 2158bf30(big blind) folded before Flop
Seat 6: 261f118c folded before Flop (didn't bet)
Seat 1: Hero(small blind) folded before Flop
Seat 7: 34744543 folded before Flop (didn't bet)



Poker Hand #ring_850606507: NLH No Limit ($1/$2) - 2025/04/30 13:24:11
Table 'MR NLH 1/2' 7-max Seat #6 is the button
Seat 5: 3baf6c2c ($253.42 in chips)
Seat 3: 2e85de49 ($394.94 in chips)
Seat 4: 7e65b65e ($228.08 in chips)
Seat 2: 2158bf30 ($339.54 in chips)
Seat 6: 261f118c ($223.25 in chips)
Seat 1: Hero ($347.74 in chips)
Seat 7: 34744543 ($425.93 in chips)
34744543: posts small blind $1
Hero: posts big blind $2
*** HOLE CARDS ***
Dealt to 3baf6c2c 
Dealt to 2e85de49 
Dealt to 7e65b65e 
Dealt to 2158bf30 
Dealt to 261f118c 
Dealt to Hero [3s Ts]
Dealt to 34744543 
2158bf30: folds
2e85de49: folds
7e65b65e: folds
3baf6c2c: raises $4 to $6
261f118c: folds
34744543: calls $5
Hero: calls $4
*** FLOP *** [6h 7d Ac]
34744543: checks
Hero: checks
3baf6c2c: checks
*** TURN *** [6h 7d Ac] [3d]
34744543: checks
Hero: bets $5.4
3baf6c2c: raises $10.08 to $15.48
34744543: folds
Hero: folds
Uncalled bet ($10.08) returned to 3baf6c2c
*** SHOWDOWN ***
3baf6c2c collected $28.8 from pot
*** SUMMARY ***
Total pot $28.8
Board [6h 7d Ac 3d]
Seat 5: 3baf6c2cwon ($28.8) with Pair of Aces
Seat 3: 2e85de49 folded before Flop (didn't bet)
Seat 4: 7e65b65e folded before Flop (didn't bet)
Seat 2: 2158bf30 folded before Flop (didn't bet)
Seat 6: 261f118c folded before Flop (didn't bet)
Seat 1: Hero(big blind) folded on the Turn
Seat 7: 34744543(small blind) folded on the Turn



Poker Hand #ring_850606178: NLH No Limit ($1/$2) - 2025/04/30 13:23:49
Table 'MR NLH 1/2' 7-max Seat #5 is the button
Seat 5: 3baf6c2c ($253.42 in chips)
Seat 3: 2e85de49 ($394.94 in chips)
Seat 4: 7e65b65e ($225.08 in chips)
Seat 2: 2158bf30 ($339.54 in chips)
Seat 6: 261f118c ($224.25 in chips)
Seat 1: Hero ($347.74 in chips)
Seat 7: 34744543 ($427.93 in chips)
261f118c: posts small blind $1
34744543: posts big blind $2
*** HOLE CARDS ***
Dealt to 3baf6c2c 
Dealt to 2e85de49 
Dealt to 7e65b65e 
Dealt to 2158bf30 
Dealt to 261f118c 
Dealt to Hero [4c 6s]
Dealt to 34744543 
Hero: folds
2158bf30: folds
2e85de49: folds
7e65b65e: raises $3 to $5
3baf6c2c: folds
261f118c: folds
34744543: folds
Uncalled bet ($3) returned to 7e65b65e
*** SHOWDOWN ***
7e65b65e collected $5 from pot
*** SUMMARY ***
Total pot $5
Seat 5: 3baf6c2c folded before Flop (didn't bet)
Seat 3: 2e85de49 folded before Flop (didn't bet)
Seat 4: 7e65b65ewon ($5)
Seat 2: 2158bf30 folded before Flop (didn't bet)
Seat 6: 261f118c(small blind) folded before Flop
Seat 1: Hero folded before Flop (didn't bet)
Seat 7: 34744543(big blind) folded before Flop



Poker Hand #ring_850605127: NLH No Limit ($1/$2) - 2025/04/30 13:22:39
Table 'MR NLH 1/2' 7-max Seat #4 is the button
Seat 5: 3baf6c2c ($254.42 in chips)
Seat 3: 2e85de49 ($407.19 in chips)
Seat 4: 7e65b65e ($225.08 in chips)
Seat 2: 2158bf30 ($343.54 in chips)
Seat 6: 261f118c ($207 in chips)
Seat 1: Hero ($347.74 in chips)
Seat 7: 34744543 ($427.93 in chips)
3baf6c2c: posts small blind $1
261f118c: posts big blind $2
*** HOLE CARDS ***
Dealt to 3baf6c2c 
Dealt to 2e85de49 
Dealt to 7e65b65e 
Dealt to 2158bf30 
Dealt to 261f118c 
Dealt to Hero [7c Qc]
Dealt to 34744543 
34744543: folds
Hero: folds
2158bf30: raises $2 to $4
2e85de49: raises $8.25 to $12.25
7e65b65e: folds
3baf6c2c: folds
261f118c: raises $29.5 to $41.75
2158bf30: folds
2e85de49: folds
Uncalled bet ($29.5) returned to 261f118c
*** SHOWDOWN ***
261f118c collected $29.5 from pot
*** SUMMARY ***
Total pot $29.5
Seat 5: 3baf6c2c(small blind) folded before Flop
Seat 3: 2e85de49 folded before Flop
Seat 4: 7e65b65e folded before Flop (didn't bet)
Seat 2: 2158bf30 folded before Flop
Seat 6: 261f118c(big blind)won ($29.5)
Seat 1: Hero folded before Flop (didn't bet)
Seat 7: 34744543 folded before Flop (didn't bet)



Poker Hand #ring_850604816: NLH No Limit ($1/$2) - 2025/04/30 13:22:19
Table 'MR NLH 1/2' 7-max Seat #3 is the button
Seat 5: 3baf6c2c ($256.42 in chips)
Seat 3: 2e85de49 ($407.19 in chips)
Seat 4: 7e65b65e ($226.08 in chips)
Seat 2: 2158bf30 ($343.54 in chips)
Seat 6: 261f118c ($204 in chips)
Seat 1: Hero ($347.74 in chips)
Seat 7: 34744543 ($427.93 in chips)
7e65b65e: posts small blind $1
3baf6c2c: posts big blind $2
*** HOLE CARDS ***
Dealt to 3baf6c2c 
Dealt to 2e85de49 
Dealt to 7e65b65e 
Dealt to 2158bf30 
Dealt to 261f118c 
Dealt to Hero [5h Kd]
Dealt to 34744543 
261f118c: raises $4 to $6
34744543: folds
Hero: folds
2158bf30: folds
2e85de49: folds
7e65b65e: folds
3baf6c2c: folds
Uncalled bet ($4) returned to 261f118c
*** SHOWDOWN ***
261f118c collected $5 from pot
*** SUMMARY ***
Total pot $5
Seat 5: 3baf6c2c(big blind) folded before Flop
Seat 3: 2e85de49 folded before Flop (didn't bet)
Seat 4: 7e65b65e(small blind) folded before Flop
Seat 2: 2158bf30 folded before Flop (didn't bet)
Seat 6: 261f118cwon ($5)
Seat 1: Hero folded before Flop (didn't bet)
Seat 7: 34744543 folded before Flop (didn't bet)



Poker Hand #ring_850604508: NLH No Limit ($1/$2) - 2025/04/30 13:21:59
Table 'MR NLH 1/2' 7-max Seat #2 is the button
Seat 5: 3baf6c2c ($256.42 in chips)
Seat 3: 2e85de49 ($408.19 in chips)
Seat 4: 7e65b65e ($225.08 in chips)
Seat 2: 2158bf30 ($343.54 in chips)
Seat 6: 261f118c ($204 in chips)
Seat 1: Hero ($347.74 in chips)
Seat 7: 34744543 ($427.93 in chips)
2e85de49: posts small blind $1
7e65b65e: posts big blind $2
*** HOLE CARDS ***
Dealt to 3baf6c2c 
Dealt to 2e85de49 
Dealt to 7e65b65e 
Dealt to 2158bf30 
Dealt to 261f118c 
Dealt to Hero [9s 5d]
Dealt to 34744543 
3baf6c2c: folds
261f118c: folds
34744543: folds
Hero: folds
2158bf30: folds
2e85de49: folds
*** SHOWDOWN ***
7e65b65e collected $3 from pot
*** SUMMARY ***
Total pot $3
Seat 5: 3baf6c2c folded before Flop (didn't bet)
Seat 3: 2e85de49(small blind) folded before Flop
Seat 4: 7e65b65e(big blind)won ($3)
Seat 2: 2158bf30 folded before Flop (didn't bet)
Seat 6: 261f118c folded before Flop (didn't bet)
Seat 1: Hero folded before Flop (didn't bet)
Seat 7: 34744543 folded before Flop (didn't bet)



Poker Hand #ring_850603339: NLH No Limit ($1/$2) - 2025/04/30 13:20:43
Table 'MR NLH 1/2' 7-max Seat #1 is the button
Seat 5: 3baf6c2c ($256.42 in chips)
Seat 3: 2e85de49 ($397 in chips)
Seat 4: 7e65b65e ($225.08 in chips)
Seat 2: 2158bf30 ($349.54 in chips)
Seat 6: 261f118c ($204 in chips)
Seat 1: Hero ($353.74 in chips)
Seat 7: 34744543 ($427.93 in chips)
2158bf30: posts small blind $1
2e85de49: posts big blind $2
*** HOLE CARDS ***
Dealt to 3baf6c2c 
Dealt to 2e85de49 
Dealt to 7e65b65e 
Dealt to 2158bf30 
Dealt to 261f118c 
Dealt to Hero [Ks Qh]
Dealt to 34744543 
7e65b65e: folds
3baf6c2c: folds
261f118c: folds
34744543: folds
Hero: raises $4 to $6
2158bf30: calls $5
2e85de49: calls $4
*** FLOP *** [Jd 5h Js]
2158bf30: checks
2e85de49: checks
Hero: checks
*** TURN *** [Jd 5h Js] [3d]
2158bf30: checks
2e85de49: bets $9
Hero: folds
2158bf30: folds
Uncalled bet ($9) returned to 2e85de49
*** SHOWDOWN ***
2e85de49 collected $18 from pot
*** SUMMARY ***
Total pot $18
Board [Jd 5h Js 3d]
Seat 5: 3baf6c2c folded before Flop (didn't bet)
Seat 3: 2e85de49(big blind)won ($18) with Pair of Jacks
Seat 4: 7e65b65e folded before Flop (didn't bet)
Seat 2: 2158bf30(small blind) folded on the Turn
Seat 6: 261f118c folded before Flop (didn't bet)
Seat 1: Hero folded on the Turn
Seat 7: 34744543 folded before Flop (didn't bet)



Poker Hand #ring_850602986: NLH No Limit ($1/$2) - 2025/04/30 13:20:20
Table 'MR NLH 1/2' 7-max Seat #7 is the button
Seat 5: 3baf6c2c ($256.42 in chips)
Seat 3: 2e85de49 ($397 in chips)
Seat 4: 7e65b65e ($222.08 in chips)
Seat 2: 2158bf30 ($351.54 in chips)
Seat 6: 261f118c ($204 in chips)
Seat 1: Hero ($354.74 in chips)
Seat 7: 34744543 ($427.93 in chips)
Hero: posts small blind $1
2158bf30: posts big blind $2
*** HOLE CARDS ***
Dealt to 3baf6c2c 
Dealt to 2e85de49 
Dealt to 7e65b65e 
Dealt to 2158bf30 
Dealt to 261f118c 
Dealt to Hero [Qc 2c]
Dealt to 34744543 
2e85de49: folds
7e65b65e: raises $3 to $5
3baf6c2c: folds
261f118c: folds
34744543: folds
Hero: folds
2158bf30: folds
Uncalled bet ($3) returned to 7e65b65e
*** SHOWDOWN ***
7e65b65e collected $5 from pot
*** SUMMARY ***
Total pot $5
Seat 5: 3baf6c2c folded before Flop (didn't bet)
Seat 3: 2e85de49 folded before Flop (didn't bet)
Seat 4: 7e65b65ewon ($5)
Seat 2: 2158bf30(big blind) folded before Flop
Seat 6: 261f118c folded before Flop (didn't bet)
Seat 1: Hero(small blind) folded before Flop
Seat 7: 34744543 folded before Flop (didn't bet)



Poker Hand #ring_850601962: NLH No Limit ($1/$2) - 2025/04/30 13:19:14
Table 'MR NLH 1/2' 7-max Seat #6 is the button
Seat 5: 3baf6c2c ($256.42 in chips)
Seat 3: 2e85de49 ($397 in chips)
Seat 4: 7e65b65e ($222.08 in chips)
Seat 2: 2158bf30 ($358.51 in chips)
Seat 6: 261f118c ($204 in chips)
Seat 1: Hero ($347.44 in chips)
Seat 7: 34744543 ($428.93 in chips)
34744543: posts small blind $1
Hero: posts big blind $2
*** HOLE CARDS ***
Dealt to 3baf6c2c 
Dealt to 2e85de49 
Dealt to 7e65b65e 
Dealt to 2158bf30 
Dealt to 261f118c 
Dealt to Hero [Kh 2h]
Dealt to 34744543 
2158bf30: raises $2 to $4
2e85de49: folds
7e65b65e: folds
3baf6c2c: folds
261f118c: folds
34744543: folds
Hero: calls $2
*** FLOP *** [5s 2d Ac]
Hero: checks
2158bf30: bets $2.97
Hero: calls $2.97
*** TURN *** [5s 2d Ac] [8c]
Hero: checks
2158bf30: checks
*** RIVER *** [5s 2d Ac 8c] [Jh]
Hero: checks
2158bf30: checks
Hero: shows [Kh 2h]
2158bf30: shows [Qd Kc]
*** SHOWDOWN ***
Hero collected $14.94 from pot
*** SUMMARY ***
Total pot $14.94
Board [5s 2d Ac 8c Jh]
Seat 5: 3baf6c2c folded before Flop (didn't bet)
Seat 3: 2e85de49 folded before Flop (didn't bet)
Seat 4: 7e65b65e folded before Flop (didn't bet)
Seat 2: 2158bf30 showed [Qd Kc] and lost with Ace-High
Seat 6: 261f118c folded before Flop (didn't bet)
Seat 1: Hero(big blind) showed [Kh 2h] and won ($14.94) with Pair of Twos
Seat 7: 34744543(small blind) folded before Flop



Poker Hand #ring_850601273: NLH No Limit ($1/$2) - 2025/04/30 13:18:29
Table 'MR NLH 1/2' 7-max Seat #5 is the button
Seat 5: 3baf6c2c ($256.42 in chips)
Seat 3: 2e85de49 ($397 in chips)
Seat 4: 7e65b65e ($222.08 in chips)
Seat 2: 2158bf30 ($362.51 in chips)
Seat 6: 261f118c ($198 in chips)
Seat 1: Hero ($347.44 in chips)
Seat 7: 34744543 ($430.93 in chips)
261f118c: posts small blind $1
34744543: posts big blind $2
*** HOLE CARDS ***
Dealt to 3baf6c2c 
Dealt to 2e85de49 
Dealt to 7e65b65e 
Dealt to 2158bf30 
Dealt to 261f118c 
Dealt to Hero [6s 3h]
Dealt to 34744543 
Hero: folds
2158bf30: raises $2 to $4
2e85de49: folds
7e65b65e: folds
3baf6c2c: folds
261f118c: raises $10 to $14
34744543: folds
2158bf30: folds
Uncalled bet ($10) returned to 261f118c
*** SHOWDOWN ***
261f118c collected $10 from pot
*** SUMMARY ***
Total pot $10
Seat 5: 3baf6c2c folded before Flop (didn't bet)
Seat 3: 2e85de49 folded before Flop (didn't bet)
Seat 4: 7e65b65e folded before Flop (didn't bet)
Seat 2: 2158bf30 folded before Flop
Seat 6: 261f118c(small blind)won ($10)
Seat 1: Hero folded before Flop (didn't bet)
Seat 7: 34744543(big blind) folded before Flop



Poker Hand #ring_850600822: NLH No Limit ($1/$2) - 2025/04/30 13:18:01
Table 'MR NLH 1/2' 7-max Seat #4 is the button
Seat 5: 3baf6c2c ($254.6 in chips)
Seat 3: 2e85de49 ($397 in chips)
Seat 4: 7e65b65e ($222.08 in chips)
Seat 2: 2158bf30 ($362.51 in chips)
Seat 6: 261f118c ($200 in chips)
Seat 1: Hero ($347.44 in chips)
Seat 7: 34744543 ($430.93 in chips)
3baf6c2c: posts small blind $1
261f118c: posts big blind $2
*** HOLE CARDS ***
Dealt to 3baf6c2c 
Dealt to 2e85de49 
Dealt to 7e65b65e 
Dealt to 2158bf30 
Dealt to 261f118c 
Dealt to Hero [Js Qc]
Dealt to 34744543 
34744543: folds
Hero: folds
2158bf30: folds
2e85de49: folds
7e65b65e: folds
3baf6c2c: calls $1
261f118c: checks
*** FLOP *** [Qs 2c Kd]
3baf6c2c: bets $2.4
261f118c: folds
Uncalled bet ($2.4) returned to 3baf6c2c
*** SHOWDOWN ***
3baf6c2c collected $4 from pot
*** SUMMARY ***
Total pot $4
Board [Qs 2c Kd]
Seat 5: 3baf6c2c(small blind)won ($4) with King-High
Seat 3: 2e85de49 folded before Flop (didn't bet)
Seat 4: 7e65b65e folded before Flop (didn't bet)
Seat 2: 2158bf30 folded before Flop (didn't bet)
Seat 6: 261f118c(big blind) folded on the Flop
Seat 1: Hero folded before Flop (didn't bet)
Seat 7: 34744543 folded before Flop (didn't bet)



Poker Hand #ring_850600346: NLH No Limit ($1/$2) - 2025/04/30 13:17:29
Table 'MR NLH 1/2' 7-max Seat #3 is the button
Seat 5: 3baf6c2c ($256.6 in chips)
Seat 3: 2e85de49 ($397 in chips)
Seat 4: 7e65b65e ($223.08 in chips)
Seat 2: 2158bf30 ($362.51 in chips)
Seat 6: 261f118c ($197 in chips)
Seat 1: Hero ($347.44 in chips)
Seat 7: 34744543 ($430.93 in chips)
7e65b65e: posts small blind $1
3baf6c2c: posts big blind $2
*** HOLE CARDS ***
Dealt to 3baf6c2c 
Dealt to 2e85de49 
Dealt to 7e65b65e 
Dealt to 2158bf30 
Dealt to 261f118c 
Dealt to Hero [3s Ad]
Dealt to 34744543 
261f118c: raises $4 to $6
34744543: folds
Hero: folds
2158bf30: folds
2e85de49: folds
7e65b65e: folds
3baf6c2c: folds
Uncalled bet ($4) returned to 261f118c
*** SHOWDOWN ***
261f118c collected $5 from pot
*** SUMMARY ***
Total pot $5
Seat 5: 3baf6c2c(big blind) folded before Flop
Seat 3: 2e85de49 folded before Flop (didn't bet)
Seat 4: 7e65b65e(small blind) folded before Flop
Seat 2: 2158bf30 folded before Flop (didn't bet)
Seat 6: 261f118cwon ($5)
Seat 1: Hero folded before Flop (didn't bet)
Seat 7: 34744543 folded before Flop (didn't bet)



Poker Hand #ring_850599706: NLH No Limit ($1/$2) - 2025/04/30 13:16:47
Table 'MR NLH 1/2' 7-max Seat #2 is the button
Seat 5: 3baf6c2c ($256.6 in chips)
Seat 3: 2e85de49 ($401 in chips)
Seat 4: 7e65b65e ($219.44 in chips)
Seat 2: 2158bf30 ($362.51 in chips)
Seat 6: 261f118c ($197 in chips)
Seat 1: Hero ($347.44 in chips)
Seat 7: 34744543 ($430.93 in chips)
2e85de49: posts small blind $1
7e65b65e: posts big blind $2
*** HOLE CARDS ***
Dealt to 3baf6c2c 
Dealt to 2e85de49 
Dealt to 7e65b65e 
Dealt to 2158bf30 
Dealt to 261f118c 
Dealt to Hero [Ts Jd]
Dealt to 34744543 
3baf6c2c: folds
261f118c: folds
34744543: folds
Hero: folds
2158bf30: folds
2e85de49: calls $1
7e65b65e: checks
*** FLOP *** [9s 3d Ks]
2e85de49: checks
7e65b65e: checks
*** TURN *** [9s 3d Ks] [2s]
2e85de49: checks
7e65b65e: bets $2
2e85de49: calls $2
*** RIVER *** [9s 3d Ks 2s] [4c]
2e85de49: checks
7e65b65e: checks
2e85de49: shows [7c Js]
7e65b65e: shows [Qs 6h]
*** SHOWDOWN ***
7e65b65e collected $8 from pot
*** SUMMARY ***
Total pot $8
Board [9s 3d Ks 2s 4c]
Seat 5: 3baf6c2c folded before Flop (didn't bet)
Seat 3: 2e85de49(small blind) showed [7c Js] and lost with King-High
Seat 4: 7e65b65e(big blind) showed [Qs 6h] and won ($8) with King-High
Seat 2: 2158bf30 folded before Flop (didn't bet)
Seat 6: 261f118c folded before Flop (didn't bet)
Seat 1: Hero folded before Flop (didn't bet)
Seat 7: 34744543 folded before Flop (didn't bet)



Poker Hand #ring_850599453: NLH No Limit ($1/$2) - 2025/04/30 13:16:29
Table 'MR NLH 1/2' 7-max Seat #1 is the button
Seat 5: 3baf6c2c ($256.6 in chips)
Seat 3: 2e85de49 ($403 in chips)
Seat 4: 7e65b65e ($219.44 in chips)
Seat 2: 2158bf30 ($363.51 in chips)
Seat 6: 261f118c ($197 in chips)
Seat 1: Hero ($347.44 in chips)
Seat 7: 34744543 ($427.93 in chips)
2158bf30: posts small blind $1
2e85de49: posts big blind $2
*** HOLE CARDS ***
Dealt to 3baf6c2c 
Dealt to 2e85de49 
Dealt to 7e65b65e 
Dealt to 2158bf30 
Dealt to 261f118c 
Dealt to Hero [Kh 3d]
Dealt to 34744543 
7e65b65e: folds
3baf6c2c: folds
261f118c: folds
34744543: raises $4 to $6
Hero: folds
2158bf30: folds
2e85de49: folds
Uncalled bet ($4) returned to 34744543
*** SHOWDOWN ***
34744543 collected $5 from pot
*** SUMMARY ***
Total pot $5
Seat 5: 3baf6c2c folded before Flop (didn't bet)
Seat 3: 2e85de49(big blind) folded before Flop
Seat 4: 7e65b65e folded before Flop (didn't bet)
Seat 2: 2158bf30(small blind) folded before Flop
Seat 6: 261f118c folded before Flop (didn't bet)
Seat 1: Hero folded before Flop (didn't bet)
Seat 7: 34744543won ($5)



Poker Hand #ring_850598537: NLH No Limit ($1/$2) - 2025/04/30 13:15:29
Table 'MR NLH 1/2' 7-max Seat #7 is the button
Seat 5: 3baf6c2c ($256.6 in chips)
Seat 3: 2e85de49 ($403 in chips)
Seat 4: 7e65b65e ($234.44 in chips)
Seat 2: 2158bf30 ($335.08 in chips)
Seat 6: 261f118c ($197 in chips)
Seat 1: Hero ($348.44 in chips)
Seat 7: 34744543 ($442.93 in chips)
Hero: posts small blind $1
2158bf30: posts big blind $2
*** HOLE CARDS ***
Dealt to 3baf6c2c 
Dealt to 2e85de49 
Dealt to 7e65b65e 
Dealt to 2158bf30 
Dealt to 261f118c 
Dealt to Hero [8s 4d]
Dealt to 34744543 
2e85de49: folds
7e65b65e: raises $3 to $5
3baf6c2c: folds
261f118c: folds
34744543: raises $10 to $15
Hero: folds
2158bf30: calls $13
7e65b65e: calls $10
*** FLOP *** [Kh 8d Ac]
2158bf30: checks
7e65b65e: checks
34744543: checks
*** TURN *** [Kh 8d Ac] [3h]
2158bf30: checks
7e65b65e: checks
34744543: checks
*** RIVER *** [Kh 8d Ac 3h] [5s]
2158bf30: bets $15.18
7e65b65e: folds
34744543: folds
Uncalled bet ($15.18) returned to 2158bf30
*** SHOWDOWN ***
2158bf30 collected $46 from pot
*** SUMMARY ***
Total pot $46
Board [Kh 8d Ac 3h 5s]
Seat 5: 3baf6c2c folded before Flop (didn't bet)
Seat 3: 2e85de49 folded before Flop (didn't bet)
Seat 4: 7e65b65e folded on the River
Seat 2: 2158bf30(big blind)won ($46) with Pair of Kings
Seat 6: 261f118c folded before Flop (didn't bet)
Seat 1: Hero(small blind) folded before Flop
Seat 7: 34744543 folded on the River



Poker Hand #ring_850597728: NLH No Limit ($1/$2) - 2025/04/30 13:14:36
Table 'MR NLH 1/2' 7-max Seat #6 is the button
Seat 5: 3baf6c2c ($202.78 in chips)
Seat 3: 2e85de49 ($403 in chips)
Seat 4: 7e65b65e ($279.44 in chips)
Seat 2: 2158bf30 ($335.08 in chips)
Seat 6: 261f118c ($197 in chips)
Seat 1: Hero ($361.44 in chips)
Seat 7: 34744543 ($443.93 in chips)
34744543: posts small blind $1
Hero: posts big blind $2
*** HOLE CARDS ***
Dealt to 3baf6c2c 
Dealt to 2e85de49 
Dealt to 7e65b65e 
Dealt to 2158bf30 
Dealt to 261f118c 
Dealt to Hero [Td 7s]
Dealt to 34744543 
2158bf30: folds
2e85de49: folds
7e65b65e: raises $3 to $5
3baf6c2c: calls $5
261f118c: folds
34744543: folds
Hero: calls $3
*** FLOP *** [7c 6c 2c]
Hero: checks
7e65b65e: bets $8
3baf6c2c: calls $8
Hero: calls $8
*** TURN *** [7c 6c 2c] [Qc]
Hero: checks
7e65b65e: checks
3baf6c2c: checks
*** RIVER *** [7c 6c 2c Qc] [Ks]
Hero: checks
7e65b65e: checks
3baf6c2c: bets $32
Hero: folds
7e65b65e: calls $32
7e65b65e: shows [Qh Js]
3baf6c2c: shows [Ac 4c]
*** SHOWDOWN ***
3baf6c2c collected $104 from pot
*** SUMMARY ***
Total pot $104
Board [7c 6c 2c Qc Ks]
Seat 5: 3baf6c2c showed [Ac 4c] and won ($104) with Ace High Flush
Seat 3: 2e85de49 folded before Flop (didn't bet)
Seat 4: 7e65b65e showed [Qh Js] and lost with Pair of Queens
Seat 2: 2158bf30 folded before Flop (didn't bet)
Seat 6: 261f118c folded before Flop (didn't bet)
Seat 1: Hero(big blind) folded on the River
Seat 7: 34744543(small blind) folded before Flop



Poker Hand #ring_850597385: NLH No Limit ($1/$2) - 2025/04/30 13:14:13
Table 'MR NLH 1/2' 7-max Seat #5 is the button
Seat 5: 3baf6c2c ($202.78 in chips)
Seat 3: 2e85de49 ($403 in chips)
Seat 4: 7e65b65e ($279.44 in chips)
Seat 2: 2158bf30 ($335.08 in chips)
Seat 6: 261f118c ($198 in chips)
Seat 1: Hero ($361.44 in chips)
Seat 7: 34744543 ($442.93 in chips)
261f118c: posts small blind $1
34744543: posts big blind $2
*** HOLE CARDS ***
Dealt to 3baf6c2c 
Dealt to 2e85de49 
Dealt to 7e65b65e 
Dealt to 2158bf30 
Dealt to 261f118c 
Dealt to Hero [8d Ac]
Dealt to 34744543 
Hero: folds
2158bf30: folds
2e85de49: folds
7e65b65e: folds
3baf6c2c: folds
261f118c: folds
*** SHOWDOWN ***
34744543 collected $3 from pot
*** SUMMARY ***
Total pot $3
Seat 5: 3baf6c2c folded before Flop (didn't bet)
Seat 3: 2e85de49 folded before Flop (didn't bet)
Seat 4: 7e65b65e folded before Flop (didn't bet)
Seat 2: 2158bf30 folded before Flop (didn't bet)
Seat 6: 261f118c(small blind) folded before Flop
Seat 1: Hero folded before Flop (didn't bet)
Seat 7: 34744543(big blind)won ($3)



Poker Hand #ring_850596518: NLH No Limit ($1/$2) - 2025/04/30 13:13:15
Table 'MR NLH 1/2' 7-max Seat #4 is the button
Seat 5: 3baf6c2c ($200.96 in chips)
Seat 3: 2e85de49 ($403 in chips)
Seat 4: 7e65b65e ($279.44 in chips)
Seat 2: 2158bf30 ($335.08 in chips)
Seat 6: 261f118c ($200 in chips)
Seat 1: Hero ($361.44 in chips)
Seat 7: 34744543 ($442.93 in chips)
3baf6c2c: posts small blind $1
261f118c: posts big blind $2
*** HOLE CARDS ***
Dealt to 3baf6c2c 
Dealt to 2e85de49 
Dealt to 7e65b65e 
Dealt to 2158bf30 
Dealt to 261f118c 
Dealt to Hero [7h Jc]
Dealt to 34744543 
34744543: folds
Hero: folds
2158bf30: folds
2e85de49: folds
7e65b65e: folds
3baf6c2c: calls $1
261f118c: checks
*** FLOP *** [Ts Th Tc]
3baf6c2c: checks
261f118c: checks
*** TURN *** [Ts Th Tc] [2h]
3baf6c2c: bets $2.4
261f118c: folds
Uncalled bet ($2.4) returned to 3baf6c2c
*** SHOWDOWN ***
3baf6c2c collected $4 from pot
*** SUMMARY ***
Total pot $4
Board [Ts Th Tc 2h]
Seat 5: 3baf6c2c(small blind)won ($4) with Three Tens
Seat 3: 2e85de49 folded before Flop (didn't bet)
Seat 4: 7e65b65e folded before Flop (didn't bet)
Seat 2: 2158bf30 folded before Flop (didn't bet)
Seat 6: 261f118c(big blind) folded on the Turn
Seat 1: Hero folded before Flop (didn't bet)
Seat 7: 34744543 folded before Flop (didn't bet)



Poker Hand #ring_850596015: NLH No Limit ($1/$2) - 2025/04/30 13:12:44
Table 'MR NLH 1/2' 7-max Seat #3 is the button
Seat 5: 3baf6c2c ($202.96 in chips)
Seat 3: 2e85de49 ($400 in chips)
Seat 4: 7e65b65e ($280.44 in chips)
Seat 2: 2158bf30 ($335.08 in chips)
Seat 1: Hero ($361.44 in chips)
Seat 7: 34744543 ($442.93 in chips)
7e65b65e: posts small blind $1
3baf6c2c: posts big blind $2
2e85de49: posts big blind $2
*** HOLE CARDS ***
Dealt to 3baf6c2c 
Dealt to 2e85de49 
Dealt to 7e65b65e 
Dealt to 2158bf30 
Dealt to Hero [7c Ah]
Dealt to 34744543 
34744543: folds
Hero: folds
2158bf30: folds
2e85de49: raises $4 to $6
7e65b65e: folds
3baf6c2c: folds
Uncalled bet ($4) returned to 2e85de49
*** SHOWDOWN ***
2e85de49 collected $5 from pot
*** SUMMARY ***
Total pot $5
Seat 5: 3baf6c2c(big blind) folded before Flop
Seat 3: 2e85de49won ($5)
Seat 4: 7e65b65e(small blind) folded before Flop
Seat 2: 2158bf30 folded before Flop (didn't bet)
Seat 1: Hero folded before Flop (didn't bet)
Seat 7: 34744543 folded before Flop (didn't bet)



Poker Hand #ring_850594825: NLH No Limit ($1/$2) - 2025/04/30 13:11:25
Table 'MR NLH 1/2' 7-max Seat #2 is the button
Seat 5: 3baf6c2c ($298 in chips)
Seat 3: 36d60023 ($102.55 in chips)
Seat 4: 7e65b65e ($282.44 in chips)
Seat 2: 2158bf30 ($206.74 in chips)
Seat 1: Hero ($361.44 in chips)
Seat 7: 34744543 ($494.8 in chips)
36d60023: posts small blind $1
7e65b65e: posts big blind $2
*** HOLE CARDS ***
Dealt to 3baf6c2c 
Dealt to 36d60023 
Dealt to 7e65b65e 
Dealt to 2158bf30 
Dealt to Hero [Kd 7s]
Dealt to 34744543 
3baf6c2c: raises $4.15 to $6.15
34744543: raises $11.85 to $18
Hero: folds
2158bf30: raises $33.87 to $51.87
36d60023: folds
7e65b65e: folds
3baf6c2c: calls $45.72
34744543: calls $33.87
*** FIRST FLOP *** [5s Ah 4c]
3baf6c2c: checks
34744543: checks
2158bf30: checks
*** FIRST TURN *** [5s Ah 4c] [2h]
3baf6c2c: bets $71.38
34744543: folds
2158bf30: raises $83.49 to $154.87 and is all-in
3baf6c2c: calls $83.49
2158bf30: shows [Ac 2c]
3baf6c2c: shows [Kh As]
*** FIRST RIVER *** [5s Ah 4c 2h] [8c]
*** SECOND RIVER *** [5s Ah 4c 2h] [3c]
*** FIRST SHOWDOWN ***
2158bf30 collected $234.43 from pot
*** SECOND SHOWDOWN ***
2158bf30 collected $116.96 from pot
3baf6c2c collected $116.96 from pot
*** SUMMARY ***
Total pot $468.35
Hand was run two timesFIRST Board [5s Ah 4c 2h 8c]
SECOND Board [3c]
Seat 5: 3baf6c2c showed [Kh As] and won ($116.96) with Pair of Aces / Fives-High Straight
Seat 3: 36d60023(small blind) folded before Flop
Seat 4: 7e65b65e(big blind) folded before Flop
Seat 2: 2158bf30 showed [Ac 2c] and won ($351.39) with Pair of Aces and Pair of Twos / Fives-High Straight
Seat 1: Hero folded before Flop (didn't bet)
Seat 7: 34744543 folded on the Turn



Poker Hand #ring_850594482: NLH No Limit ($1/$2) - 2025/04/30 13:11:04
Table 'MR NLH 1/2' 7-max Seat #1 is the button
Seat 5: 3baf6c2c ($298 in chips)
Seat 3: 36d60023 ($101.55 in chips)
Seat 4: 7e65b65e ($282.44 in chips)
Seat 2: 2158bf30 ($207.74 in chips)
Seat 1: Hero ($361.44 in chips)
Seat 7: 34744543 ($494.8 in chips)
2158bf30: posts small blind $1
36d60023: posts big blind $2
*** HOLE CARDS ***
Dealt to 3baf6c2c 
Dealt to 36d60023 
Dealt to 7e65b65e 
Dealt to 2158bf30 
Dealt to Hero [3h 9h]
Dealt to 34744543 
7e65b65e: folds
3baf6c2c: folds
34744543: folds
Hero: folds
2158bf30: folds
*** SHOWDOWN ***
36d60023 collected $3 from pot
*** SUMMARY ***
Total pot $3
Seat 5: 3baf6c2c folded before Flop (didn't bet)
Seat 3: 36d60023(big blind)won ($3)
Seat 4: 7e65b65e folded before Flop (didn't bet)
Seat 2: 2158bf30(small blind) folded before Flop
Seat 1: Hero folded before Flop (didn't bet)
Seat 7: 34744543 folded before Flop (didn't bet)



Poker Hand #ring_850593217: NLH No Limit ($1/$2) - 2025/04/30 13:09:41
Table 'MR NLH 1/2' 7-max Seat #7 is the button
Seat 5: 3baf6c2c ($300 in chips)
Seat 3: 36d60023 ($101.55 in chips)
Seat 4: 7e65b65e ($282.44 in chips)
Seat 2: 2158bf30 ($263.24 in chips)
Seat 1: Hero ($362.44 in chips)
Seat 7: 34744543 ($441.93 in chips)
Hero: posts small blind $1
2158bf30: posts big blind $2
3baf6c2c: posts big blind $2
*** HOLE CARDS ***
Dealt to 3baf6c2c 
Dealt to 36d60023 
Dealt to 7e65b65e 
Dealt to 2158bf30 
Dealt to Hero [Kd 6s]
Dealt to 34744543 
36d60023: folds
7e65b65e: folds
3baf6c2c: checks
34744543: raises $6 to $8
Hero: folds
2158bf30: raises $19 to $27
3baf6c2c: folds
34744543: calls $19
*** FLOP *** [7c Ah 2s]
2158bf30: bets $28.5
34744543: calls $28.5
*** TURN *** [7c Ah 2s] [Qh]
2158bf30: checks
34744543: checks
*** RIVER *** [7c Ah 2s Qh] [Qc]
2158bf30: checks
34744543: bets $37.62
2158bf30: folds
Uncalled bet ($37.62) returned to 34744543
*** SHOWDOWN ***
34744543 collected $114 from pot
*** SUMMARY ***
Total pot $114
Board [7c Ah 2s Qh Qc]
Seat 5: 3baf6c2c folded before Flop
Seat 3: 36d60023 folded before Flop (didn't bet)
Seat 4: 7e65b65e folded before Flop (didn't bet)
Seat 2: 2158bf30(big blind) folded on the River
Seat 1: Hero(small blind) folded before Flop
Seat 7: 34744543won ($114) with Pair of Aces and Pair of Queens



Poker Hand #ring_850592914: NLH No Limit ($1/$2) - 2025/04/30 13:09:21
Table 'MR NLH 1/2' 7-max Seat #4 is the button
Seat 3: 36d60023 ($101.55 in chips)
Seat 4: 7e65b65e ($282.44 in chips)
Seat 2: 2158bf30 ($263.24 in chips)
Seat 1: Hero ($361.44 in chips)
Seat 7: 34744543 ($442.93 in chips)
34744543: posts small blind $1
Hero: posts big blind $2
*** HOLE CARDS ***
Dealt to 36d60023 
Dealt to 7e65b65e 
Dealt to 2158bf30 
Dealt to Hero [7d Qh]
Dealt to 34744543 
2158bf30: folds
36d60023: folds
7e65b65e: folds
34744543: folds
*** SHOWDOWN ***
Hero collected $3 from pot
*** SUMMARY ***
Total pot $3
Seat 3: 36d60023 folded before Flop (didn't bet)
Seat 4: 7e65b65e folded before Flop (didn't bet)
Seat 2: 2158bf30 folded before Flop (didn't bet)
Seat 1: Hero(big blind)won ($3)
Seat 7: 34744543(small blind) folded before Flop



Poker Hand #ring_850592306: NLH No Limit ($1/$2) - 2025/04/30 13:08:41
Table 'MR NLH 1/2' 7-max Seat #3 is the button
Seat 3: 36d60023 ($101.55 in chips)
Seat 4: 7e65b65e ($283.44 in chips)
Seat 2: 2158bf30 ($263.24 in chips)
Seat 1: Hero ($355.02 in chips)
Seat 7: 34744543 ($448.93 in chips)
7e65b65e: posts small blind $1
34744543: posts big blind $2
*** HOLE CARDS ***
Dealt to 36d60023 
Dealt to 7e65b65e 
Dealt to 2158bf30 
Dealt to Hero [Kh Qd]
Dealt to 34744543 
Hero: raises $4 to $6
2158bf30: folds
36d60023: folds
7e65b65e: folds
34744543: calls $4
*** FLOP *** [3s 3h 7s]
34744543: checks
Hero: checks
*** TURN *** [3s 3h 7s] [2d]
34744543: checks
Hero: checks
*** RIVER *** [3s 3h 7s 2d] [2s]
34744543: checks
Hero: checks
Hero: shows [Kh Qd]
34744543: shows [Tc Qc]
*** SHOWDOWN ***
Hero collected $13 from pot
*** SUMMARY ***
Total pot $13
Board [3s 3h 7s 2d 2s]
Seat 3: 36d60023 folded before Flop (didn't bet)
Seat 4: 7e65b65e(small blind) folded before Flop
Seat 2: 2158bf30 folded before Flop (didn't bet)
Seat 1: Hero showed [Kh Qd] and won ($13) with Pair of Treys and Pair of Twos
Seat 7: 34744543(big blind) showed [Tc Qc] and lost with Pair of Treys and Pair of Twos



Poker Hand #ring_850591778: NLH No Limit ($1/$2) - 2025/04/30 13:08:06
Table 'MR NLH 1/2' 7-max Seat #2 is the button
Seat 3: 36d60023 ($96 in chips)
Seat 4: 7e65b65e ($85.44 in chips)
Seat 2: 2158bf30 ($267.24 in chips)
Seat 1: Hero ($355.02 in chips)
Seat 7: 34744543 ($448.93 in chips)
36d60023: posts small blind $1
7e65b65e: posts big blind $2
*** HOLE CARDS ***
Dealt to 36d60023 
Dealt to 7e65b65e 
Dealt to 2158bf30 
Dealt to Hero [3c 9h]
Dealt to 34744543 
34744543: folds
Hero: folds
2158bf30: raises $2 to $4
36d60023: calls $3
7e65b65e: folds
*** FLOP *** [3h 6c 2d]
36d60023: checks
2158bf30: checks
*** TURN *** [3h 6c 2d] [9d]
36d60023: bets $5.5
2158bf30: folds
Uncalled bet ($5.5) returned to 36d60023
*** SHOWDOWN ***
36d60023 collected $10 from pot
*** SUMMARY ***
Total pot $10
Board [3h 6c 2d 9d]
Seat 3: 36d60023(small blind)won ($10) with Pair of Nines
Seat 4: 7e65b65e(big blind) folded before Flop
Seat 2: 2158bf30 folded on the Turn
Seat 1: Hero folded before Flop (didn't bet)
Seat 7: 34744543 folded before Flop (didn't bet)



Poker Hand #ring_850590930: NLH No Limit ($1/$2) - 2025/04/30 13:07:10
Table 'MR NLH 1/2' 7-max Seat #1 is the button
Seat 3: 36d60023 ($98 in chips)
Seat 4: 7e65b65e ($154.83 in chips)
Seat 2: 2158bf30 ($268.24 in chips)
Seat 1: Hero ($355.02 in chips)
Seat 7: 34744543 ($383.42 in chips)
2158bf30: posts small blind $1
36d60023: posts big blind $2
*** HOLE CARDS ***
Dealt to 36d60023 
Dealt to 7e65b65e 
Dealt to 2158bf30 
Dealt to Hero [Th 3s]
Dealt to 34744543 
7e65b65e: raises $3 to $5
34744543: raises $9 to $14
Hero: folds
2158bf30: folds
36d60023: folds
7e65b65e: calls $9
*** FLOP *** [5s 4c Qc]
7e65b65e: checks
34744543: bets $10.23
7e65b65e: calls $10.23
*** TURN *** [5s 4c Qc] [Qh]
7e65b65e: checks
34744543: bets $16.98
7e65b65e: calls $16.98
*** RIVER *** [5s 4c Qc Qh] [7c]
7e65b65e: checks
34744543: bets $28.18
7e65b65e: calls $28.18
7e65b65e: shows [5h Ah]
34744543: shows [Qs Kd]
*** SHOWDOWN ***
34744543 collected $141.78 from pot
*** SUMMARY ***
Total pot $141.78
Board [5s 4c Qc Qh 7c]
Seat 3: 36d60023(big blind) folded before Flop
Seat 4: 7e65b65e showed [5h Ah] and lost with Pair of Queens and Pair of Fives
Seat 2: 2158bf30(small blind) folded before Flop
Seat 1: Hero folded before Flop (didn't bet)
Seat 7: 34744543 showed [Qs Kd] and won ($141.78) with Three Queens



Poker Hand #ring_850590214: NLH No Limit ($1/$2) - 2025/04/30 13:06:22
Table 'MR NLH 1/2' 7-max Seat #7 is the button
Seat 3: 36d60023 ($100 in chips)
Seat 4: 7e65b65e ($154.83 in chips)
Seat 2: 2158bf30 ($276.24 in chips)
Seat 1: Hero ($330.88 in chips)
Seat 7: 34744543 ($400 in chips)
Hero: posts small blind $1
2158bf30: posts big blind $2
36d60023: posts big blind $2
*** HOLE CARDS ***
Dealt to 36d60023 
Dealt to 7e65b65e 
Dealt to 2158bf30 
Dealt to Hero [Ad Ts]
Dealt to 34744543 
36d60023: checks
7e65b65e: folds
34744543: raises $6 to $8
Hero: calls $7
2158bf30: calls $6
36d60023: folds
*** FLOP *** [Ks Kc Jh]
Hero: checks
2158bf30: checks
34744543: bets $8.58
Hero: calls $8.58
2158bf30: folds
*** TURN *** [Ks Kc Jh] [6h]
Hero: checks
34744543: checks
*** RIVER *** [Ks Kc Jh 6h] [7s]
Hero: checks
34744543: checks
Hero: shows [Ad Ts]
34744543: shows [9d Ac]
*** SHOWDOWN ***
Hero collected $43.16 from pot
*** SUMMARY ***
Total pot $43.16
Board [Ks Kc Jh 6h 7s]
Seat 3: 36d60023 folded before Flop
Seat 4: 7e65b65e folded before Flop (didn't bet)
Seat 2: 2158bf30(big blind) folded on the Flop
Seat 1: Hero(small blind) showed [Ad Ts] and won ($43.16) with Pair of Kings
Seat 7: 34744543 showed [9d Ac] and lost with Pair of Kings



Poker Hand #ring_850589636: NLH No Limit ($1/$2) - 2025/04/30 13:05:45
Table 'MR NLH 1/2' 7-max Seat #4 is the button
Seat 4: 7e65b65e ($154.83 in chips)
Seat 2: 2158bf30 ($276.24 in chips)
Seat 1: Hero ($315 in chips)
Seat 7: 34744543 ($360.66 in chips)
34744543: posts small blind $1
Hero: posts big blind $2
*** HOLE CARDS ***
Dealt to 7e65b65e 
Dealt to 2158bf30 
Dealt to Hero [Qh Ah]
Dealt to 34744543 
2158bf30: folds
7e65b65e: folds
34744543: raises $4 to $6
Hero: raises $12 to $18
34744543: calls $12
*** FLOP *** [Qd 5h 5c]
34744543: checks
Hero: checks
*** TURN *** [Qd 5h 5c] [5s]
34744543: checks
Hero: bets $18
34744543: folds
Uncalled bet ($18) returned to Hero
*** SHOWDOWN ***
Hero collected $36 from pot
*** SUMMARY ***
Total pot $36
Board [Qd 5h 5c 5s]
Seat 4: 7e65b65e folded before Flop (didn't bet)
Seat 2: 2158bf30 folded before Flop (didn't bet)
Seat 1: Hero(big blind)won ($36) with Fives Full over Queens
Seat 7: 34744543(small blind) folded on the Turn



Poker Hand #ring_850589148: NLH No Limit ($1/$2) - 2025/04/30 13:05:10
Table 'MR NLH 1/2' 7-max Seat #2 is the button
Seat 4: 7e65b65e ($155.83 in chips)
Seat 2: 2158bf30 ($271.64 in chips)
Seat 1: Hero ($315 in chips)
Seat 7: 34744543 ($364.66 in chips)
7e65b65e: posts small blind $1
34744543: posts big blind $2
*** HOLE CARDS ***
Dealt to 7e65b65e 
Dealt to 2158bf30 
Dealt to Hero [3h Kc]
Dealt to 34744543 
Hero: folds
2158bf30: raises $2 to $4
7e65b65e: folds
34744543: calls $2
*** FLOP *** [Jc 9s Qs]
34744543: checks
2158bf30: bets $4.5
34744543: folds
Uncalled bet ($4.5) returned to 2158bf30
*** SHOWDOWN ***
2158bf30 collected $9 from pot
*** SUMMARY ***
Total pot $9
Board [Jc 9s Qs]
Seat 4: 7e65b65e(small blind) folded before Flop
Seat 2: 2158bf30won ($9) with Pair of Jacks
Seat 1: Hero folded before Flop (didn't bet)
Seat 7: 34744543(big blind) folded on the Flop



Poker Hand #ring_850588841: NLH No Limit ($1/$2) - 2025/04/30 13:04:52
Table 'MR NLH 1/2' 7-max Seat #1 is the button
Seat 6: 3f5fa36 ($199 in chips)
Seat 4: 7e65b65e ($157.83 in chips)
Seat 2: 2158bf30 ($272.64 in chips)
Seat 1: Hero ($315 in chips)
Seat 7: 34744543 ($364.66 in chips)
2158bf30: posts small blind $1
7e65b65e: posts big blind $2
*** HOLE CARDS ***
Dealt to 3f5fa36 
Dealt to 7e65b65e 
Dealt to 2158bf30 
Dealt to Hero [4d 2c]
Dealt to 34744543 
3f5fa36: raises $3 to $5
34744543: folds
Hero: folds
2158bf30: folds
7e65b65e: folds
Uncalled bet ($3) returned to 3f5fa36
*** SHOWDOWN ***
3f5fa36 collected $5 from pot
*** SUMMARY ***
Total pot $5
Seat 6: 3f5fa36won ($5)
Seat 4: 7e65b65e(big blind) folded before Flop
Seat 2: 2158bf30(small blind) folded before Flop
Seat 1: Hero folded before Flop (didn't bet)
Seat 7: 34744543 folded before Flop (didn't bet)



Poker Hand #ring_850588152: NLH No Limit ($1/$2) - 2025/04/30 13:04:07
Table 'MR NLH 1/2' 7-max Seat #7 is the button
Seat 6: 3f5fa36 ($199 in chips)
Seat 3: 5970374d ($119.21 in chips)
Seat 4: 7e65b65e ($186.83 in chips)
Seat 2: 2158bf30 ($274.64 in chips)
Seat 1: Hero ($287.2 in chips)
Seat 7: 34744543 ($364.66 in chips)
Hero: posts small blind $1
2158bf30: posts big blind $2
*** HOLE CARDS ***
Dealt to 3f5fa36 
Dealt to 5970374d 
Dealt to 7e65b65e 
Dealt to 2158bf30 
Dealt to Hero [Ah Tc]
Dealt to 34744543 
5970374d: folds
7e65b65e: raises $3 to $5
3f5fa36: folds
34744543: folds
Hero: calls $4
2158bf30: folds
*** FLOP *** [Jd As 8d]
Hero: checks
7e65b65e: bets $6
Hero: calls $6
*** TURN *** [Jd As 8d] [5s]
Hero: checks
7e65b65e: bets $18
Hero: calls $18
*** RIVER *** [Jd As 8d 5s] [Kc]
Hero: checks
7e65b65e: checks
Hero: shows [Ah Tc]
7e65b65e: shows [Qs 6s]
*** SHOWDOWN ***
Hero collected $60 from pot
*** SUMMARY ***
Total pot $60
Board [Jd As 8d 5s Kc]
Seat 6: 3f5fa36 folded before Flop (didn't bet)
Seat 3: 5970374d folded before Flop (didn't bet)
Seat 4: 7e65b65e showed [Qs 6s] and lost with Ace-High
Seat 2: 2158bf30(big blind) folded before Flop
Seat 1: Hero(small blind) showed [Ah Tc] and won ($60) with Pair of Aces
Seat 7: 34744543 folded before Flop (didn't bet)



Poker Hand #ring_850587464: NLH No Limit ($1/$2) - 2025/04/30 13:03:22
Table 'MR NLH 1/2' 7-max Seat #6 is the button
Seat 6: 3f5fa36 ($199 in chips)
Seat 3: 5970374d ($95 in chips)
Seat 4: 7e65b65e ($210.83 in chips)
Seat 2: 2158bf30 ($274.64 in chips)
Seat 1: Hero ($289.2 in chips)
Seat 7: 34744543 ($365.66 in chips)
34744543: posts small blind $1
Hero: posts big blind $2
*** HOLE CARDS ***
Dealt to 3f5fa36 
Dealt to 5970374d 
Dealt to 7e65b65e 
Dealt to 2158bf30 
Dealt to Hero [5s 3h]
Dealt to 34744543 
2158bf30: folds
5970374d: raises $5 to $7
7e65b65e: raises $17 to $24
3f5fa36: folds
34744543: folds
Hero: folds
5970374d: calls $17
*** FLOP *** [Jd Tc As]
5970374d: checks
7e65b65e: checks
*** TURN *** [Jd Tc As] [5h]
5970374d: bets $51
7e65b65e: folds
Uncalled bet ($51) returned to 5970374d
*** SHOWDOWN ***
5970374d collected $51 from pot
*** SUMMARY ***
Total pot $51
Board [Jd Tc As 5h]
Seat 6: 3f5fa36 folded before Flop (didn't bet)
Seat 3: 5970374dwon ($51) with Pair of Aces
Seat 4: 7e65b65e folded on the Turn
Seat 2: 2158bf30 folded before Flop (didn't bet)
Seat 1: Hero(big blind) folded before Flop
Seat 7: 34744543(small blind) folded before Flop



Poker Hand #ring_850586985: NLH No Limit ($1/$2) - 2025/04/30 13:02:52
Table 'MR NLH 1/2' 7-max Seat #4 is the button
Seat 6: 3f5fa36 ($200 in chips)
Seat 3: 5970374d ($98 in chips)
Seat 4: 7e65b65e ($210.83 in chips)
Seat 2: 2158bf30 ($274.64 in chips)
Seat 1: Hero ($289.2 in chips)
Seat 7: 34744543 ($361.66 in chips)
3f5fa36: posts small blind $1
34744543: posts big blind $2
5970374d: posts big blind $2
5970374d: posts small blind $1
*** HOLE CARDS ***
Dealt to 3f5fa36 
Dealt to 5970374d 
Dealt to 7e65b65e 
Dealt to 2158bf30 
Dealt to Hero [6c Qc]
Dealt to 34744543 
Hero: folds
2158bf30: folds
5970374d: checks
7e65b65e: folds
3f5fa36: folds
34744543: raises $8 to $10
5970374d: folds
Uncalled bet ($8) returned to 34744543
*** SHOWDOWN ***
34744543 collected $6 from pot
*** SUMMARY ***
Total pot $5
Seat 6: 3f5fa36(small blind) folded before Flop
Seat 3: 5970374d folded before Flop
Seat 4: 7e65b65e folded before Flop (didn't bet)
Seat 2: 2158bf30 folded before Flop (didn't bet)
Seat 1: Hero folded before Flop (didn't bet)
Seat 7: 34744543(big blind)won ($6)



Poker Hand #ring_850586395: NLH No Limit ($1/$2) - 2025/04/30 13:02:13
Table 'MR NLH 1/2' 7-max Seat #2 is the button
Seat 6: 3f5fa36 ($100 in chips)
Seat 4: 7e65b65e ($211.83 in chips)
Seat 2: 2158bf30 ($274.64 in chips)
Seat 1: Hero ($289.2 in chips)
Seat 7: 34744543 ($367.66 in chips)
7e65b65e: posts small blind $1
3f5fa36: posts big blind $2
*** HOLE CARDS ***
Dealt to 3f5fa36 
Dealt to 7e65b65e 
Dealt to 2158bf30 
Dealt to Hero [7d 6h]
Dealt to 34744543 
34744543: raises $4 to $6
Hero: folds
2158bf30: folds
7e65b65e: folds
3f5fa36: calls $4
*** FLOP *** [8h Ts 4s]
3f5fa36: checks
34744543: checks
*** TURN *** [8h Ts 4s] [2c]
3f5fa36: checks
34744543: checks
*** RIVER *** [8h Ts 4s 2c] [5d]
3f5fa36: checks
34744543: checks
3f5fa36: shows [9d 8d]
34744543: shows [Qs Ad]
*** SHOWDOWN ***
3f5fa36 collected $13 from pot
*** SUMMARY ***
Total pot $13
Board [8h Ts 4s 2c 5d]
Seat 6: 3f5fa36(big blind) showed [9d 8d] and won ($13) with Pair of Eights
Seat 4: 7e65b65e(small blind) folded before Flop
Seat 2: 2158bf30 folded before Flop (didn't bet)
Seat 1: Hero folded before Flop (didn't bet)
Seat 7: 34744543 showed [Qs Ad] and lost with Ace-High



Poker Hand #ring_850585793: NLH No Limit ($1/$2) - 2025/04/30 13:01:34
Table 'MR NLH 1/2' 7-max Seat #1 is the button
Seat 4: 7e65b65e ($200 in chips)
Seat 2: 2158bf30 ($275.64 in chips)
Seat 1: Hero ($301.7 in chips)
Seat 7: 34744543 ($367.66 in chips)
2158bf30: posts small blind $1
7e65b65e: posts big blind $2
*** HOLE CARDS ***
Dealt to 7e65b65e 
Dealt to 2158bf30 
Dealt to Hero [Ac Tc]
Dealt to 34744543 
34744543: folds
Hero: raises $4 to $6
2158bf30: folds
7e65b65e: calls $4
*** FLOP *** [Qd Qs 6h]
7e65b65e: checks
Hero: checks
*** TURN *** [Qd Qs 6h] [9d]
7e65b65e: bets $6.5
Hero: calls $6.5
*** RIVER *** [Qd Qs 6h 9d] [5d]
7e65b65e: bets $19.5
Hero: folds
Uncalled bet ($19.5) returned to 7e65b65e
*** SHOWDOWN ***
7e65b65e collected $26 from pot
*** SUMMARY ***
Total pot $26
Board [Qd Qs 6h 9d 5d]
Seat 4: 7e65b65e(big blind)won ($26) with Nines-High Straight
Seat 2: 2158bf30(small blind) folded before Flop
Seat 1: Hero folded on the River
Seat 7: 34744543 folded before Flop (didn't bet)



Poker Hand #ring_850585387: NLH No Limit ($1/$2) - 2025/04/30 13:01:05
Table 'MR NLH 1/2' 7-max Seat #7 is the button
Seat 3: 5970374d ($98 in chips)
Seat 2: 2158bf30 ($274.64 in chips)
Seat 1: Hero ($302.7 in chips)
Seat 7: 34744543 ($367.66 in chips)
Hero: posts small blind $1
2158bf30: posts big blind $2
*** HOLE CARDS ***
Dealt to 5970374d 
Dealt to 2158bf30 
Dealt to Hero [Qc 2h]
Dealt to 34744543 
5970374d: folds
34744543: folds
Hero: folds
*** SHOWDOWN ***
2158bf30 collected $3 from pot
*** SUMMARY ***
Total pot $3
Seat 3: 5970374d folded before Flop (didn't bet)
Seat 2: 2158bf30(big blind)won ($3)
Seat 1: Hero(small blind) folded before Flop
Seat 7: 34744543 folded before Flop (didn't bet)



Poker Hand #ring_850584802: NLH No Limit ($1/$2) - 2025/04/30 13:00:26
Table 'MR NLH 1/2' 7-max Seat #5 is the button
Seat 5: 623e8878 ($171.62 in chips)
Seat 3: 5970374d ($100 in chips)
Seat 2: 2158bf30 ($274.64 in chips)
Seat 1: Hero ($298.7 in chips)
Seat 7: 34744543 ($369.66 in chips)
34744543: posts small blind $1
Hero: posts big blind $2
5970374d: posts big blind $2
*** HOLE CARDS ***
Dealt to 623e8878 
Dealt to 5970374d 
Dealt to 2158bf30 
Dealt to Hero [Ad Ah]
Dealt to 34744543 
2158bf30: folds
5970374d: checks
623e8878: folds
34744543: calls $1
Hero: raises $6 to $8
5970374d: folds
34744543: folds
Uncalled bet ($6) returned to Hero
*** SHOWDOWN ***
Hero collected $6 from pot
*** SUMMARY ***
Total pot $6
Seat 5: 623e8878 folded before Flop (didn't bet)
Seat 3: 5970374d folded before Flop
Seat 2: 2158bf30 folded before Flop (didn't bet)
Seat 1: Hero(big blind)won ($6)
Seat 7: 34744543(small blind) folded before Flop



Poker Hand #ring_850584173: NLH No Limit ($1/$2) - 2025/04/30 12:59:44
Table 'MR NLH 1/2' 7-max Seat #2 is the button
Seat 5: 623e8878 ($314.67 in chips)
Seat 2: 2158bf30 ($143.05 in chips)
Seat 1: Hero ($298.7 in chips)
Seat 7: 34744543 ($371.66 in chips)
623e8878: posts small blind $1
34744543: posts big blind $2
*** HOLE CARDS ***
Dealt to 623e8878 
Dealt to 2158bf30 
Dealt to Hero [6d 3s]
Dealt to 34744543 
Hero: folds
2158bf30: raises $2 to $4
623e8878: raises $7.5 to $11.5
34744543: folds
2158bf30: calls $7.5
*** FLOP *** [7s Jd 6c]
623e8878: bets $25
2158bf30: raises $106.55 to $131.55 and is all-in
623e8878: calls $106.55
2158bf30: shows [9h 8d] (Jack-High)
623e8878: shows [4h 7h] (Pair of Sevens)
*** TURN *** [7s Jd 6c] [8h]
*** RIVER *** [7s Jd 6c 8h] [Td]
*** SHOWDOWN ***
2158bf30 collected $288.1 from pot
*** SUMMARY ***
Total pot $288.1
Board [7s Jd 6c 8h Td]
Seat 5: 623e8878(small blind) showed [4h 7h] and lost with Pair of Sevens
Seat 2: 2158bf30 showed [9h 8d] and won ($288.1) with Jacks-High Straight
Seat 1: Hero folded before Flop (didn't bet)
Seat 7: 34744543(big blind) folded before Flop



Poker Hand #ring_850583600: NLH No Limit ($1/$2) - 2025/04/30 12:59:05
Table 'MR NLH 1/2' 7-max Seat #1 is the button
Seat 5: 623e8878 ($344.67 in chips)
Seat 2: 2158bf30 ($116.25 in chips)
Seat 1: Hero ($298.7 in chips)
Seat 7: 34744543 ($371.66 in chips)
2158bf30: posts small blind $1
623e8878: posts big blind $2
*** HOLE CARDS ***
Dealt to 623e8878 
Dealt to 2158bf30 
Dealt to Hero [3c Qh]
Dealt to 34744543 
34744543: folds
Hero: folds
2158bf30: raises $4 to $6
623e8878: calls $4
*** FLOP *** [Td 8h 5c]
2158bf30: checks
623e8878: checks
*** TURN *** [Td 8h 5c] [9s]
2158bf30: bets $6
623e8878: calls $6
*** RIVER *** [Td 8h 5c 9s] [2c]
2158bf30: bets $18
623e8878: calls $18
2158bf30: shows [Th Kh]
623e8878: shows [7c 7d]
*** SHOWDOWN ***
2158bf30 collected $60 from pot
*** SUMMARY ***
Total pot $60
Board [Td 8h 5c 9s 2c]
Seat 5: 623e8878(big blind) showed [7c 7d] and lost with Pair of Sevens
Seat 2: 2158bf30(small blind) showed [Th Kh] and won ($60) with Pair of Tens
Seat 1: Hero folded before Flop (didn't bet)
Seat 7: 34744543 folded before Flop (didn't bet)



Poker Hand #ring_850583021: NLH No Limit ($1/$2) - 2025/04/30 12:58:26
Table 'MR NLH 1/2' 7-max Seat #7 is the button
Seat 5: 623e8878 ($333.25 in chips)
Seat 2: 2158bf30 ($118.25 in chips)
Seat 1: Hero ($309.7 in chips)
Seat 7: 34744543 ($371.66 in chips)
Hero: posts small blind $1
2158bf30: posts big blind $2
*** HOLE CARDS ***
Dealt to 623e8878 
Dealt to 2158bf30 
Dealt to Hero [5d 8h]
Dealt to 34744543 
623e8878: calls $2
34744543: folds
Hero: calls $1
2158bf30: checks
*** FLOP *** [Js Qc Qs]
Hero: checks
2158bf30: checks
623e8878: checks
*** TURN *** [Js Qc Qs] [Ks]
Hero: bets $3
2158bf30: folds
623e8878: calls $3
*** RIVER *** [Js Qc Qs Ks] [Kd]
Hero: bets $6
623e8878: raises $24 to $30
Hero: folds
Uncalled bet ($24) returned to 623e8878
*** SHOWDOWN ***
623e8878 collected $24 from pot
*** SUMMARY ***
Total pot $24
Board [Js Qc Qs Ks Kd]
Seat 5: 623e8878won ($24) with Kings Full over Queens
Seat 2: 2158bf30(big blind) folded on the Turn
Seat 1: Hero(small blind) folded on the River
Seat 7: 34744543 folded before Flop (didn't bet)



Poker Hand #ring_850582485: NLH No Limit ($1/$2) - 2025/04/30 12:57:49
Table 'MR NLH 1/2' 7-max Seat #0 is the button
Seat 5: 623e8878 ($323.92 in chips)
Seat 2: 2158bf30 ($118.25 in chips)
Seat 1: Hero ($319.45 in chips)
Seat 7: 34744543 ($372.66 in chips)
34744543: posts small blind $1
Hero: posts big blind $2
*** HOLE CARDS ***
Dealt to 623e8878 
Dealt to 2158bf30 
Dealt to Hero [4c 6h]
Dealt to 34744543 
2158bf30: folds
623e8878: calls $2
34744543: folds
Hero: checks
*** FLOP *** [3d 6c Ac]
Hero: checks
623e8878: bets $3.75
Hero: calls $3.75
*** TURN *** [3d 6c Ac] [Ts]
Hero: checks
623e8878: checks
*** RIVER *** [3d 6c Ac Ts] [7s]
Hero: bets $4
623e8878: calls $4
Hero: shows [4c 6h]
623e8878: shows [6d Kd]
*** SHOWDOWN ***
623e8878 collected $20.5 from pot
*** SUMMARY ***
Total pot $20.5
Board [3d 6c Ac Ts 7s]
Seat 5: 623e8878 showed [6d Kd] and won ($20.5) with Pair of Sixes
Seat 2: 2158bf30 folded before Flop (didn't bet)
Seat 1: Hero(big blind) showed [4c 6h] and lost with Pair of Sixes
Seat 7: 34744543(small blind) folded before Flop



Poker Hand #ring_850581968: NLH No Limit ($1/$2) - 2025/04/30 12:57:14
Table 'MR NLH 1/2' 7-max Seat #5 is the button
Seat 5: 623e8878 ($317.5 in chips)
Seat 2: 2158bf30 ($118.25 in chips)
Seat 6: f5dc4308 ($235.21 in chips)
Seat 1: Hero ($319.45 in chips)
Seat 7: 34744543 ($378.66 in chips)
f5dc4308: posts small blind $1
34744543: posts big blind $2
*** HOLE CARDS ***
Dealt to 623e8878 
Dealt to 2158bf30 
Dealt to f5dc4308 
Dealt to Hero [4h 6d]
Dealt to 34744543 
Hero: folds
2158bf30: folds
623e8878: raises $4 to $6
f5dc4308: folds
34744543: calls $4
*** FLOP *** [7s 2c Th]
34744543: checks
623e8878: checks
*** TURN *** [7s 2c Th] [2s]
34744543: checks
623e8878: checks
*** RIVER *** [7s 2c Th 2s] [Kc]
34744543: checks
623e8878: checks
623e8878: shows [As 9h]
34744543: shows [3c 6c]
*** SHOWDOWN ***
623e8878 collected $13 from pot
*** SUMMARY ***
Total pot $13
Board [7s 2c Th 2s Kc]
Seat 5: 623e8878 showed [As 9h] and won ($13) with Pair of Twos
Seat 2: 2158bf30 folded before Flop (didn't bet)
Seat 6: f5dc4308(small blind) folded before Flop
Seat 1: Hero folded before Flop (didn't bet)
Seat 7: 34744543(big blind) showed [3c 6c] and lost with Pair of Twos



Poker Hand #ring_850581527: NLH No Limit ($1/$2) - 2025/04/30 12:56:45
Table 'MR NLH 1/2' 7-max Seat #2 is the button
Seat 5: 623e8878 ($318.5 in chips)
Seat 2: 2158bf30 ($118.25 in chips)
Seat 6: f5dc4308 ($237.21 in chips)
Seat 1: Hero ($325.45 in chips)
Seat 7: 34744543 ($370.33 in chips)
623e8878: posts small blind $1
f5dc4308: posts big blind $2
*** HOLE CARDS ***
Dealt to 623e8878 
Dealt to 2158bf30 
Dealt to f5dc4308 
Dealt to Hero [8d 7d]
Dealt to 34744543 
34744543: raises $4 to $6
Hero: calls $6
2158bf30: folds
623e8878: folds
f5dc4308: folds
*** FLOP *** [3h Ad 2c]
34744543: bets $4.95
Hero: folds
Uncalled bet ($4.95) returned to 34744543
*** SHOWDOWN ***
34744543 collected $15 from pot
*** SUMMARY ***
Total pot $15
Board [3h Ad 2c]
Seat 5: 623e8878(small blind) folded before Flop
Seat 2: 2158bf30 folded before Flop (didn't bet)
Seat 6: f5dc4308(big blind) folded before Flop
Seat 1: Hero folded on the Flop
Seat 7: 34744543won ($15) with Ace-High



Poker Hand #ring_850581226: NLH No Limit ($1/$2) - 2025/04/30 12:56:24
Table 'MR NLH 1/2' 7-max Seat #1 is the button
Seat 5: 623e8878 ($320.5 in chips)
Seat 2: 2158bf30 ($119.25 in chips)
Seat 6: f5dc4308 ($243.21 in chips)
Seat 1: Hero ($316.45 in chips)
Seat 7: 34744543 ($370.33 in chips)
2158bf30: posts small blind $1
623e8878: posts big blind $2
*** HOLE CARDS ***
Dealt to 623e8878 
Dealt to 2158bf30 
Dealt to f5dc4308 
Dealt to Hero [Qc Qs]
Dealt to 34744543 
f5dc4308: raises $4 to $6
34744543: folds
Hero: raises $12 to $18
2158bf30: folds
623e8878: folds
f5dc4308: folds
Uncalled bet ($12) returned to Hero
*** SHOWDOWN ***
Hero collected $15 from pot
*** SUMMARY ***
Total pot $15
Seat 5: 623e8878(big blind) folded before Flop
Seat 2: 2158bf30(small blind) folded before Flop
Seat 6: f5dc4308 folded before Flop
Seat 1: Herowon ($15)
Seat 7: 34744543 folded before Flop (didn't bet)



Poker Hand #ring_850580478: NLH No Limit ($1/$2) - 2025/04/30 12:55:36
Table 'MR NLH 1/2' 7-max Seat #7 is the button
Seat 5: 623e8878 ($320.5 in chips)
Seat 2: 2158bf30 ($125.25 in chips)
Seat 6: f5dc4308 ($236.79 in chips)
Seat 1: Hero ($317.45 in chips)
Seat 7: 34744543 ($370.33 in chips)
Hero: posts small blind $1
2158bf30: posts big blind $2
*** HOLE CARDS ***
Dealt to 623e8878 
Dealt to 2158bf30 
Dealt to f5dc4308 
Dealt to Hero [9c 3h]
Dealt to 34744543 
623e8878: folds
f5dc4308: raises $4 to $6
34744543: folds
Hero: folds
2158bf30: calls $4
*** FLOP *** [Ts Ac As]
2158bf30: checks
f5dc4308: bets $8
2158bf30: folds
Uncalled bet ($8) returned to f5dc4308
*** SHOWDOWN ***
f5dc4308 collected $13 from pot
*** SUMMARY ***
Total pot $13
Board [Ts Ac As]
Seat 5: 623e8878 folded before Flop (didn't bet)
Seat 2: 2158bf30(big blind) folded on the Flop
Seat 6: f5dc4308won ($13) with Pair of Aces
Seat 1: Hero(small blind) folded before Flop
Seat 7: 34744543 folded before Flop (didn't bet)



Poker Hand #ring_850579987: NLH No Limit ($1/$2) - 2025/04/30 12:55:02
Table 'MR NLH 1/2' 7-max Seat #6 is the button
Seat 5: 623e8878 ($322.5 in chips)
Seat 2: 2158bf30 ($125.25 in chips)
Seat 6: f5dc4308 ($238.79 in chips)
Seat 1: Hero ($319.45 in chips)
Seat 7: 34744543 ($364.69 in chips)
34744543: posts small blind $1
Hero: posts big blind $2
*** HOLE CARDS ***
Dealt to 623e8878 
Dealt to 2158bf30 
Dealt to f5dc4308 
Dealt to Hero [3s Th]
Dealt to 34744543 
2158bf30: folds
623e8878: calls $2
f5dc4308: calls $2
34744543: calls $1
Hero: checks
*** FLOP *** [7d 7h 9h]
34744543: checks
Hero: checks
623e8878: checks
f5dc4308: checks
*** TURN *** [7d 7h 9h] [4d]
34744543: bets $6
Hero: folds
623e8878: folds
f5dc4308: folds
Uncalled bet ($6) returned to 34744543
*** SHOWDOWN ***
34744543 collected $8 from pot
*** SUMMARY ***
Total pot $8
Board [7d 7h 9h 4d]
Seat 5: 623e8878 folded on the Turn
Seat 2: 2158bf30 folded before Flop (didn't bet)
Seat 6: f5dc4308 folded on the Turn
Seat 1: Hero(big blind) folded on the Turn
Seat 7: 34744543(small blind)won ($8) with Three Sevens



Poker Hand #ring_850579567: NLH No Limit ($1/$2) - 2025/04/30 12:54:34
Table 'MR NLH 1/2' 7-max Seat #5 is the button
Seat 5: 623e8878 ($315.99 in chips)
Seat 2: 2158bf30 ($129.25 in chips)
Seat 6: f5dc4308 ($239.79 in chips)
Seat 1: Hero ($319.45 in chips)
Seat 7: 34744543 ($366.69 in chips)
f5dc4308: posts small blind $1
34744543: posts big blind $2
*** HOLE CARDS ***
Dealt to 623e8878 
Dealt to 2158bf30 
Dealt to f5dc4308 
Dealt to Hero [Js 8d]
Dealt to 34744543 
Hero: folds
2158bf30: raises $2 to $4
623e8878: calls $4
f5dc4308: folds
34744543: folds
*** FLOP *** [2h Tc 4s]
2158bf30: checks
623e8878: bets $11
2158bf30: folds
Uncalled bet ($11) returned to 623e8878
*** SHOWDOWN ***
623e8878 collected $11 from pot
*** SUMMARY ***
Total pot $11
Board [2h Tc 4s]
Seat 5: 623e8878won ($11) with Pair of Tens
Seat 2: 2158bf30 folded on the Flop
Seat 6: f5dc4308(small blind) folded before Flop
Seat 1: Hero folded before Flop (didn't bet)
Seat 7: 34744543(big blind) folded before Flop



Poker Hand #ring_850579333: NLH No Limit ($1/$2) - 2025/04/30 12:54:17
Table 'MR NLH 1/2' 7-max Seat #2 is the button
Seat 5: 623e8878 ($316.99 in chips)
Seat 2: 2158bf30 ($126.25 in chips)
Seat 6: f5dc4308 ($241.79 in chips)
Seat 1: Hero ($319.45 in chips)
Seat 7: 34744543 ($366.69 in chips)
623e8878: posts small blind $1
f5dc4308: posts big blind $2
*** HOLE CARDS ***
Dealt to 623e8878 
Dealt to 2158bf30 
Dealt to f5dc4308 
Dealt to Hero [9c Kh]
Dealt to 34744543 
34744543: folds
Hero: folds
2158bf30: raises $2 to $4
623e8878: folds
f5dc4308: folds
Uncalled bet ($2) returned to 2158bf30
*** SHOWDOWN ***
2158bf30 collected $5 from pot
*** SUMMARY ***
Total pot $5
Seat 5: 623e8878(small blind) folded before Flop
Seat 2: 2158bf30won ($5)
Seat 6: f5dc4308(big blind) folded before Flop
Seat 1: Hero folded before Flop (didn't bet)
Seat 7: 34744543 folded before Flop (didn't bet)



Poker Hand #ring_850578405: NLH No Limit ($1/$2) - 2025/04/30 12:53:13
Table 'MR NLH 1/2' 7-max Seat #1 is the button
Seat 5: 623e8878 ($318.99 in chips)
Seat 2: 2158bf30 ($152.25 in chips)
Seat 6: f5dc4308 ($191.89 in chips)
Seat 1: Hero ($345.45 in chips)
Seat 7: 34744543 ($366.69 in chips)
2158bf30: posts small blind $1
623e8878: posts big blind $2
*** HOLE CARDS ***
Dealt to 623e8878 
Dealt to 2158bf30 
Dealt to f5dc4308 
Dealt to Hero [5s 5c]
Dealt to 34744543 
f5dc4308: raises $4 to $6
34744543: folds
Hero: calls $6
2158bf30: raises $20 to $26
623e8878: folds
f5dc4308: calls $20
Hero: calls $20
*** FLOP *** [Ah Th 4h]
2158bf30: checks
f5dc4308: bets $165.89 and is all-in
Hero: folds
2158bf30: folds
Uncalled bet ($165.89) returned to f5dc4308
*** SHOWDOWN ***
f5dc4308 collected $80 from pot
*** SUMMARY ***
Total pot $80
Board [Ah Th 4h]
Seat 5: 623e8878(big blind) folded before Flop
Seat 2: 2158bf30(small blind) folded on the Flop
Seat 6: f5dc4308won ($80) with Pair of Aces
Seat 1: Hero folded on the Flop
Seat 7: 34744543 folded before Flop (didn't bet)



Poker Hand #ring_850577956: NLH No Limit ($1/$2) - 2025/04/30 12:52:43
Table 'MR NLH 1/2' 7-max Seat #7 is the button
Seat 5: 623e8878 ($305.75 in chips)
Seat 2: 2158bf30 ($154.25 in chips)
Seat 6: f5dc4308 ($191.89 in chips)
Seat 1: Hero ($358.45 in chips)
Seat 3: ac5b093a ($447.81 in chips)
Seat 7: 34744543 ($366.69 in chips)
Hero: posts small blind $1
2158bf30: posts big blind $2
*** HOLE CARDS ***
Dealt to 623e8878 
Dealt to 2158bf30 
Dealt to f5dc4308 
Dealt to Hero [Ks Ts]
Dealt to ac5b093a 
Dealt to 34744543 
ac5b093a: folds
623e8878: raises $4 to $6
f5dc4308: folds
34744543: folds
Hero: calls $5
2158bf30: folds
*** FLOP *** [4c 3s 9d]
Hero: bets $7
623e8878: raises $21 to $28
Hero: folds
Uncalled bet ($21) returned to 623e8878
*** SHOWDOWN ***
623e8878 collected $28 from pot
*** SUMMARY ***
Total pot $28
Board [4c 3s 9d]
Seat 5: 623e8878won ($28) with Ace-High
Seat 2: 2158bf30(big blind) folded before Flop
Seat 6: f5dc4308 folded before Flop (didn't bet)
Seat 1: Hero(small blind) folded on the Flop
Seat 3: ac5b093a folded before Flop (didn't bet)
Seat 7: 34744543 folded before Flop (didn't bet)



Poker Hand #ring_850577263: NLH No Limit ($1/$2) - 2025/04/30 12:51:55
Table 'MR NLH 1/2' 7-max Seat #6 is the button
Seat 5: 623e8878 ($305.75 in chips)
Seat 2: 2158bf30 ($165 in chips)
Seat 6: f5dc4308 ($191.89 in chips)
Seat 1: Hero ($348.21 in chips)
Seat 3: ac5b093a ($447.81 in chips)
Seat 7: 34744543 ($367.69 in chips)
34744543: posts small blind $1
Hero: posts big blind $2
*** HOLE CARDS ***
Dealt to 623e8878 
Dealt to 2158bf30 
Dealt to f5dc4308 
Dealt to Hero [Kd Js]
Dealt to ac5b093a 
Dealt to 34744543 
2158bf30: raises $2 to $4
ac5b093a: folds
623e8878: folds
f5dc4308: folds
34744543: folds
Hero: calls $2
*** FLOP *** [7h Jc 9d]
Hero: checks
2158bf30: checks
*** TURN *** [7h Jc 9d] [Td]
Hero: checks
2158bf30: bets $6.75
Hero: calls $6.75
*** RIVER *** [7h Jc 9d Td] [9s]
Hero: checks
2158bf30: checks
Hero: shows [Kd Js]
2158bf30: shows [Qs Ac]
*** SHOWDOWN ***
Hero collected $22.5 from pot
*** SUMMARY ***
Total pot $22.5
Board [7h Jc 9d Td 9s]
Seat 5: 623e8878 folded before Flop (didn't bet)
Seat 2: 2158bf30 showed [Qs Ac] and lost with Pair of Nines
Seat 6: f5dc4308 folded before Flop (didn't bet)
Seat 1: Hero(big blind) showed [Kd Js] and won ($22.5) with Pair of Jacks and Pair of Nines
Seat 3: ac5b093a folded before Flop (didn't bet)
Seat 7: 34744543(small blind) folded before Flop



Poker Hand #ring_850576624: NLH No Limit ($1/$2) - 2025/04/30 12:51:12
Table 'MR NLH 1/2' 7-max Seat #5 is the button
Seat 5: 623e8878 ($305.75 in chips)
Seat 2: 2158bf30 ($165 in chips)
Seat 6: f5dc4308 ($192.89 in chips)
Seat 1: Hero ($338.2 in chips)
Seat 3: ac5b093a ($447.81 in chips)
Seat 7: 34744543 ($378.19 in chips)
f5dc4308: posts small blind $1
34744543: posts big blind $2
*** HOLE CARDS ***
Dealt to 623e8878 
Dealt to 2158bf30 
Dealt to f5dc4308 
Dealt to Hero [3h 5h]
Dealt to ac5b093a 
Dealt to 34744543 
Hero: raises $3 to $5
2158bf30: folds
ac5b093a: folds
623e8878: folds
f5dc4308: folds
34744543: calls $3
*** FLOP *** [9d 5c 9s]
34744543: checks
Hero: bets $5.5
34744543: calls $5.5
*** TURN *** [9d 5c 9s] [4h]
34744543: checks
Hero: bets $11
34744543: folds
Uncalled bet ($11) returned to Hero
*** SHOWDOWN ***
Hero collected $22 from pot
*** SUMMARY ***
Total pot $22
Board [9d 5c 9s 4h]
Seat 5: 623e8878 folded before Flop (didn't bet)
Seat 2: 2158bf30 folded before Flop (didn't bet)
Seat 6: f5dc4308(small blind) folded before Flop
Seat 1: Herowon ($22) with Pair of Nines and Pair of Fives
Seat 3: ac5b093a folded before Flop (didn't bet)
Seat 7: 34744543(big blind) folded on the Turn



Poker Hand #ring_850576081: NLH No Limit ($1/$2) - 2025/04/30 12:50:35
Table 'MR NLH 1/2' 7-max Seat #4 is the button
Seat 4: e68728af ($489.45 in chips)
Seat 5: 623e8878 ($306.75 in chips)
Seat 2: 2158bf30 ($165 in chips)
Seat 6: f5dc4308 ($186.47 in chips)
Seat 1: Hero ($344.2 in chips)
Seat 3: ac5b093a ($447.81 in chips)
Seat 7: 34744543 ($378.19 in chips)
623e8878: posts small blind $1
f5dc4308: posts big blind $2
*** HOLE CARDS ***
Dealt to e68728af 
Dealt to 623e8878 
Dealt to 2158bf30 
Dealt to f5dc4308 
Dealt to Hero [4d Ad]
Dealt to ac5b093a 
Dealt to 34744543 
34744543: folds
Hero: raises $4 to $6
2158bf30: folds
ac5b093a: folds
e68728af: folds
623e8878: folds
f5dc4308: calls $4
*** FLOP *** [Kh Jc 2h]
f5dc4308: checks
Hero: checks
*** TURN *** [Kh Jc 2h] [Ts]
f5dc4308: bets $9.75
Hero: folds
Uncalled bet ($9.75) returned to f5dc4308
*** SHOWDOWN ***
f5dc4308 collected $13 from pot
*** SUMMARY ***
Total pot $13
Board [Kh Jc 2h Ts]
Seat 4: e68728af folded before Flop (didn't bet)
Seat 5: 623e8878(small blind) folded before Flop
Seat 2: 2158bf30 folded before Flop (didn't bet)
Seat 6: f5dc4308(big blind)won ($13) with Pair of Jacks
Seat 1: Hero folded on the Turn
Seat 3: ac5b093a folded before Flop (didn't bet)
Seat 7: 34744543 folded before Flop (didn't bet)



Poker Hand #ring_850575826: NLH No Limit ($1/$2) - 2025/04/30 12:50:17
Table 'MR NLH 1/2' 7-max Seat #3 is the button
Seat 4: e68728af ($490.45 in chips)
Seat 5: 623e8878 ($308.75 in chips)
Seat 2: 2158bf30 ($162 in chips)
Seat 6: f5dc4308 ($186.47 in chips)
Seat 1: Hero ($344.2 in chips)
Seat 3: ac5b093a ($447.81 in chips)
Seat 7: 34744543 ($378.19 in chips)
e68728af: posts small blind $1
623e8878: posts big blind $2
*** HOLE CARDS ***
Dealt to e68728af 
Dealt to 623e8878 
Dealt to 2158bf30 
Dealt to f5dc4308 
Dealt to Hero [5h Ts]
Dealt to ac5b093a 
Dealt to 34744543 
f5dc4308: folds
34744543: folds
Hero: folds
2158bf30: raises $2 to $4
ac5b093a: folds
e68728af: folds
623e8878: folds
Uncalled bet ($2) returned to 2158bf30
*** SHOWDOWN ***
2158bf30 collected $5 from pot
*** SUMMARY ***
Total pot $5
Seat 4: e68728af(small blind) folded before Flop
Seat 5: 623e8878(big blind) folded before Flop
Seat 2: 2158bf30won ($5)
Seat 6: f5dc4308 folded before Flop (didn't bet)
Seat 1: Hero folded before Flop (didn't bet)
Seat 3: ac5b093a folded before Flop (didn't bet)
Seat 7: 34744543 folded before Flop (didn't bet)



Poker Hand #ring_850574277: NLH No Limit ($1/$2) - 2025/04/30 12:48:34
Table 'MR NLH 1/2' 7-max Seat #2 is the button
Seat 4: e68728af ($434.49 in chips)
Seat 5: 623e8878 ($308.75 in chips)
Seat 2: 2158bf30 ($202 in chips)
Seat 6: f5dc4308 ($206.47 in chips)
Seat 1: Hero ($344.2 in chips)
Seat 3: ac5b093a ($448.81 in chips)
Seat 7: 34744543 ($378.19 in chips)
ac5b093a: posts small blind $1
e68728af: posts big blind $2
f5dc4308: posts big blind $0
f5dc4308: posts small blind $1
*** HOLE CARDS ***
Dealt to e68728af 
Dealt to 623e8878 
Dealt to 2158bf30 
Dealt to f5dc4308 
Dealt to Hero [7s 8h]
Dealt to ac5b093a 
Dealt to 34744543 
623e8878: folds
f5dc4308: raises $4 to $6
34744543: folds
Hero: folds
2158bf30: calls $6
ac5b093a: folds
e68728af: calls $4
*** FLOP *** [6s 2c 5d]
e68728af: checks
f5dc4308: bets $13
2158bf30: calls $13
e68728af: raises $21 to $34
f5dc4308: folds
2158bf30: calls $21
*** TURN *** [6s 2c 5d] [Kc]
e68728af: checks
2158bf30: checks
*** RIVER *** [6s 2c 5d Kc] [Qs]
e68728af: checks
2158bf30: checks
2158bf30: shows [6c 7c]
e68728af: shows [6d 6h]
f5dc4308: shows [Qh]
*** SHOWDOWN ***
e68728af collected $101 from pot
*** SUMMARY ***
Total pot $100
Board [6s 2c 5d Kc Qs]
Seat 4: e68728af(big blind) showed [6d 6h] and won ($101) with Three Sixes
Seat 5: 623e8878 folded before Flop (didn't bet)
Seat 2: 2158bf30 showed [6c 7c] and lost with Pair of Sixes
Seat 6: f5dc4308 folded on the Flop
Seat 1: Hero folded before Flop (didn't bet)
Seat 3: ac5b093a(small blind) folded before Flop
Seat 7: 34744543 folded before Flop (didn't bet)



Poker Hand #ring_850573770: NLH No Limit ($1/$2) - 2025/04/30 12:48:03
Table 'MR NLH 1/2' 7-max Seat #1 is the button
Seat 4: e68728af ($434.49 in chips)
Seat 5: 623e8878 ($308.75 in chips)
Seat 2: 2158bf30 ($195 in chips)
Seat 1: Hero ($349.2 in chips)
Seat 3: ac5b093a ($450.81 in chips)
Seat 7: 34744543 ($378.19 in chips)
2158bf30: posts small blind $1
ac5b093a: posts big blind $2
*** HOLE CARDS ***
Dealt to e68728af 
Dealt to 623e8878 
Dealt to 2158bf30 
Dealt to Hero [4d Qd]
Dealt to ac5b093a 
Dealt to 34744543 
e68728af: folds
623e8878: folds
34744543: folds
Hero: raises $3 to $5
2158bf30: raises $15 to $20
ac5b093a: folds
Hero: folds
Uncalled bet ($15) returned to 2158bf30
*** SHOWDOWN ***
2158bf30 collected $12 from pot
*** SUMMARY ***
Total pot $12
Seat 4: e68728af folded before Flop (didn't bet)
Seat 5: 623e8878 folded before Flop (didn't bet)
Seat 2: 2158bf30(small blind)won ($12)
Seat 1: Hero folded before Flop
Seat 3: ac5b093a(big blind) folded before Flop
Seat 7: 34744543 folded before Flop (didn't bet)



Poker Hand #ring_850573250: NLH No Limit ($1/$2) - 2025/04/30 12:47:30
Table 'MR NLH 1/2' 7-max Seat #7 is the button
Seat 4: e68728af ($431.49 in chips)
Seat 5: 623e8878 ($308.75 in chips)
Seat 2: 2158bf30 ($197 in chips)
Seat 1: Hero ($350.2 in chips)
Seat 3: ac5b093a ($450.81 in chips)
Seat 7: 34744543 ($378.19 in chips)
Hero: posts small blind $1
2158bf30: posts big blind $2
*** HOLE CARDS ***
Dealt to e68728af 
Dealt to 623e8878 
Dealt to 2158bf30 
Dealt to Hero [4c Qh]
Dealt to ac5b093a 
Dealt to 34744543 
ac5b093a: folds
e68728af: raises $4 to $6
623e8878: folds
34744543: folds
Hero: folds
2158bf30: folds
Uncalled bet ($4) returned to e68728af
*** SHOWDOWN ***
e68728af collected $5 from pot
*** SUMMARY ***
Total pot $5
Seat 4: e68728afwon ($5)
Seat 5: 623e8878 folded before Flop (didn't bet)
Seat 2: 2158bf30(big blind) folded before Flop
Seat 1: Hero(small blind) folded before Flop
Seat 3: ac5b093a folded before Flop (didn't bet)
Seat 7: 34744543 folded before Flop (didn't bet)



Poker Hand #ring_850572523: NLH No Limit ($1/$2) - 2025/04/30 12:46:41
Table 'MR NLH 1/2' 7-max Seat #0 is the button
Seat 4: e68728af ($431.49 in chips)
Seat 5: 623e8878 ($308.75 in chips)
Seat 2: 2158bf30 ($197 in chips)
Seat 1: Hero ($344.74 in chips)
Seat 3: ac5b093a ($450.81 in chips)
Seat 7: 34744543 ($384.19 in chips)
34744543: posts small blind $1
Hero: posts big blind $2
*** HOLE CARDS ***
Dealt to e68728af 
Dealt to 623e8878 
Dealt to 2158bf30 
Dealt to Hero [7d Ts]
Dealt to ac5b093a 
Dealt to 34744543 
2158bf30: folds
ac5b093a: folds
e68728af: folds
623e8878: folds
34744543: raises $4 to $6
Hero: calls $4
*** FLOP *** [7h 9d 6s]
34744543: checks
Hero: checks
*** TURN *** [7h 9d 6s] [2h]
34744543: checks
Hero: checks
*** RIVER *** [7h 9d 6s 2h] [Kc]
34744543: checks
Hero: bets $6
34744543: folds
Uncalled bet ($6) returned to Hero
*** SHOWDOWN ***
Hero collected $12 from pot
*** SUMMARY ***
Total pot $12
Board [7h 9d 6s 2h Kc]
Seat 4: e68728af folded before Flop (didn't bet)
Seat 5: 623e8878 folded before Flop (didn't bet)
Seat 2: 2158bf30 folded before Flop (didn't bet)
Seat 1: Hero(big blind)won ($12) with Pair of Sevens
Seat 3: ac5b093a folded before Flop (didn't bet)
Seat 7: 34744543(small blind) folded on the River



Poker Hand #ring_850571834: NLH No Limit ($1/$2) - 2025/04/30 12:45:56
Table 'MR NLH 1/2' 7-max Seat #5 is the button
Seat 4: e68728af ($431.49 in chips)
Seat 5: 623e8878 ($74.75 in chips)
Seat 2: 2158bf30 ($197 in chips)
Seat 1: Hero ($325.13 in chips)
Seat 3: ac5b093a ($450.81 in chips)
Seat 7: 34744543 ($386.19 in chips)
34744543: posts big blind $2
*** HOLE CARDS ***
Dealt to e68728af 
Dealt to 623e8878 
Dealt to 2158bf30 
Dealt to Hero [Kh Kc]
Dealt to ac5b093a 
Dealt to 34744543 
Hero: raises $4 to $6
2158bf30: folds
ac5b093a: folds
e68728af: folds
623e8878: calls $6
34744543: folds
*** FLOP *** [3d 3h Ah]
Hero: checks
623e8878: checks
*** TURN *** [3d 3h Ah] [5c]
Hero: checks
623e8878: bets $14
Hero: calls $14
*** RIVER *** [3d 3h Ah 5c] [2s]
Hero: checks
623e8878: checks
Hero: shows [Kh Kc]
623e8878: shows [9s 8c]
*** SHOWDOWN ***
Hero collected $42 from pot
*** SUMMARY ***
Total pot $42
Board [3d 3h Ah 5c 2s]
Seat 4: e68728af folded before Flop (didn't bet)
Seat 5: 623e8878 showed [9s 8c] and lost with Pair of Treys
Seat 2: 2158bf30 folded before Flop (didn't bet)
Seat 1: Hero showed [Kh Kc] and won ($42) with Pair of Kings and Pair of Treys
Seat 3: ac5b093a folded before Flop (didn't bet)
Seat 7: 34744543(big blind) folded before Flop



Poker Hand #ring_850571290: NLH No Limit ($1/$2) - 2025/04/30 12:45:21
Table 'MR NLH 1/2' 7-max Seat #4 is the button
Seat 4: e68728af ($431.49 in chips)
Seat 5: 623e8878 ($72.75 in chips)
Seat 2: 2158bf30 ($197 in chips)
Seat 6: f5dc4308 ($208.47 in chips)
Seat 1: Hero ($325.13 in chips)
Seat 3: ac5b093a ($450.81 in chips)
Seat 7: 34744543 ($386.19 in chips)
623e8878: posts small blind $1
f5dc4308: posts big blind $2
*** HOLE CARDS ***
Dealt to e68728af 
Dealt to 623e8878 
Dealt to 2158bf30 
Dealt to f5dc4308 
Dealt to Hero [Jd 9c]
Dealt to ac5b093a 
Dealt to 34744543 
34744543: folds
Hero: folds
2158bf30: folds
ac5b093a: folds
e68728af: folds
623e8878: raises $6 to $8
f5dc4308: folds
Uncalled bet ($6) returned to 623e8878
*** SHOWDOWN ***
623e8878 collected $4 from pot
*** SUMMARY ***
Total pot $4
Seat 4: e68728af folded before Flop (didn't bet)
Seat 5: 623e8878(small blind)won ($4)
Seat 2: 2158bf30 folded before Flop (didn't bet)
Seat 6: f5dc4308(big blind) folded before Flop
Seat 1: Hero folded before Flop (didn't bet)
Seat 3: ac5b093a folded before Flop (didn't bet)
Seat 7: 34744543 folded before Flop (didn't bet)



Poker Hand #ring_850570439: NLH No Limit ($1/$2) - 2025/04/30 12:44:26
Table 'MR NLH 1/2' 7-max Seat #3 is the button
Seat 4: e68728af ($436.49 in chips)
Seat 5: 623e8878 ($77.75 in chips)
Seat 2: 2158bf30 ($197 in chips)
Seat 6: f5dc4308 ($208.47 in chips)
Seat 1: Hero ($325.13 in chips)
Seat 3: ac5b093a ($441.48 in chips)
Seat 7: 34744543 ($386.19 in chips)
e68728af: posts small blind $1
623e8878: posts big blind $2
*** HOLE CARDS ***
Dealt to e68728af 
Dealt to 623e8878 
Dealt to 2158bf30 
Dealt to f5dc4308 
Dealt to Hero [7h 5d]
Dealt to ac5b093a 
Dealt to 34744543 
f5dc4308: folds
34744543: folds
Hero: folds
2158bf30: folds
ac5b093a: raises $3 to $5
e68728af: calls $4
623e8878: calls $3
*** FLOP *** [2s 9s Ac]
e68728af: checks
623e8878: checks
ac5b093a: checks
*** TURN *** [2s 9s Ac] [Th]
e68728af: checks
623e8878: checks
ac5b093a: checks
*** RIVER *** [2s 9s Ac Th] [6s]
e68728af: checks
623e8878: checks
ac5b093a: bets $7.5
e68728af: folds
623e8878: folds
Uncalled bet ($7.5) returned to ac5b093a
*** SHOWDOWN ***
ac5b093a collected $15 from pot
*** SUMMARY ***
Total pot $15
Board [2s 9s Ac Th 6s]
Seat 4: e68728af(small blind) folded on the River
Seat 5: 623e8878(big blind) folded on the River
Seat 2: 2158bf30 folded before Flop (didn't bet)
Seat 6: f5dc4308 folded before Flop (didn't bet)
Seat 1: Hero folded before Flop (didn't bet)
Seat 3: ac5b093awon ($15) with Pair of Queens
Seat 7: 34744543 folded before Flop (didn't bet)



Poker Hand #ring_850569594: NLH No Limit ($1/$2) - 2025/04/30 12:43:31
Table 'MR NLH 1/2' 7-max Seat #2 is the button
Seat 4: e68728af ($438.49 in chips)
Seat 5: 623e8878 ($100 in chips)
Seat 2: 2158bf30 ($197 in chips)
Seat 6: f5dc4308 ($208.47 in chips)
Seat 1: Hero ($325.13 in chips)
Seat 3: ac5b093a ($442.48 in chips)
Seat 7: 34744543 ($363.57 in chips)
ac5b093a: posts small blind $1
e68728af: posts big blind $2
623e8878: posts big blind $2
*** HOLE CARDS ***
Dealt to e68728af 
Dealt to 623e8878 
Dealt to 2158bf30 
Dealt to f5dc4308 
Dealt to Hero [Ts Qc]
Dealt to ac5b093a 
Dealt to 34744543 
623e8878: raises $6 to $8
f5dc4308: folds
34744543: calls $8
Hero: folds
2158bf30: folds
ac5b093a: folds
e68728af: folds
*** FLOP *** [3h Ah 6d]
623e8878: bets $14.25
34744543: calls $14.25
*** TURN *** [3h Ah 6d] [6c]
623e8878: checks
34744543: bets $15.67
623e8878: folds
Uncalled bet ($15.67) returned to 34744543
*** SHOWDOWN ***
34744543 collected $47.5 from pot
*** SUMMARY ***
Total pot $47.5
Board [3h Ah 6d 6c]
Seat 4: e68728af(big blind) folded before Flop
Seat 5: 623e8878 folded on the Turn
Seat 2: 2158bf30 folded before Flop (didn't bet)
Seat 6: f5dc4308 folded before Flop (didn't bet)
Seat 1: Hero folded before Flop (didn't bet)
Seat 3: ac5b093a(small blind) folded before Flop
Seat 7: 34744543won ($47.5) with Pair of Nines and Pair of Sixes



Poker Hand #ring_850569125: NLH No Limit ($1/$2) - 2025/04/30 12:43:00
Table 'MR NLH 1/2' 7-max Seat #1 is the button
Seat 4: e68728af ($438.49 in chips)
Seat 2: 2158bf30 ($198 in chips)
Seat 6: f5dc4308 ($205.47 in chips)
Seat 1: Hero ($325.13 in chips)
Seat 3: ac5b093a ($444.48 in chips)
Seat 7: 34744543 ($363.57 in chips)
2158bf30: posts small blind $1
ac5b093a: posts big blind $2
*** HOLE CARDS ***
Dealt to e68728af 
Dealt to 2158bf30 
Dealt to f5dc4308 
Dealt to Hero [Ad 5s]
Dealt to ac5b093a 
Dealt to 34744543 
e68728af: folds
f5dc4308: raises $4 to $6
34744543: folds
Hero: folds
2158bf30: folds
ac5b093a: folds
Uncalled bet ($4) returned to f5dc4308
*** SHOWDOWN ***
f5dc4308 collected $5 from pot
*** SUMMARY ***
Total pot $5
Seat 4: e68728af folded before Flop (didn't bet)
Seat 2: 2158bf30(small blind) folded before Flop
Seat 6: f5dc4308won ($5)
Seat 1: Hero folded before Flop (didn't bet)
Seat 3: ac5b093a(big blind) folded before Flop
Seat 7: 34744543 folded before Flop (didn't bet)



Poker Hand #ring_850568655: NLH No Limit ($1/$2) - 2025/04/30 12:42:30
Table 'MR NLH 1/2' 7-max Seat #7 is the button
Seat 4: e68728af ($438.49 in chips)
Seat 2: 2158bf30 ($200 in chips)
Seat 6: f5dc4308 ($205.47 in chips)
Seat 1: Hero ($323.13 in chips)
Seat 3: ac5b093a ($444.48 in chips)
Seat 7: 34744543 ($363.57 in chips)
Hero: posts small blind $1
2158bf30: posts big blind $2
*** HOLE CARDS ***
Dealt to e68728af 
Dealt to 2158bf30 
Dealt to f5dc4308 
Dealt to Hero [Qd Th]
Dealt to ac5b093a 
Dealt to 34744543 
ac5b093a: folds
e68728af: folds
f5dc4308: folds
34744543: folds
Hero: raises $3 to $5
2158bf30: folds
Uncalled bet ($3) returned to Hero
*** SHOWDOWN ***
Hero collected $4 from pot
*** SUMMARY ***
Total pot $4
Seat 4: e68728af folded before Flop (didn't bet)
Seat 2: 2158bf30(big blind) folded before Flop
Seat 6: f5dc4308 folded before Flop (didn't bet)
Seat 1: Hero(small blind)won ($4)
Seat 3: ac5b093a folded before Flop (didn't bet)
Seat 7: 34744543 folded before Flop (didn't bet)



Poker Hand #ring_850567548: NLH No Limit ($1/$2) - 2025/04/30 12:41:16
Table 'MR NLH 1/2' 7-max Seat #6 is the button
Seat 4: e68728af ($438.49 in chips)
Seat 5: d9f8b817 ($97 in chips)
Seat 6: f5dc4308 ($244.67 in chips)
Seat 1: Hero ($287 in chips)
Seat 3: ac5b093a ($444.48 in chips)
Seat 7: 34744543 ($364.57 in chips)
34744543: posts small blind $1
Hero: posts big blind $2
*** HOLE CARDS ***
Dealt to e68728af 
Dealt to d9f8b817 
Dealt to f5dc4308 
Dealt to Hero [7c Ah]
Dealt to ac5b093a 
Dealt to 34744543 
ac5b093a: folds
e68728af: folds
d9f8b817: folds
f5dc4308: raises $4 to $6
34744543: folds
Hero: calls $4
*** FLOP *** [6h Jh 7s]
Hero: checks
f5dc4308: bets $9.75
Hero: calls $9.75
*** TURN *** [6h Jh 7s] [8s]
Hero: checks
f5dc4308: bets $23.45
Hero: calls $23.45
*** RIVER *** [6h Jh 7s 8s] [2h]
Hero: checks
f5dc4308: checks
Hero: shows [7c Ah]
f5dc4308: shows [Ad Td]
*** SHOWDOWN ***
Hero collected $79.4 from pot
*** SUMMARY ***
Total pot $79.4
Board [6h Jh 7s 8s 2h]
Seat 4: e68728af folded before Flop (didn't bet)
Seat 5: d9f8b817 folded before Flop (didn't bet)
Seat 6: f5dc4308 showed [Ad Td] and lost with Ace-High
Seat 1: Hero(big blind) showed [7c Ah] and won ($79.4) with Pair of Sevens
Seat 3: ac5b093a folded before Flop (didn't bet)
Seat 7: 34744543(small blind) folded before Flop



Poker Hand #ring_850567004: NLH No Limit ($1/$2) - 2025/04/30 12:40:41
Table 'MR NLH 1/2' 7-max Seat #5 is the button
Seat 4: e68728af ($438.49 in chips)
Seat 5: d9f8b817 ($97 in chips)
Seat 6: f5dc4308 ($246.67 in chips)
Seat 1: Hero ($287 in chips)
Seat 3: ac5b093a ($444.48 in chips)
Seat 7: 34744543 ($362.75 in chips)
f5dc4308: posts small blind $1
34744543: posts big blind $2
*** HOLE CARDS ***
Dealt to e68728af 
Dealt to d9f8b817 
Dealt to f5dc4308 
Dealt to Hero [Kh 8d]
Dealt to ac5b093a 
Dealt to 34744543 
Hero: folds
ac5b093a: folds
e68728af: folds
d9f8b817: folds
f5dc4308: calls $1
34744543: checks
*** FLOP *** [2d Tc 4s]
f5dc4308: checks
34744543: bets $2
f5dc4308: folds
Uncalled bet ($2) returned to 34744543
*** SHOWDOWN ***
34744543 collected $4 from pot
*** SUMMARY ***
Total pot $4
Board [2d Tc 4s]
Seat 4: e68728af folded before Flop (didn't bet)
Seat 5: d9f8b817 folded before Flop (didn't bet)
Seat 6: f5dc4308(small blind) folded on the Flop
Seat 1: Hero folded before Flop (didn't bet)
Seat 3: ac5b093a folded before Flop (didn't bet)
Seat 7: 34744543(big blind)won ($4) with Ten-High



Poker Hand #ring_850566720: NLH No Limit ($1/$2) - 2025/04/30 12:40:22
Table 'MR NLH 1/2' 7-max Seat #4 is the button
Seat 4: e68728af ($438.49 in chips)
Seat 5: d9f8b817 ($98 in chips)
Seat 6: f5dc4308 ($248.67 in chips)
Seat 1: Hero ($284 in chips)
Seat 3: ac5b093a ($444.48 in chips)
Seat 7: 34744543 ($362.75 in chips)
d9f8b817: posts small blind $1
f5dc4308: posts big blind $2
*** HOLE CARDS ***
Dealt to e68728af 
Dealt to d9f8b817 
Dealt to f5dc4308 
Dealt to Hero [Js Kc]
Dealt to ac5b093a 
Dealt to 34744543 
34744543: folds
Hero: raises $3 to $5
ac5b093a: folds
e68728af: folds
d9f8b817: folds
f5dc4308: folds
Uncalled bet ($3) returned to Hero
*** SHOWDOWN ***
Hero collected $5 from pot
*** SUMMARY ***
Total pot $5
Seat 4: e68728af folded before Flop (didn't bet)
Seat 5: d9f8b817(small blind) folded before Flop
Seat 6: f5dc4308(big blind) folded before Flop
Seat 1: Herowon ($5)
Seat 3: ac5b093a folded before Flop (didn't bet)
Seat 7: 34744543 folded before Flop (didn't bet)



Poker Hand #ring_850565627: NLH No Limit ($1/$2) - 2025/04/30 12:39:10
Table 'MR NLH 1/2' 7-max Seat #3 is the button
Seat 4: e68728af ($407.96 in chips)
Seat 5: d9f8b817 ($100 in chips)
Seat 6: f5dc4308 ($248.67 in chips)
Seat 1: Hero ($284 in chips)
Seat 3: ac5b093a ($444.48 in chips)
Seat 7: 34744543 ($394.75 in chips)
e68728af: posts small blind $1
d9f8b817: posts big blind $2
*** HOLE CARDS ***
Dealt to e68728af 
Dealt to d9f8b817 
Dealt to f5dc4308 
Dealt to Hero [4d Ac]
Dealt to ac5b093a 
Dealt to 34744543 
f5dc4308: folds
34744543: raises $4 to $6
Hero: folds
ac5b093a: folds
e68728af: calls $5
d9f8b817: folds
*** FLOP *** [9c 4c 5s]
e68728af: checks
34744543: bets $8
e68728af: raises $18 to $26
34744543: calls $18
*** TURN *** [9c 4c 5s] [7d]
e68728af: bets $49.5
34744543: folds
Uncalled bet ($49.5) returned to e68728af
*** SHOWDOWN ***
e68728af collected $66 from pot
*** SUMMARY ***
Total pot $66
Board [9c 4c 5s 7d]
Seat 4: e68728af(small blind)won ($66) with Pair of Sevens
Seat 5: d9f8b817(big blind) folded before Flop
Seat 6: f5dc4308 folded before Flop (didn't bet)
Seat 1: Hero folded before Flop (didn't bet)
Seat 3: ac5b093a folded before Flop (didn't bet)
Seat 7: 34744543 folded on the Turn



Poker Hand #ring_850565067: NLH No Limit ($1/$2) - 2025/04/30 12:38:34
Table 'MR NLH 1/2' 7-max Seat #0 is the button
Seat 4: e68728af ($409.96 in chips)
Seat 6: f5dc4308 ($266.67 in chips)
Seat 1: Hero ($284 in chips)
Seat 3: ac5b093a ($445.48 in chips)
Seat 7: 34744543 ($376 in chips)
ac5b093a: posts small blind $1
e68728af: posts big blind $2
*** HOLE CARDS ***
Dealt to e68728af 
Dealt to f5dc4308 
Dealt to Hero [4d 8c]
Dealt to ac5b093a 
Dealt to 34744543 
f5dc4308: raises $4 to $6
34744543: raises $12 to $18
Hero: folds
ac5b093a: folds
e68728af: folds
f5dc4308: calls $12
*** FLOP *** [3s 6s 2h]
f5dc4308: checks
34744543: bets $24
f5dc4308: folds
Uncalled bet ($24) returned to 34744543
*** SHOWDOWN ***
34744543 collected $39 from pot
*** SUMMARY ***
Total pot $39
Board [3s 6s 2h]
Seat 4: e68728af(big blind) folded before Flop
Seat 6: f5dc4308 folded on the Flop
Seat 1: Hero folded before Flop (didn't bet)
Seat 3: ac5b093a(small blind) folded before Flop
Seat 7: 34744543won ($39) with Ace-High



Poker Hand #ring_850564442: NLH No Limit ($1/$2) - 2025/04/30 12:37:53
Table 'MR NLH 1/2' 7-max Seat #1 is the button
Seat 4: e68728af ($409.96 in chips)
Seat 6: f5dc4308 ($246.67 in chips)
Seat 5: 1e8b9ac7 ($435.49 in chips)
Seat 1: Hero ($284 in chips)
Seat 3: ac5b093a ($447.48 in chips)
Seat 7: 34744543 ($394 in chips)
ac5b093a: posts big blind $2
*** HOLE CARDS ***
Dealt to e68728af 
Dealt to f5dc4308 
Dealt to 1e8b9ac7 
Dealt to Hero [6d Qs]
Dealt to ac5b093a 
Dealt to 34744543 
e68728af: folds
1e8b9ac7: folds
f5dc4308: raises $4 to $6
34744543: raises $12 to $18
Hero: folds
ac5b093a: folds
f5dc4308: raises $45 to $63
34744543: folds
Uncalled bet ($45) returned to f5dc4308
*** SHOWDOWN ***
f5dc4308 collected $38 from pot
*** SUMMARY ***
Total pot $38
Seat 4: e68728af folded before Flop (didn't bet)
Seat 6: f5dc4308won ($38)
Seat 5: 1e8b9ac7 folded before Flop (didn't bet)
Seat 1: Hero folded before Flop (didn't bet)
Seat 3: ac5b093a(big blind) folded before Flop
Seat 7: 34744543 folded before Flop



Poker Hand #ring_850563857: NLH No Limit ($1/$2) - 2025/04/30 12:37:13
Table 'MR NLH 1/2' 7-max Seat #7 is the button
Seat 4: e68728af ($409.96 in chips)
Seat 6: f5dc4308 ($246.67 in chips)
Seat 5: 1e8b9ac7 ($435.49 in chips)
Seat 1: Hero ($282 in chips)
Seat 3: ac5b093a ($447.48 in chips)
Seat 7: 34744543 ($394 in chips)
Seat 2: 2a763aae ($396 in chips)
Hero: posts small blind $1
2a763aae: posts big blind $2
*** HOLE CARDS ***
Dealt to e68728af 
Dealt to f5dc4308 
Dealt to 1e8b9ac7 
Dealt to Hero [Ah 5h]
Dealt to ac5b093a 
Dealt to 34744543 
Dealt to 2a763aae 
ac5b093a: folds
e68728af: folds
1e8b9ac7: folds
f5dc4308: folds
34744543: folds
Hero: raises $4 to $6
2a763aae: folds
Uncalled bet ($4) returned to Hero
*** SHOWDOWN ***
Hero collected $4 from pot
*** SUMMARY ***
Total pot $4
Seat 4: e68728af folded before Flop (didn't bet)
Seat 6: f5dc4308 folded before Flop (didn't bet)
Seat 5: 1e8b9ac7 folded before Flop (didn't bet)
Seat 1: Hero(small blind)won ($4)
Seat 3: ac5b093a folded before Flop (didn't bet)
Seat 7: 34744543 folded before Flop (didn't bet)
Seat 2: 2a763aae(big blind) folded before Flop



Poker Hand #ring_850563381: NLH No Limit ($1/$2) - 2025/04/30 12:36:41
Table 'MR NLH 1/2' 7-max Seat #6 is the button
Seat 4: e68728af ($414.96 in chips)
Seat 6: f5dc4308 ($246.67 in chips)
Seat 5: 1e8b9ac7 ($435.49 in chips)
Seat 1: Hero ($276 in chips)
Seat 3: ac5b093a ($447.48 in chips)
Seat 7: 34744543 ($395 in chips)
34744543: posts small blind $1
Hero: posts big blind $2
*** HOLE CARDS ***
Dealt to e68728af 
Dealt to f5dc4308 
Dealt to 1e8b9ac7 
Dealt to Hero [8d 8s]
Dealt to ac5b093a 
Dealt to 34744543 
ac5b093a: folds
e68728af: raises $3 to $5
1e8b9ac7: folds
f5dc4308: folds
34744543: folds
Hero: raises $11 to $16
e68728af: folds
Uncalled bet ($11) returned to Hero
*** SHOWDOWN ***
Hero collected $11 from pot
*** SUMMARY ***
Total pot $11
Seat 4: e68728af folded before Flop
Seat 6: f5dc4308 folded before Flop (didn't bet)
Seat 5: 1e8b9ac7 folded before Flop (didn't bet)
Seat 1: Hero(big blind)won ($11)
Seat 3: ac5b093a folded before Flop (didn't bet)
Seat 7: 34744543(small blind) folded before Flop



