Poker Hand #ring_831494775: NLH No Limit ($1/$2) - 2025/04/19 15:09:55
Table 'MR NLH 1/2' 7-max Seat #2 is the button
Seat 7: 9ea0f6ab ($293.49 in chips)
Seat 6: 6e90a064 ($409.35 in chips)
Seat 3: d24a3b2 ($251.71 in chips)
Seat 5: Hero ($91.5 in chips)
Seat 2: 87f4e210 ($409.59 in chips)
Seat 1: b748cfd9 ($443.82 in chips)
Seat 4: 5c1a91d9 ($315.38 in chips)
d24a3b2: posts small blind $1
5c1a91d9: posts big blind $2
*** HOLE CARDS ***
Dealt to 9ea0f6ab 
Dealt to 6e90a064 
Dealt to d24a3b2 
Dealt to Hero [8s Qc]
Dealt to 87f4e210 
Dealt to b748cfd9 
Dealt to 5c1a91d9 
Hero: folds
6e90a064: calls $2
9ea0f6ab: raises $6 to $8
b748cfd9: calls $8
87f4e210: folds
d24a3b2: folds
5c1a91d9: calls $6
6e90a064: calls $6
*** FLOP *** [4s Ks Th]
5c1a91d9: checks
6e90a064: checks
9ea0f6ab: checks
b748cfd9: checks
*** TURN *** [4s Ks Th] [9c]
5c1a91d9: checks
6e90a064: checks
9ea0f6ab: bets $24.42
b748cfd9: folds
5c1a91d9: folds
6e90a064: folds
Uncalled bet ($24.42) returned to 9ea0f6ab
*** SHOWDOWN ***
9ea0f6ab collected $33 from pot
*** SUMMARY ***
Total pot $33
Board [4s Ks Th 9c]
Seat 7: 9ea0f6abwon ($33) with Three Nines
Seat 6: 6e90a064 folded on the Turn
Seat 3: d24a3b2(small blind) folded before Flop
Seat 5: Hero folded before Flop (didn't bet)
Seat 2: 87f4e210 folded before Flop (didn't bet)
Seat 1: b748cfd9 folded on the Turn
Seat 4: 5c1a91d9(big blind) folded on the Turn



Poker Hand #ring_831493764: NLH No Limit ($1/$2) - 2025/04/19 15:08:45
Table 'MR NLH 1/2' 7-max Seat #1 is the button
Seat 7: 9ea0f6ab ($261.28 in chips)
Seat 6: 6e90a064 ($435.85 in chips)
Seat 3: d24a3b2 ($259.71 in chips)
Seat 5: Hero ($91.5 in chips)
Seat 2: 87f4e210 ($410.59 in chips)
Seat 1: b748cfd9 ($443.82 in chips)
Seat 4: 5c1a91d9 ($315.38 in chips)
87f4e210: posts small blind $1
d24a3b2: posts big blind $2
*** HOLE CARDS ***
Dealt to 9ea0f6ab 
Dealt to 6e90a064 
Dealt to d24a3b2 
Dealt to Hero [5s Kc]
Dealt to 87f4e210 
Dealt to b748cfd9 
Dealt to 5c1a91d9 
5c1a91d9: folds
Hero: folds
6e90a064: calls $2
9ea0f6ab: raises $6 to $8
b748cfd9: folds
87f4e210: folds
d24a3b2: calls $6
6e90a064: calls $6
*** FLOP *** [3d 6s 5d]
d24a3b2: checks
6e90a064: checks
9ea0f6ab: checks
*** TURN *** [3d 6s 5d] [Kh]
d24a3b2: checks
6e90a064: checks
9ea0f6ab: bets $18.5
d24a3b2: folds
6e90a064: calls $18.5
*** RIVER *** [3d 6s 5d Kh] [Ks]
6e90a064: checks
9ea0f6ab: bets $45.88
6e90a064: folds
Uncalled bet ($45.88) returned to 9ea0f6ab
*** SHOWDOWN ***
9ea0f6ab collected $62 from pot
*** SUMMARY ***
Total pot $62
Board [3d 6s 5d Kh Ks]
Seat 7: 9ea0f6abwon ($62) with Three Kings
Seat 6: 6e90a064 folded on the River
Seat 3: d24a3b2(big blind) folded on the Turn
Seat 5: Hero folded before Flop (didn't bet)
Seat 2: 87f4e210(small blind) folded before Flop
Seat 1: b748cfd9 folded before Flop (didn't bet)
Seat 4: 5c1a91d9 folded before Flop (didn't bet)



Poker Hand #ring_831492365: NLH No Limit ($1/$2) - 2025/04/19 15:07:11
Table 'MR NLH 1/2' 7-max Seat #7 is the button
Seat 7: 9ea0f6ab ($261.28 in chips)
Seat 6: 6e90a064 ($362.77 in chips)
Seat 3: d24a3b2 ($274.96 in chips)
Seat 5: Hero ($91.5 in chips)
Seat 2: 87f4e210 ($412.59 in chips)
Seat 1: b748cfd9 ($459.07 in chips)
Seat 4: 5c1a91d9 ($362.13 in chips)
b748cfd9: posts small blind $1
87f4e210: posts big blind $2
*** HOLE CARDS ***
Dealt to 9ea0f6ab 
Dealt to 6e90a064 
Dealt to d24a3b2 
Dealt to Hero [Qd 5c]
Dealt to 87f4e210 
Dealt to b748cfd9 
Dealt to 5c1a91d9 
d24a3b2: raises $2 to $4
5c1a91d9: calls $4
Hero: folds
6e90a064: raises $11.25 to $15.25
9ea0f6ab: folds
b748cfd9: calls $14.25
87f4e210: folds
d24a3b2: calls $11.25
5c1a91d9: calls $11.25
*** FLOP *** [Th Kd Qs]
b748cfd9: checks
d24a3b2: checks
5c1a91d9: checks
6e90a064: checks
*** TURN *** [Th Kd Qs] [2h]
b748cfd9: checks
d24a3b2: checks
5c1a91d9: checks
6e90a064: bets $31.5
b748cfd9: folds
d24a3b2: folds
5c1a91d9: calls $31.5
*** RIVER *** [Th Kd Qs 2h] [4s]
5c1a91d9: checks
6e90a064: bets $94.5
5c1a91d9: folds
Uncalled bet ($94.5) returned to 6e90a064
d24a3b2: shows [As]
*** SHOWDOWN ***
6e90a064 collected $126 from pot
*** SUMMARY ***
Total pot $126
Board [Th Kd Qs 2h 4s]
Seat 7: 9ea0f6ab folded before Flop (didn't bet)
Seat 6: 6e90a064won ($126) with Aces-High Straight
Seat 3: d24a3b2 folded on the Turn
Seat 5: Hero folded before Flop (didn't bet)
Seat 2: 87f4e210(big blind) folded before Flop
Seat 1: b748cfd9(small blind) folded on the Turn
Seat 4: 5c1a91d9 folded on the River



Poker Hand #ring_831491518: NLH No Limit ($1/$2) - 2025/04/19 15:06:10
Table 'MR NLH 1/2' 7-max Seat #6 is the button
Seat 7: 9ea0f6ab ($262.28 in chips)
Seat 6: 6e90a064 ($368.77 in chips)
Seat 3: d24a3b2 ($262.81 in chips)
Seat 5: Hero ($91.5 in chips)
Seat 2: 87f4e210 ($412.59 in chips)
Seat 1: b748cfd9 ($465.07 in chips)
Seat 4: 5c1a91d9 ($362.13 in chips)
9ea0f6ab: posts small blind $1
b748cfd9: posts big blind $2
*** HOLE CARDS ***
Dealt to 9ea0f6ab 
Dealt to 6e90a064 
Dealt to d24a3b2 
Dealt to Hero [Th 2c]
Dealt to 87f4e210 
Dealt to b748cfd9 
Dealt to 5c1a91d9 
87f4e210: folds
d24a3b2: raises $4 to $6
5c1a91d9: folds
Hero: folds
6e90a064: calls $6
9ea0f6ab: folds
b748cfd9: calls $4
*** FLOP *** [Kc 9s Kh]
b748cfd9: checks
d24a3b2: bets $6
6e90a064: folds
b748cfd9: folds
Uncalled bet ($6) returned to d24a3b2
*** SHOWDOWN ***
d24a3b2 collected $19 from pot
*** SUMMARY ***
Total pot $19
Board [Kc 9s Kh]
Seat 7: 9ea0f6ab(small blind) folded before Flop
Seat 6: 6e90a064 folded on the Flop
Seat 3: d24a3b2won ($19) with Pair of Kings
Seat 5: Hero folded before Flop (didn't bet)
Seat 2: 87f4e210 folded before Flop (didn't bet)
Seat 1: b748cfd9(big blind) folded on the Flop
Seat 4: 5c1a91d9 folded before Flop (didn't bet)



Poker Hand #ring_831490911: NLH No Limit ($1/$2) - 2025/04/19 15:05:26
Table 'MR NLH 1/2' 7-max Seat #5 is the button
Seat 7: 9ea0f6ab ($260.46 in chips)
Seat 6: 6e90a064 ($370.77 in chips)
Seat 3: d24a3b2 ($262.81 in chips)
Seat 5: Hero ($91.5 in chips)
Seat 2: 87f4e210 ($412.59 in chips)
Seat 1: b748cfd9 ($465.07 in chips)
Seat 4: 5c1a91d9 ($362.13 in chips)
6e90a064: posts small blind $1
9ea0f6ab: posts big blind $2
*** HOLE CARDS ***
Dealt to 9ea0f6ab 
Dealt to 6e90a064 
Dealt to d24a3b2 
Dealt to Hero [9d 6s]
Dealt to 87f4e210 
Dealt to b748cfd9 
Dealt to 5c1a91d9 
b748cfd9: folds
87f4e210: folds
d24a3b2: folds
5c1a91d9: folds
Hero: folds
6e90a064: calls $1
9ea0f6ab: checks
*** FLOP *** [2c 4s Ah]
6e90a064: checks
9ea0f6ab: checks
*** TURN *** [2c 4s Ah] [2s]
6e90a064: checks
9ea0f6ab: checks
*** RIVER *** [2c 4s Ah 2s] [Jc]
6e90a064: checks
9ea0f6ab: checks
6e90a064: shows [7s 9h]
9ea0f6ab: shows [Tc 3d]
d24a3b2: shows [Kh]
*** SHOWDOWN ***
9ea0f6ab collected $4 from pot
*** SUMMARY ***
Total pot $4
Board [2c 4s Ah 2s Jc]
Seat 7: 9ea0f6ab(big blind) showed [Tc 3d] and won ($4) with Pair of Twos
Seat 6: 6e90a064(small blind) showed [7s 9h] and lost with Pair of Twos
Seat 3: d24a3b2 folded before Flop (didn't bet)
Seat 5: Hero folded before Flop (didn't bet)
Seat 2: 87f4e210 folded before Flop (didn't bet)
Seat 1: b748cfd9 folded before Flop (didn't bet)
Seat 4: 5c1a91d9 folded before Flop (didn't bet)



Poker Hand #ring_831490233: NLH No Limit ($1/$2) - 2025/04/19 15:04:40
Table 'MR NLH 1/2' 7-max Seat #4 is the button
Seat 7: 9ea0f6ab ($260.46 in chips)
Seat 6: 6e90a064 ($372.77 in chips)
Seat 3: d24a3b2 ($271.81 in chips)
Seat 5: Hero ($81.9 in chips)
Seat 2: 87f4e210 ($412.59 in chips)
Seat 1: b748cfd9 ($465.07 in chips)
Seat 4: 5c1a91d9 ($362.13 in chips)
Hero: posts small blind $1
6e90a064: posts big blind $2
*** HOLE CARDS ***
Dealt to 9ea0f6ab 
Dealt to 6e90a064 
Dealt to d24a3b2 
Dealt to Hero [Kh Tc]
Dealt to 87f4e210 
Dealt to b748cfd9 
Dealt to 5c1a91d9 
9ea0f6ab: folds
b748cfd9: folds
87f4e210: folds
d24a3b2: raises $2 to $4
5c1a91d9: folds
Hero: calls $3
6e90a064: folds
*** FLOP *** [Qh Kd 7c]
Hero: checks
d24a3b2: checks
*** TURN *** [Qh Kd 7c] [Qs]
Hero: checks
d24a3b2: bets $5
Hero: calls $5
*** RIVER *** [Qh Kd 7c Qs] [3d]
Hero: checks
d24a3b2: checks
d24a3b2: shows [3c As]
Hero: shows [Kh Tc]
*** SHOWDOWN ***
Hero collected $20 from pot
*** SUMMARY ***
Total pot $20
Board [Qh Kd 7c Qs 3d]
Seat 7: 9ea0f6ab folded before Flop (didn't bet)
Seat 6: 6e90a064(big blind) folded before Flop
Seat 3: d24a3b2 showed [3c As] and lost with Pair of Queens and Pair of Treys
Seat 5: Hero(small blind) showed [Kh Tc] and won ($20) with Pair of Kings and Pair of Queens
Seat 2: 87f4e210 folded before Flop (didn't bet)
Seat 1: b748cfd9 folded before Flop (didn't bet)
Seat 4: 5c1a91d9 folded before Flop (didn't bet)



Poker Hand #ring_831489335: NLH No Limit ($1/$2) - 2025/04/19 15:03:35
Table 'MR NLH 1/2' 7-max Seat #3 is the button
Seat 6: ec491c9b ($218.78 in chips)
Seat 7: 9ea0f6ab ($265.46 in chips)
Seat 3: d24a3b2 ($257.25 in chips)
Seat 5: Hero ($86.9 in chips)
Seat 2: 87f4e210 ($412.59 in chips)
Seat 1: b748cfd9 ($465.07 in chips)
Seat 4: 5c1a91d9 ($363.13 in chips)
5c1a91d9: posts small blind $1
Hero: posts big blind $2
*** HOLE CARDS ***
Dealt to ec491c9b 
Dealt to 9ea0f6ab 
Dealt to d24a3b2 
Dealt to Hero [Qc 7d]
Dealt to 87f4e210 
Dealt to b748cfd9 
Dealt to 5c1a91d9 
ec491c9b: raises $3 to $5
9ea0f6ab: calls $5
b748cfd9: folds
87f4e210: folds
d24a3b2: calls $5
5c1a91d9: folds
Hero: calls $3
*** FLOP *** [8h 6s Ad]
Hero: checks
ec491c9b: checks
9ea0f6ab: checks
d24a3b2: bets $10.19
Hero: folds
ec491c9b: folds
9ea0f6ab: folds
Uncalled bet ($10.19) returned to d24a3b2
*** SHOWDOWN ***
d24a3b2 collected $21 from pot
*** SUMMARY ***
Total pot $21
Board [8h 6s Ad]
Seat 6: ec491c9b folded on the Flop
Seat 7: 9ea0f6ab folded on the Flop
Seat 3: d24a3b2won ($21) with Pair of Aces
Seat 5: Hero(big blind) folded on the Flop
Seat 2: 87f4e210 folded before Flop (didn't bet)
Seat 1: b748cfd9 folded before Flop (didn't bet)
Seat 4: 5c1a91d9(small blind) folded before Flop



Poker Hand #ring_831487204: NLH No Limit ($1/$2) - 2025/04/19 15:01:01
Table 'MR NLH 1/2' 7-max Seat #2 is the button
Seat 6: ec491c9b ($218.78 in chips)
Seat 7: 9ea0f6ab ($265.46 in chips)
Seat 3: d24a3b2 ($320.97 in chips)
Seat 5: Hero ($276.62 in chips)
Seat 2: 87f4e210 ($412.59 in chips)
Seat 1: b748cfd9 ($230.16 in chips)
Seat 4: 5c1a91d9 ($365.13 in chips)
d24a3b2: posts small blind $1
5c1a91d9: posts big blind $2
*** HOLE CARDS ***
Dealt to ec491c9b 
Dealt to 9ea0f6ab 
Dealt to d24a3b2 
Dealt to Hero [7h Th]
Dealt to 87f4e210 
Dealt to b748cfd9 
Dealt to 5c1a91d9 
Hero: raises $3 to $5
ec491c9b: folds
9ea0f6ab: folds
b748cfd9: calls $5
87f4e210: folds
d24a3b2: calls $4
5c1a91d9: folds
*** FLOP *** [2h 7s Tc]
d24a3b2: checks
Hero: bets $8.5
b748cfd9: raises $11.22 to $19.72
d24a3b2: calls $19.72
Hero: calls $11.22
*** TURN *** [2h 7s Tc] [5h]
d24a3b2: checks
Hero: bets $39
b748cfd9: calls $39
d24a3b2: calls $39
*** RIVER *** [2h 7s Tc 5h] [Ad]
d24a3b2: checks
Hero: checks
b748cfd9: bets $126
d24a3b2: folds
Hero: calls $126
b748cfd9: shows [Ah Ts]
Hero: shows [7h Th]
*** SHOWDOWN ***
b748cfd9 collected $445.16 from pot
*** SUMMARY ***
Total pot $445.16
Board [2h 7s Tc 5h Ad]
Seat 6: ec491c9b folded before Flop (didn't bet)
Seat 7: 9ea0f6ab folded before Flop (didn't bet)
Seat 3: d24a3b2(small blind) folded on the River
Seat 5: Hero showed [7h Th] and lost with Pair of Tens and Pair of Sevens
Seat 2: 87f4e210 folded before Flop (didn't bet)
Seat 1: b748cfd9 showed [Ah Ts] and won ($445.16) with Pair of Aces and Pair of Tens
Seat 4: 5c1a91d9(big blind) folded before Flop



Poker Hand #ring_831486825: NLH No Limit ($1/$2) - 2025/04/19 15:00:32
Table 'MR NLH 1/2' 7-max Seat #1 is the button
Seat 6: ec491c9b ($218.78 in chips)
Seat 7: 9ea0f6ab ($265.46 in chips)
Seat 3: d24a3b2 ($322.97 in chips)
Seat 5: Hero ($276.62 in chips)
Seat 2: 87f4e210 ($410.77 in chips)
Seat 1: b748cfd9 ($230.16 in chips)
Seat 4: 5c1a91d9 ($365.13 in chips)
87f4e210: posts small blind $1
d24a3b2: posts big blind $2
*** HOLE CARDS ***
Dealt to ec491c9b 
Dealt to 9ea0f6ab 
Dealt to d24a3b2 
Dealt to Hero [5c Kh]
Dealt to 87f4e210 
Dealt to b748cfd9 
Dealt to 5c1a91d9 
5c1a91d9: folds
Hero: folds
ec491c9b: folds
9ea0f6ab: folds
b748cfd9: folds
87f4e210: calls $1
d24a3b2: checks
*** FLOP *** [8s Ks Ad]
87f4e210: bets $2.8
d24a3b2: folds
Uncalled bet ($2.8) returned to 87f4e210
*** SHOWDOWN ***
87f4e210 collected $4 from pot
*** SUMMARY ***
Total pot $4
Board [8s Ks Ad]
Seat 6: ec491c9b folded before Flop (didn't bet)
Seat 7: 9ea0f6ab folded before Flop (didn't bet)
Seat 3: d24a3b2(big blind) folded on the Flop
Seat 5: Hero folded before Flop (didn't bet)
Seat 2: 87f4e210(small blind)won ($4) with Ace-High
Seat 1: b748cfd9 folded before Flop (didn't bet)
Seat 4: 5c1a91d9 folded before Flop (didn't bet)



Poker Hand #ring_831485929: NLH No Limit ($1/$2) - 2025/04/19 14:59:28
Table 'MR NLH 1/2' 7-max Seat #7 is the button
Seat 6: ec491c9b ($240.78 in chips)
Seat 7: 9ea0f6ab ($216.33 in chips)
Seat 3: d24a3b2 ($344.97 in chips)
Seat 5: Hero ($276.62 in chips)
Seat 2: 87f4e210 ($412.77 in chips)
Seat 1: b748cfd9 ($237.16 in chips)
Seat 4: 5c1a91d9 ($365.13 in chips)
b748cfd9: posts small blind $1
87f4e210: posts big blind $2
*** HOLE CARDS ***
Dealt to ec491c9b 
Dealt to 9ea0f6ab 
Dealt to d24a3b2 
Dealt to Hero [6d 5h]
Dealt to 87f4e210 
Dealt to b748cfd9 
Dealt to 5c1a91d9 
d24a3b2: raises $5 to $7
5c1a91d9: folds
Hero: folds
ec491c9b: calls $7
9ea0f6ab: calls $7
b748cfd9: calls $6
87f4e210: folds
*** FLOP *** [3c 2c Kd]
b748cfd9: checks
d24a3b2: bets $15
ec491c9b: calls $15
9ea0f6ab: raises $32 to $47
b748cfd9: folds
d24a3b2: folds
ec491c9b: folds
Uncalled bet ($32) returned to 9ea0f6ab
*** SHOWDOWN ***
9ea0f6ab collected $75 from pot
*** SUMMARY ***
Total pot $75
Board [3c 2c Kd]
Seat 6: ec491c9b folded on the Flop
Seat 7: 9ea0f6abwon ($75) with Pair of Kings
Seat 3: d24a3b2 folded on the Flop
Seat 5: Hero folded before Flop (didn't bet)
Seat 2: 87f4e210(big blind) folded before Flop
Seat 1: b748cfd9(small blind) folded on the Flop
Seat 4: 5c1a91d9 folded before Flop (didn't bet)



Poker Hand #ring_831484643: NLH No Limit ($1/$2) - 2025/04/19 14:57:51
Table 'MR NLH 1/2' 7-max Seat #6 is the button
Seat 6: ec491c9b ($240.78 in chips)
Seat 7: 9ea0f6ab ($217.33 in chips)
Seat 3: d24a3b2 ($392.22 in chips)
Seat 5: Hero ($276.62 in chips)
Seat 2: 87f4e210 ($460.02 in chips)
Seat 1: b748cfd9 ($148.58 in chips)
Seat 4: 5c1a91d9 ($365.13 in chips)
9ea0f6ab: posts small blind $1
b748cfd9: posts big blind $2
*** HOLE CARDS ***
Dealt to ec491c9b 
Dealt to 9ea0f6ab 
Dealt to d24a3b2 
Dealt to Hero [5c 4h]
Dealt to 87f4e210 
Dealt to b748cfd9 
Dealt to 5c1a91d9 
87f4e210: raises $6 to $8
d24a3b2: calls $8
5c1a91d9: folds
Hero: folds
ec491c9b: folds
9ea0f6ab: folds
b748cfd9: calls $6
*** FLOP *** [Ah 2h Jd]
b748cfd9: checks
87f4e210: bets $11.25
d24a3b2: calls $11.25
b748cfd9: calls $11.25
*** TURN *** [Ah 2h Jd] [4d]
b748cfd9: checks
87f4e210: checks
d24a3b2: bets $28
b748cfd9: calls $28
87f4e210: calls $28
*** RIVER *** [Ah 2h Jd 4d] [7d]
b748cfd9: checks
87f4e210: checks
d24a3b2: checks
b748cfd9: shows [8c Ad]
87f4e210: shows [Ts Js]
d24a3b2: shows [Jh Kh]
*** SHOWDOWN ***
b748cfd9 collected $142.75 from pot
*** SUMMARY ***
Total pot $142.75
Board [Ah 2h Jd 4d 7d]
Seat 6: ec491c9b folded before Flop (didn't bet)
Seat 7: 9ea0f6ab(small blind) folded before Flop
Seat 3: d24a3b2 showed [Jh Kh] and lost with Pair of Jacks
Seat 5: Hero folded before Flop (didn't bet)
Seat 2: 87f4e210 showed [Ts Js] and lost with Pair of Jacks
Seat 1: b748cfd9(big blind) showed [8c Ad] and won ($142.75) with Pair of Aces
Seat 4: 5c1a91d9 folded before Flop (didn't bet)



Poker Hand #ring_831483778: NLH No Limit ($1/$2) - 2025/04/19 14:56:48
Table 'MR NLH 1/2' 7-max Seat #5 is the button
Seat 6: ec491c9b ($242.78 in chips)
Seat 7: 9ea0f6ab ($219.33 in chips)
Seat 3: d24a3b2 ($388.49 in chips)
Seat 5: Hero ($276.62 in chips)
Seat 2: 87f4e210 ($460.02 in chips)
Seat 1: b748cfd9 ($148.58 in chips)
Seat 4: 5c1a91d9 ($365.13 in chips)
ec491c9b: posts small blind $1
9ea0f6ab: posts big blind $2
*** HOLE CARDS ***
Dealt to ec491c9b 
Dealt to 9ea0f6ab 
Dealt to d24a3b2 
Dealt to Hero [8d Jh]
Dealt to 87f4e210 
Dealt to b748cfd9 
Dealt to 5c1a91d9 
b748cfd9: folds
87f4e210: folds
d24a3b2: calls $2
5c1a91d9: folds
Hero: folds
ec491c9b: calls $1
9ea0f6ab: checks
*** FLOP *** [9h 6s Ks]
ec491c9b: checks
9ea0f6ab: checks
d24a3b2: bets $3
ec491c9b: folds
9ea0f6ab: folds
Uncalled bet ($3) returned to d24a3b2
*** SHOWDOWN ***
d24a3b2 collected $6 from pot
*** SUMMARY ***
Total pot $6
Board [9h 6s Ks]
Seat 6: ec491c9b(small blind) folded on the Flop
Seat 7: 9ea0f6ab(big blind) folded on the Flop
Seat 3: d24a3b2won ($6) with Pair of Nines
Seat 5: Hero folded before Flop (didn't bet)
Seat 2: 87f4e210 folded before Flop (didn't bet)
Seat 1: b748cfd9 folded before Flop (didn't bet)
Seat 4: 5c1a91d9 folded before Flop (didn't bet)



Poker Hand #ring_831483127: NLH No Limit ($1/$2) - 2025/04/19 14:56:01
Table 'MR NLH 1/2' 7-max Seat #4 is the button
Seat 6: ec491c9b ($244.78 in chips)
Seat 7: 9ea0f6ab ($219.33 in chips)
Seat 3: d24a3b2 ($378.34 in chips)
Seat 5: Hero ($277.62 in chips)
Seat 2: 87f4e210 ($468.02 in chips)
Seat 1: b748cfd9 ($148.58 in chips)
Seat 4: 5c1a91d9 ($365.13 in chips)
Hero: posts small blind $1
ec491c9b: posts big blind $2
*** HOLE CARDS ***
Dealt to ec491c9b 
Dealt to 9ea0f6ab 
Dealt to d24a3b2 
Dealt to Hero [5c Js]
Dealt to 87f4e210 
Dealt to b748cfd9 
Dealt to 5c1a91d9 
9ea0f6ab: folds
b748cfd9: folds
87f4e210: raises $6 to $8
d24a3b2: calls $8
5c1a91d9: folds
Hero: folds
ec491c9b: folds
*** FLOP *** [Jd 6c 4d]
87f4e210: checks
d24a3b2: checks
*** TURN *** [Jd 6c 4d] [Ac]
87f4e210: checks
d24a3b2: bets $11
87f4e210: folds
Uncalled bet ($11) returned to d24a3b2
*** SHOWDOWN ***
d24a3b2 collected $19 from pot
*** SUMMARY ***
Total pot $19
Board [Jd 6c 4d Ac]
Seat 6: ec491c9b(big blind) folded before Flop
Seat 7: 9ea0f6ab folded before Flop (didn't bet)
Seat 3: d24a3b2won ($19) with Pair of Aces
Seat 5: Hero(small blind) folded before Flop
Seat 2: 87f4e210 folded on the Turn
Seat 1: b748cfd9 folded before Flop (didn't bet)
Seat 4: 5c1a91d9 folded before Flop (didn't bet)



Poker Hand #ring_831482390: NLH No Limit ($1/$2) - 2025/04/19 14:55:07
Table 'MR NLH 1/2' 7-max Seat #3 is the button
Seat 6: ec491c9b ($244.78 in chips)
Seat 7: 9ea0f6ab ($219.33 in chips)
Seat 3: d24a3b2 ($354.68 in chips)
Seat 5: Hero ($303.12 in chips)
Seat 2: 87f4e210 ($468.02 in chips)
Seat 1: b748cfd9 ($148.58 in chips)
Seat 4: 5c1a91d9 ($366.13 in chips)
5c1a91d9: posts small blind $1
Hero: posts big blind $2
*** HOLE CARDS ***
Dealt to ec491c9b 
Dealt to 9ea0f6ab 
Dealt to d24a3b2 
Dealt to Hero [Qc 2s]
Dealt to 87f4e210 
Dealt to b748cfd9 
Dealt to 5c1a91d9 
ec491c9b: folds
9ea0f6ab: folds
b748cfd9: folds
87f4e210: folds
d24a3b2: raises $4 to $6
5c1a91d9: folds
Hero: calls $4
*** FLOP *** [2d 7d As]
Hero: checks
d24a3b2: bets $6.5
Hero: calls $6.5
*** TURN *** [2d 7d As] [7s]
Hero: checks
d24a3b2: checks
*** RIVER *** [2d 7d As 7s] [3d]
Hero: checks
d24a3b2: bets $13
Hero: calls $13
d24a3b2: shows [6s Ac]
Hero: shows [Qc 2s]
*** SHOWDOWN ***
d24a3b2 collected $52 from pot
*** SUMMARY ***
Total pot $52
Board [2d 7d As 7s 3d]
Seat 6: ec491c9b folded before Flop (didn't bet)
Seat 7: 9ea0f6ab folded before Flop (didn't bet)
Seat 3: d24a3b2 showed [6s Ac] and won ($52) with Pair of Aces and Pair of Sevens
Seat 5: Hero(big blind) showed [Qc 2s] and lost with Pair of Sevens and Pair of Twos
Seat 2: 87f4e210 folded before Flop (didn't bet)
Seat 1: b748cfd9 folded before Flop (didn't bet)
Seat 4: 5c1a91d9(small blind) folded before Flop



Poker Hand #ring_831481756: NLH No Limit ($1/$2) - 2025/04/19 14:54:21
Table 'MR NLH 1/2' 7-max Seat #2 is the button
Seat 6: ec491c9b ($244.78 in chips)
Seat 7: 9ea0f6ab ($201 in chips)
Seat 3: d24a3b2 ($360.68 in chips)
Seat 5: Hero ($303.12 in chips)
Seat 2: 87f4e210 ($474.02 in chips)
Seat 1: b748cfd9 ($154.58 in chips)
Seat 4: 5c1a91d9 ($368.13 in chips)
d24a3b2: posts small blind $1
5c1a91d9: posts big blind $2
*** HOLE CARDS ***
Dealt to ec491c9b 
Dealt to 9ea0f6ab 
Dealt to d24a3b2 
Dealt to Hero [6c 5h]
Dealt to 87f4e210 
Dealt to b748cfd9 
Dealt to 5c1a91d9 
Hero: folds
ec491c9b: folds
9ea0f6ab: raises $4 to $6
b748cfd9: calls $6
87f4e210: calls $6
d24a3b2: calls $5
5c1a91d9: folds
*** FLOP *** [Qh 3s Qc]
d24a3b2: checks
9ea0f6ab: bets $14.04
b748cfd9: folds
87f4e210: folds
d24a3b2: folds
Uncalled bet ($14.04) returned to 9ea0f6ab
*** SHOWDOWN ***
9ea0f6ab collected $26 from pot
*** SUMMARY ***
Total pot $26
Board [Qh 3s Qc]
Seat 6: ec491c9b folded before Flop (didn't bet)
Seat 7: 9ea0f6abwon ($26) with Three Queens
Seat 3: d24a3b2(small blind) folded on the Flop
Seat 5: Hero folded before Flop (didn't bet)
Seat 2: 87f4e210 folded on the Flop
Seat 1: b748cfd9 folded on the Flop
Seat 4: 5c1a91d9(big blind) folded before Flop



Poker Hand #ring_831480750: NLH No Limit ($1/$2) - 2025/04/19 14:53:06
Table 'MR NLH 1/2' 7-max Seat #1 is the button
Seat 6: ec491c9b ($244.78 in chips)
Seat 7: 9ea0f6ab ($201 in chips)
Seat 3: d24a3b2 ($322.46 in chips)
Seat 5: Hero ($303.12 in chips)
Seat 2: 87f4e210 ($475.02 in chips)
Seat 1: b748cfd9 ($196.08 in chips)
Seat 4: 5c1a91d9 ($368.13 in chips)
87f4e210: posts small blind $1
d24a3b2: posts big blind $2
*** HOLE CARDS ***
Dealt to ec491c9b 
Dealt to 9ea0f6ab 
Dealt to d24a3b2 
Dealt to Hero [4c 5h]
Dealt to 87f4e210 
Dealt to b748cfd9 
Dealt to 5c1a91d9 
5c1a91d9: folds
Hero: folds
ec491c9b: folds
9ea0f6ab: folds
b748cfd9: raises $6 to $8
87f4e210: folds
d24a3b2: calls $6
*** FLOP *** [4d 9s Td]
d24a3b2: checks
b748cfd9: checks
*** TURN *** [4d 9s Td] [6d]
d24a3b2: bets $8.5
b748cfd9: calls $8.5
*** RIVER *** [4d 9s Td 6d] [5d]
d24a3b2: bets $25
b748cfd9: calls $25
b748cfd9: shows [Jd Kc]
d24a3b2: shows [7d Qd]
*** SHOWDOWN ***
d24a3b2 collected $84 from pot
*** SUMMARY ***
Total pot $84
Board [4d 9s Td 6d 5d]
Seat 6: ec491c9b folded before Flop (didn't bet)
Seat 7: 9ea0f6ab folded before Flop (didn't bet)
Seat 3: d24a3b2(big blind) showed [7d Qd] and won ($84) with Queen High Flush
Seat 5: Hero folded before Flop (didn't bet)
Seat 2: 87f4e210(small blind) folded before Flop
Seat 1: b748cfd9 showed [Jd Kc] and lost with Jack High Flush
Seat 4: 5c1a91d9 folded before Flop (didn't bet)



Poker Hand #ring_831480088: NLH No Limit ($1/$2) - 2025/04/19 14:52:17
Table 'MR NLH 1/2' 7-max Seat #7 is the button
Seat 6: ec491c9b ($246.78 in chips)
Seat 7: 9ea0f6ab ($201 in chips)
Seat 3: d24a3b2 ($322.46 in chips)
Seat 5: Hero ($303.12 in chips)
Seat 2: 87f4e210 ($477.02 in chips)
Seat 1: b748cfd9 ($192.35 in chips)
Seat 4: 5c1a91d9 ($368.13 in chips)
b748cfd9: posts small blind $1
87f4e210: posts big blind $2
*** HOLE CARDS ***
Dealt to ec491c9b 
Dealt to 9ea0f6ab 
Dealt to d24a3b2 
Dealt to Hero [7s 9d]
Dealt to 87f4e210 
Dealt to b748cfd9 
Dealt to 5c1a91d9 
d24a3b2: folds
5c1a91d9: folds
Hero: folds
ec491c9b: calls $2
9ea0f6ab: folds
b748cfd9: calls $1
87f4e210: checks
*** FLOP *** [3c Jh 2d]
b748cfd9: bets $4.5
87f4e210: folds
ec491c9b: folds
Uncalled bet ($4.5) returned to b748cfd9
*** SHOWDOWN ***
b748cfd9 collected $6 from pot
*** SUMMARY ***
Total pot $6
Board [3c Jh 2d]
Seat 6: ec491c9b folded on the Flop
Seat 7: 9ea0f6ab folded before Flop (didn't bet)
Seat 3: d24a3b2 folded before Flop (didn't bet)
Seat 5: Hero folded before Flop (didn't bet)
Seat 2: 87f4e210(big blind) folded on the Flop
Seat 1: b748cfd9(small blind)won ($6) with Pair of Treys
Seat 4: 5c1a91d9 folded before Flop (didn't bet)



Poker Hand #ring_831479680: NLH No Limit ($1/$2) - 2025/04/19 14:51:49
Table 'MR NLH 1/2' 7-max Seat #6 is the button
Seat 6: ec491c9b ($246.78 in chips)
Seat 7: 9ea0f6ab ($202 in chips)
Seat 3: d24a3b2 ($322.46 in chips)
Seat 5: Hero ($303.12 in chips)
Seat 2: 87f4e210 ($477.02 in chips)
Seat 1: b748cfd9 ($194.35 in chips)
Seat 4: 5c1a91d9 ($365.13 in chips)
9ea0f6ab: posts small blind $1
b748cfd9: posts big blind $2
*** HOLE CARDS ***
Dealt to ec491c9b 
Dealt to 9ea0f6ab 
Dealt to d24a3b2 
Dealt to Hero [2c 4s]
Dealt to 87f4e210 
Dealt to b748cfd9 
Dealt to 5c1a91d9 
87f4e210: folds
d24a3b2: folds
5c1a91d9: raises $4 to $6
Hero: folds
ec491c9b: folds
9ea0f6ab: folds
b748cfd9: folds
Uncalled bet ($4) returned to 5c1a91d9
*** SHOWDOWN ***
5c1a91d9 collected $5 from pot
*** SUMMARY ***
Total pot $5
Seat 6: ec491c9b folded before Flop (didn't bet)
Seat 7: 9ea0f6ab(small blind) folded before Flop
Seat 3: d24a3b2 folded before Flop (didn't bet)
Seat 5: Hero folded before Flop (didn't bet)
Seat 2: 87f4e210 folded before Flop (didn't bet)
Seat 1: b748cfd9(big blind) folded before Flop
Seat 4: 5c1a91d9won ($5)



Poker Hand #ring_831479035: NLH No Limit ($1/$2) - 2025/04/19 14:51:04
Table 'MR NLH 1/2' 7-max Seat #5 is the button
Seat 6: ec491c9b ($247.78 in chips)
Seat 7: 9ea0f6ab ($204 in chips)
Seat 3: d24a3b2 ($322.46 in chips)
Seat 5: Hero ($292.97 in chips)
Seat 2: 87f4e210 ($485.02 in chips)
Seat 1: b748cfd9 ($194.35 in chips)
Seat 4: 5c1a91d9 ($365.13 in chips)
ec491c9b: posts small blind $1
9ea0f6ab: posts big blind $2
*** HOLE CARDS ***
Dealt to ec491c9b 
Dealt to 9ea0f6ab 
Dealt to d24a3b2 
Dealt to Hero [9s 8s]
Dealt to 87f4e210 
Dealt to b748cfd9 
Dealt to 5c1a91d9 
b748cfd9: folds
87f4e210: raises $6 to $8
d24a3b2: folds
5c1a91d9: folds
Hero: calls $8
ec491c9b: folds
9ea0f6ab: folds
*** FLOP *** [Ts 5d 8c]
87f4e210: checks
Hero: checks
*** TURN *** [Ts 5d 8c] [4h]
87f4e210: checks
Hero: bets $9.5
87f4e210: folds
Uncalled bet ($9.5) returned to Hero
*** SHOWDOWN ***
Hero collected $19 from pot
*** SUMMARY ***
Total pot $19
Board [Ts 5d 8c 4h]
Seat 6: ec491c9b(small blind) folded before Flop
Seat 7: 9ea0f6ab(big blind) folded before Flop
Seat 3: d24a3b2 folded before Flop (didn't bet)
Seat 5: Herowon ($19) with Pair of Eights
Seat 2: 87f4e210 folded on the Turn
Seat 1: b748cfd9 folded before Flop (didn't bet)
Seat 4: 5c1a91d9 folded before Flop (didn't bet)



Poker Hand #ring_831478492: NLH No Limit ($1/$2) - 2025/04/19 14:50:23
Table 'MR NLH 1/2' 7-max Seat #4 is the button
Seat 6: ec491c9b ($239.54 in chips)
Seat 3: d24a3b2 ($322.46 in chips)
Seat 5: Hero ($293.97 in chips)
Seat 2: 87f4e210 ($493.02 in chips)
Seat 1: b748cfd9 ($194.35 in chips)
Seat 4: 5c1a91d9 ($365.13 in chips)
Hero: posts small blind $1
ec491c9b: posts big blind $2
*** HOLE CARDS ***
Dealt to ec491c9b 
Dealt to d24a3b2 
Dealt to Hero [4c 8d]
Dealt to 87f4e210 
Dealt to b748cfd9 
Dealt to 5c1a91d9 
b748cfd9: folds
87f4e210: raises $6 to $8
d24a3b2: folds
5c1a91d9: folds
Hero: folds
ec491c9b: calls $6
*** FLOP *** [7c 9h 6c]
ec491c9b: checks
87f4e210: checks
*** TURN *** [7c 9h 6c] [3h]
ec491c9b: bets $9.52
87f4e210: folds
Uncalled bet ($9.52) returned to ec491c9b
*** SHOWDOWN ***
ec491c9b collected $17 from pot
*** SUMMARY ***
Total pot $17
Board [7c 9h 6c 3h]
Seat 6: ec491c9b(big blind)won ($17) with Ace-High
Seat 3: d24a3b2 folded before Flop (didn't bet)
Seat 5: Hero(small blind) folded before Flop
Seat 2: 87f4e210 folded on the Turn
Seat 1: b748cfd9 folded before Flop (didn't bet)
Seat 4: 5c1a91d9 folded before Flop (didn't bet)



Poker Hand #ring_831478117: NLH No Limit ($1/$2) - 2025/04/19 14:49:55
Table 'MR NLH 1/2' 7-max Seat #3 is the button
Seat 6: ec491c9b ($239.54 in chips)
Seat 3: d24a3b2 ($322.46 in chips)
Seat 5: Hero ($295.97 in chips)
Seat 2: 87f4e210 ($493.02 in chips)
Seat 1: b748cfd9 ($191.35 in chips)
Seat 4: 5c1a91d9 ($366.13 in chips)
5c1a91d9: posts small blind $1
Hero: posts big blind $2
*** HOLE CARDS ***
Dealt to ec491c9b 
Dealt to d24a3b2 
Dealt to Hero [Js 8s]
Dealt to 87f4e210 
Dealt to b748cfd9 
Dealt to 5c1a91d9 
ec491c9b: folds
b748cfd9: raises $6 to $8
87f4e210: folds
d24a3b2: folds
5c1a91d9: folds
Hero: folds
Uncalled bet ($6) returned to b748cfd9
*** SHOWDOWN ***
b748cfd9 collected $5 from pot
*** SUMMARY ***
Total pot $5
Seat 6: ec491c9b folded before Flop (didn't bet)
Seat 3: d24a3b2 folded before Flop (didn't bet)
Seat 5: Hero(big blind) folded before Flop
Seat 2: 87f4e210 folded before Flop (didn't bet)
Seat 1: b748cfd9won ($5)
Seat 4: 5c1a91d9(small blind) folded before Flop



Poker Hand #ring_831476997: NLH No Limit ($1/$2) - 2025/04/19 14:48:30
Table 'MR NLH 1/2' 7-max Seat #2 is the button
Seat 6: ec491c9b ($239.54 in chips)
Seat 3: d24a3b2 ($323.46 in chips)
Seat 5: Hero ($295.97 in chips)
Seat 2: 87f4e210 ($565.02 in chips)
Seat 1: b748cfd9 ($191.35 in chips)
Seat 4: 5c1a91d9 ($300.15 in chips)
d24a3b2: posts small blind $1
5c1a91d9: posts big blind $2
*** HOLE CARDS ***
Dealt to ec491c9b 
Dealt to d24a3b2 
Dealt to Hero [Jd 7h]
Dealt to 87f4e210 
Dealt to b748cfd9 
Dealt to 5c1a91d9 
Hero: folds
ec491c9b: folds
b748cfd9: folds
87f4e210: raises $6 to $8
d24a3b2: folds
5c1a91d9: calls $6
*** FLOP *** [8s Th 7s]
5c1a91d9: checks
87f4e210: bets $7.65
5c1a91d9: raises $28.35 to $36
87f4e210: calls $28.35
*** TURN *** [8s Th 7s] [9c]
5c1a91d9: bets $28
87f4e210: calls $28
*** RIVER *** [8s Th 7s 9c] [4d]
5c1a91d9: bets $66
87f4e210: folds
Uncalled bet ($66) returned to 5c1a91d9
*** SHOWDOWN ***
5c1a91d9 collected $145 from pot
*** SUMMARY ***
Total pot $145
Board [8s Th 7s 9c 4d]
Seat 6: ec491c9b folded before Flop (didn't bet)
Seat 3: d24a3b2(small blind) folded before Flop
Seat 5: Hero folded before Flop (didn't bet)
Seat 2: 87f4e210 folded on the River
Seat 1: b748cfd9 folded before Flop (didn't bet)
Seat 4: 5c1a91d9(big blind)won ($145) with Jacks-High Straight



Poker Hand #ring_831476313: NLH No Limit ($1/$2) - 2025/04/19 14:47:40
Table 'MR NLH 1/2' 7-max Seat #1 is the button
Seat 6: ec491c9b ($239.54 in chips)
Seat 3: d24a3b2 ($325.46 in chips)
Seat 5: Hero ($287.64 in chips)
Seat 2: 87f4e210 ($566.02 in chips)
Seat 1: b748cfd9 ($191.35 in chips)
Seat 4: 5c1a91d9 ($306.15 in chips)
87f4e210: posts small blind $1
d24a3b2: posts big blind $2
*** HOLE CARDS ***
Dealt to ec491c9b 
Dealt to d24a3b2 
Dealt to Hero [9h Ah]
Dealt to 87f4e210 
Dealt to b748cfd9 
Dealt to 5c1a91d9 
5c1a91d9: calls $2
Hero: raises $4 to $6
ec491c9b: folds
b748cfd9: folds
87f4e210: folds
d24a3b2: folds
5c1a91d9: calls $4
*** FLOP *** [Qd Qh 5s]
5c1a91d9: checks
Hero: checks
*** TURN *** [Qd Qh 5s] [9s]
5c1a91d9: checks
Hero: bets $7.5
5c1a91d9: folds
Uncalled bet ($7.5) returned to Hero
*** SHOWDOWN ***
Hero collected $15 from pot
*** SUMMARY ***
Total pot $15
Board [Qd Qh 5s 9s]
Seat 6: ec491c9b folded before Flop (didn't bet)
Seat 3: d24a3b2(big blind) folded before Flop
Seat 5: Herowon ($15) with Pair of Queens and Pair of Nines
Seat 2: 87f4e210(small blind) folded before Flop
Seat 1: b748cfd9 folded before Flop (didn't bet)
Seat 4: 5c1a91d9 folded on the Turn



Poker Hand #ring_831474920: NLH No Limit ($1/$2) - 2025/04/19 14:45:55
Table 'MR NLH 1/2' 7-max Seat #6 is the button
Seat 6: ec491c9b ($247.54 in chips)
Seat 3: d24a3b2 ($348.46 in chips)
Seat 5: Hero ($287.64 in chips)
Seat 2: 87f4e210 ($574.02 in chips)
Seat 1: b748cfd9 ($148 in chips)
Seat 4: 5c1a91d9 ($314.15 in chips)
b748cfd9: posts small blind $1
87f4e210: posts big blind $2
*** HOLE CARDS ***
Dealt to ec491c9b 
Dealt to d24a3b2 
Dealt to Hero [2c Kh]
Dealt to 87f4e210 
Dealt to b748cfd9 
Dealt to 5c1a91d9 
d24a3b2: calls $2
5c1a91d9: raises $6 to $8
Hero: folds
ec491c9b: calls $8
b748cfd9: calls $7
87f4e210: calls $6
d24a3b2: calls $6
*** FLOP *** [9h 9d Td]
b748cfd9: checks
87f4e210: checks
d24a3b2: checks
5c1a91d9: checks
ec491c9b: checks
*** TURN *** [9h 9d Td] [8h]
b748cfd9: checks
87f4e210: checks
d24a3b2: checks
5c1a91d9: checks
ec491c9b: checks
*** RIVER *** [9h 9d Td 8h] [8s]
b748cfd9: checks
87f4e210: checks
d24a3b2: bets $15
5c1a91d9: folds
ec491c9b: folds
b748cfd9: calls $15
87f4e210: folds
b748cfd9: shows [Kd Tc]
d24a3b2: shows [Ad 5c]
*** SHOWDOWN ***
b748cfd9 collected $70 from pot
*** SUMMARY ***
Total pot $70
Board [9h 9d Td 8h 8s]
Seat 6: ec491c9b folded on the River
Seat 3: d24a3b2 showed [Ad 5c] and lost with Pair of Nines and Pair of Eights
Seat 5: Hero folded before Flop (didn't bet)
Seat 2: 87f4e210(big blind) folded on the River
Seat 1: b748cfd9(small blind) showed [Kd Tc] and won ($70) with Pair of Tens and Pair of Nines
Seat 4: 5c1a91d9 folded on the River



Poker Hand #ring_831474646: NLH No Limit ($1/$2) - 2025/04/19 14:45:34
Table 'MR NLH 1/2' 7-max Seat #5 is the button
Seat 6: ec491c9b ($248.54 in chips)
Seat 3: d24a3b2 ($348.46 in chips)
Seat 5: Hero ($287.64 in chips)
Seat 2: 87f4e210 ($574.02 in chips)
Seat 1: b748cfd9 ($150 in chips)
Seat 4: 5c1a91d9 ($311.15 in chips)
ec491c9b: posts small blind $1
b748cfd9: posts big blind $2
*** HOLE CARDS ***
Dealt to ec491c9b 
Dealt to d24a3b2 
Dealt to Hero [8h 6d]
Dealt to 87f4e210 
Dealt to b748cfd9 
Dealt to 5c1a91d9 
87f4e210: folds
d24a3b2: folds
5c1a91d9: raises $4 to $6
Hero: folds
ec491c9b: folds
b748cfd9: folds
Uncalled bet ($4) returned to 5c1a91d9
*** SHOWDOWN ***
5c1a91d9 collected $5 from pot
*** SUMMARY ***
Total pot $5
Seat 6: ec491c9b(small blind) folded before Flop
Seat 3: d24a3b2 folded before Flop (didn't bet)
Seat 5: Hero folded before Flop (didn't bet)
Seat 2: 87f4e210 folded before Flop (didn't bet)
Seat 1: b748cfd9(big blind) folded before Flop
Seat 4: 5c1a91d9won ($5)



Poker Hand #ring_831474202: NLH No Limit ($1/$2) - 2025/04/19 14:45:01
Table 'MR NLH 1/2' 7-max Seat #4 is the button
Seat 6: ec491c9b ($250.54 in chips)
Seat 3: d24a3b2 ($348.46 in chips)
Seat 5: Hero ($288.64 in chips)
Seat 2: 87f4e210 ($574.02 in chips)
Seat 4: 5c1a91d9 ($308.15 in chips)
Hero: posts small blind $1
ec491c9b: posts big blind $2
*** HOLE CARDS ***
Dealt to ec491c9b 
Dealt to d24a3b2 
Dealt to Hero [5h 9s]
Dealt to 87f4e210 
Dealt to 5c1a91d9 
87f4e210: folds
d24a3b2: folds
5c1a91d9: raises $3 to $5
Hero: folds
ec491c9b: folds
Uncalled bet ($3) returned to 5c1a91d9
*** SHOWDOWN ***
5c1a91d9 collected $5 from pot
*** SUMMARY ***
Total pot $5
Seat 6: ec491c9b(big blind) folded before Flop
Seat 3: d24a3b2 folded before Flop (didn't bet)
Seat 5: Hero(small blind) folded before Flop
Seat 2: 87f4e210 folded before Flop (didn't bet)
Seat 4: 5c1a91d9won ($5)



Poker Hand #ring_831473637: NLH No Limit ($1/$2) - 2025/04/19 14:44:19
Table 'MR NLH 1/2' 7-max Seat #3 is the button
Seat 6: ec491c9b ($262.54 in chips)
Seat 3: d24a3b2 ($348.46 in chips)
Seat 5: Hero ($290.64 in chips)
Seat 2: 87f4e210 ($560.73 in chips)
Seat 4: 5c1a91d9 ($309.15 in chips)
5c1a91d9: posts small blind $1
Hero: posts big blind $2
*** HOLE CARDS ***
Dealt to ec491c9b 
Dealt to d24a3b2 
Dealt to Hero [9d Ac]
Dealt to 87f4e210 
Dealt to 5c1a91d9 
ec491c9b: calls $2
87f4e210: raises $10 to $12
d24a3b2: folds
5c1a91d9: folds
Hero: folds
ec491c9b: calls $10
*** FLOP *** [5d 2d Ts]
ec491c9b: checks
87f4e210: bets $18.9
ec491c9b: folds
Uncalled bet ($18.9) returned to 87f4e210
d24a3b2: shows [Td 4d]
*** SHOWDOWN ***
87f4e210 collected $27 from pot
*** SUMMARY ***
Total pot $27
Board [5d 2d Ts]
Seat 6: ec491c9b folded on the Flop
Seat 3: d24a3b2 folded before Flop (didn't bet)
Seat 5: Hero(big blind) folded before Flop
Seat 2: 87f4e210won ($27) with Pair of Kings
Seat 4: 5c1a91d9(small blind) folded before Flop



Poker Hand #ring_831473396: NLH No Limit ($1/$2) - 2025/04/19 14:44:01
Table 'MR NLH 1/2' 7-max Seat #2 is the button
Seat 6: ec491c9b ($262.54 in chips)
Seat 3: d24a3b2 ($349.46 in chips)
Seat 5: Hero ($290.64 in chips)
Seat 2: 87f4e210 ($560.73 in chips)
Seat 4: 5c1a91d9 ($308.15 in chips)
d24a3b2: posts small blind $1
5c1a91d9: posts big blind $2
*** HOLE CARDS ***
Dealt to ec491c9b 
Dealt to d24a3b2 
Dealt to Hero [5s 7h]
Dealt to 87f4e210 
Dealt to 5c1a91d9 
Hero: folds
ec491c9b: folds
87f4e210: folds
d24a3b2: folds
d24a3b2: shows [2h 7c]
*** SHOWDOWN ***
5c1a91d9 collected $3 from pot
*** SUMMARY ***
Total pot $3
Seat 6: ec491c9b folded before Flop (didn't bet)
Seat 3: d24a3b2(small blind) folded before Flop
Seat 5: Hero folded before Flop (didn't bet)
Seat 2: 87f4e210 folded before Flop (didn't bet)
Seat 4: 5c1a91d9(big blind)won ($3)



Poker Hand #ring_831472973: NLH No Limit ($1/$2) - 2025/04/19 14:43:30
Table 'MR NLH 1/2' 7-max Seat #6 is the button
Seat 6: ec491c9b ($262.54 in chips)
Seat 3: d24a3b2 ($348.46 in chips)
Seat 5: Hero ($290.64 in chips)
Seat 2: 87f4e210 ($561.73 in chips)
Seat 4: 5c1a91d9 ($308.15 in chips)
87f4e210: posts small blind $1
d24a3b2: posts big blind $2
*** HOLE CARDS ***
Dealt to ec491c9b 
Dealt to d24a3b2 
Dealt to Hero [2c 9h]
Dealt to 87f4e210 
Dealt to 5c1a91d9 
5c1a91d9: folds
Hero: folds
ec491c9b: folds
87f4e210: folds
d24a3b2: shows [Ah]
*** SHOWDOWN ***
d24a3b2 collected $3 from pot
*** SUMMARY ***
Total pot $3
Seat 6: ec491c9b folded before Flop (didn't bet)
Seat 3: d24a3b2(big blind) showed [Ah] and won ($3)
Seat 5: Hero folded before Flop (didn't bet)
Seat 2: 87f4e210(small blind) folded before Flop
Seat 4: 5c1a91d9 folded before Flop (didn't bet)



Poker Hand #ring_831471745: NLH No Limit ($1/$2) - 2025/04/19 14:42:01
Table 'MR NLH 1/2' 7-max Seat #5 is the button
Seat 6: ec491c9b ($263.54 in chips)
Seat 3: d24a3b2 ($300.18 in chips)
Seat 5: Hero ($290.64 in chips)
Seat 2: 87f4e210 ($563.73 in chips)
Seat 4: 5c1a91d9 ($358.6 in chips)
ec491c9b: posts small blind $1
87f4e210: posts big blind $2
d24a3b2: posts big blind $2
*** HOLE CARDS ***
Dealt to ec491c9b 
Dealt to d24a3b2 
Dealt to Hero [Jh Td]
Dealt to 87f4e210 
Dealt to 5c1a91d9 
d24a3b2: raises $4 to $6
5c1a91d9: raises $14 to $20
Hero: folds
ec491c9b: folds
87f4e210: folds
d24a3b2: calls $14
*** FLOP *** [6h Ah Qd]
d24a3b2: checks
5c1a91d9: bets $11
d24a3b2: raises $19.45 to $30.45
5c1a91d9: calls $19.45
*** TURN *** [6h Ah Qd] [2d]
d24a3b2: bets $60.18
5c1a91d9: folds
Uncalled bet ($60.18) returned to d24a3b2
*** SHOWDOWN ***
d24a3b2 collected $103.9 from pot
*** SUMMARY ***
Total pot $103.9
Board [6h Ah Qd 2d]
Seat 6: ec491c9b(small blind) folded before Flop
Seat 3: d24a3b2won ($103.9) with Three Sixes
Seat 5: Hero folded before Flop (didn't bet)
Seat 2: 87f4e210(big blind) folded before Flop
Seat 4: 5c1a91d9 folded on the Turn



Poker Hand #ring_831471344: NLH No Limit ($1/$2) - 2025/04/19 14:41:30
Table 'MR NLH 1/2' 7-max Seat #4 is the button
Seat 6: ec491c9b ($261.72 in chips)
Seat 5: Hero ($292.64 in chips)
Seat 2: 87f4e210 ($563.73 in chips)
Seat 4: 5c1a91d9 ($358.6 in chips)
Hero: posts small blind $1
ec491c9b: posts big blind $2
*** HOLE CARDS ***
Dealt to ec491c9b 
Dealt to Hero [4h Qd]
Dealt to 87f4e210 
Dealt to 5c1a91d9 
87f4e210: folds
5c1a91d9: folds
Hero: calls $1
ec491c9b: checks
*** FLOP *** [3h 8h 3c]
Hero: checks
ec491c9b: checks
*** TURN *** [3h 8h 3c] [5d]
Hero: checks
ec491c9b: bets $3.08
Hero: folds
Uncalled bet ($3.08) returned to ec491c9b
*** SHOWDOWN ***
ec491c9b collected $4 from pot
*** SUMMARY ***
Total pot $4
Board [3h 8h 3c 5d]
Seat 6: ec491c9b(big blind)won ($4) with Pair of Fives and Pair of Treys
Seat 5: Hero(small blind) folded on the Turn
Seat 2: 87f4e210 folded before Flop (didn't bet)
Seat 4: 5c1a91d9 folded before Flop (didn't bet)



Poker Hand #ring_831471039: NLH No Limit ($1/$2) - 2025/04/19 14:41:09
Table 'MR NLH 1/2' 7-max Seat #0 is the button
Seat 6: ec491c9b ($258.72 in chips)
Seat 5: Hero ($294.64 in chips)
Seat 2: 87f4e210 ($563.73 in chips)
Seat 4: 5c1a91d9 ($359.6 in chips)
5c1a91d9: posts small blind $1
Hero: posts big blind $2
*** HOLE CARDS ***
Dealt to ec491c9b 
Dealt to Hero [Th 7c]
Dealt to 87f4e210 
Dealt to 5c1a91d9 
ec491c9b: raises $5 to $7
87f4e210: folds
5c1a91d9: folds
Hero: folds
Uncalled bet ($5) returned to ec491c9b
*** SHOWDOWN ***
ec491c9b collected $5 from pot
*** SUMMARY ***
Total pot $5
Seat 6: ec491c9bwon ($5)
Seat 5: Hero(big blind) folded before Flop
Seat 2: 87f4e210 folded before Flop (didn't bet)
Seat 4: 5c1a91d9(small blind) folded before Flop



Poker Hand #ring_831470048: NLH No Limit ($1/$2) - 2025/04/19 14:39:53
Table 'MR NLH 1/2' 7-max Seat #2 is the button
Seat 6: ec491c9b ($258.72 in chips)
Seat 7: 54479e74 ($197 in chips)
Seat 3: d24a3b2 ($109 in chips)
Seat 5: Hero ($175.41 in chips)
Seat 2: 87f4e210 ($583.23 in chips)
Seat 4: 5c1a91d9 ($361.6 in chips)
d24a3b2: posts small blind $1
5c1a91d9: posts big blind $2
*** HOLE CARDS ***
Dealt to ec491c9b 
Dealt to 54479e74 
Dealt to d24a3b2 
Dealt to Hero [Ah Qs]
Dealt to 87f4e210 
Dealt to 5c1a91d9 
Hero: raises $4 to $6
ec491c9b: folds
54479e74: folds
87f4e210: raises $13.5 to $19.5
d24a3b2: calls $18.5
5c1a91d9: folds
Hero: calls $13.5
*** FLOP *** [8h As Kc]
d24a3b2: checks
Hero: bets $18.15
87f4e210: folds
d24a3b2: calls $18.15
*** TURN *** [8h As Kc] [Td]
d24a3b2: checks
Hero: bets $33.22
d24a3b2: calls $33.22
*** RIVER *** [8h As Kc Td] [Ad]
d24a3b2: bets $38.13 and is all-in
Hero: calls $38.13
d24a3b2: shows [Jc Ks]
Hero: shows [Ah Qs]
*** SHOWDOWN ***
Hero collected $239.5 from pot
*** SUMMARY ***
Total pot $239.5
Board [8h As Kc Td Ad]
Seat 6: ec491c9b folded before Flop (didn't bet)
Seat 7: 54479e74 folded before Flop (didn't bet)
Seat 3: d24a3b2(small blind) showed [Jc Ks] and lost with Pair of Aces and Pair of Kings
Seat 5: Hero showed [Ah Qs] and won ($239.5) with Three Aces
Seat 2: 87f4e210 folded on the Flop
Seat 4: 5c1a91d9(big blind) folded before Flop



Poker Hand #ring_831469125: NLH No Limit ($1/$2) - 2025/04/19 14:38:43
Table 'MR NLH 1/2' 7-max Seat #1 is the button
Seat 6: ec491c9b ($258.72 in chips)
Seat 1: 7d236a0c ($57.53 in chips)
Seat 7: 54479e74 ($197 in chips)
Seat 3: d24a3b2 ($127 in chips)
Seat 5: Hero ($181.41 in chips)
Seat 2: 87f4e210 ($589.23 in chips)
Seat 4: 5c1a91d9 ($334.26 in chips)
87f4e210: posts small blind $1
d24a3b2: posts big blind $2
*** HOLE CARDS ***
Dealt to ec491c9b 
Dealt to 7d236a0c 
Dealt to 54479e74 
Dealt to d24a3b2 
Dealt to Hero [Ah 2h]
Dealt to 87f4e210 
Dealt to 5c1a91d9 
5c1a91d9: raises $4 to $6
Hero: calls $6
ec491c9b: folds
54479e74: folds
7d236a0c: folds
87f4e210: calls $5
d24a3b2: calls $4
*** FLOP *** [Kc Th 9s]
87f4e210: checks
d24a3b2: checks
5c1a91d9: checks
Hero: checks
*** TURN *** [Kc Th 9s] [Jh]
87f4e210: checks
d24a3b2: bets $12
5c1a91d9: raises $60 to $72
Hero: folds
87f4e210: folds
d24a3b2: folds
Uncalled bet ($60) returned to 5c1a91d9
*** SHOWDOWN ***
5c1a91d9 collected $48 from pot
*** SUMMARY ***
Total pot $48
Board [Kc Th 9s Jh]
Seat 6: ec491c9b folded before Flop (didn't bet)
Seat 1: 7d236a0c folded before Flop (didn't bet)
Seat 7: 54479e74 folded before Flop (didn't bet)
Seat 3: d24a3b2(big blind) folded on the Turn
Seat 5: Hero folded on the Turn
Seat 2: 87f4e210(small blind) folded on the Turn
Seat 4: 5c1a91d9won ($48) with Aces-High Straight



Poker Hand #ring_831468586: NLH No Limit ($1/$2) - 2025/04/19 14:38:02
Table 'MR NLH 1/2' 7-max Seat #7 is the button
Seat 6: ec491c9b ($258.72 in chips)
Seat 1: 7d236a0c ($80.53 in chips)
Seat 7: 54479e74 ($197 in chips)
Seat 3: d24a3b2 ($150 in chips)
Seat 5: Hero ($181.41 in chips)
Seat 2: 87f4e210 ($546.83 in chips)
Seat 4: 5c1a91d9 ($334.26 in chips)
7d236a0c: posts small blind $1
87f4e210: posts big blind $2
*** HOLE CARDS ***
Dealt to ec491c9b 
Dealt to 7d236a0c 
Dealt to 54479e74 
Dealt to d24a3b2 
Dealt to Hero [Tc 5c]
Dealt to 87f4e210 
Dealt to 5c1a91d9 
d24a3b2: raises $4 to $6
5c1a91d9: folds
Hero: folds
ec491c9b: folds
54479e74: folds
7d236a0c: calls $5
87f4e210: raises $17 to $23
d24a3b2: calls $17
7d236a0c: calls $17
*** FLOP *** [Kd 6c Th]
7d236a0c: checks
87f4e210: bets $31.05
d24a3b2: folds
7d236a0c: folds
Uncalled bet ($31.05) returned to 87f4e210
*** SHOWDOWN ***
87f4e210 collected $69 from pot
*** SUMMARY ***
Total pot $69
Board [Kd 6c Th]
Seat 6: ec491c9b folded before Flop (didn't bet)
Seat 1: 7d236a0c(small blind) folded on the Flop
Seat 7: 54479e74 folded before Flop (didn't bet)
Seat 3: d24a3b2 folded on the Flop
Seat 5: Hero folded before Flop (didn't bet)
Seat 2: 87f4e210(big blind)won ($69) with Pair of Aces
Seat 4: 5c1a91d9 folded before Flop (didn't bet)



Poker Hand #ring_831468013: NLH No Limit ($1/$2) - 2025/04/19 14:37:19
Table 'MR NLH 1/2' 7-max Seat #6 is the button
Seat 6: ec491c9b ($258.72 in chips)
Seat 1: 7d236a0c ($82.53 in chips)
Seat 7: 54479e74 ($198 in chips)
Seat 3: d24a3b2 ($150 in chips)
Seat 5: Hero ($181.41 in chips)
Seat 2: 87f4e210 ($543.83 in chips)
Seat 4: 5c1a91d9 ($334.26 in chips)
54479e74: posts small blind $1
7d236a0c: posts big blind $2
*** HOLE CARDS ***
Dealt to ec491c9b 
Dealt to 7d236a0c 
Dealt to 54479e74 
Dealt to d24a3b2 
Dealt to Hero [7d 4d]
Dealt to 87f4e210 
Dealt to 5c1a91d9 
87f4e210: raises $6 to $8
d24a3b2: folds
5c1a91d9: folds
Hero: folds
ec491c9b: folds
54479e74: folds
7d236a0c: folds
Uncalled bet ($6) returned to 87f4e210
*** SHOWDOWN ***
87f4e210 collected $5 from pot
*** SUMMARY ***
Total pot $5
Seat 6: ec491c9b folded before Flop (didn't bet)
Seat 1: 7d236a0c(big blind) folded before Flop
Seat 7: 54479e74(small blind) folded before Flop
Seat 3: d24a3b2 folded before Flop (didn't bet)
Seat 5: Hero folded before Flop (didn't bet)
Seat 2: 87f4e210won ($5)
Seat 4: 5c1a91d9 folded before Flop (didn't bet)



Poker Hand #ring_831467296: NLH No Limit ($1/$2) - 2025/04/19 14:36:27
Table 'MR NLH 1/2' 7-max Seat #5 is the button
Seat 6: ec491c9b ($259.72 in chips)
Seat 1: 7d236a0c ($82.53 in chips)
Seat 7: 54479e74 ($200 in chips)
Seat 3: d24a3b2 ($150 in chips)
Seat 5: Hero ($202.71 in chips)
Seat 2: 87f4e210 ($522.08 in chips)
Seat 4: 5c1a91d9 ($334.26 in chips)
ec491c9b: posts small blind $1
54479e74: posts big blind $2
*** HOLE CARDS ***
Dealt to ec491c9b 
Dealt to 7d236a0c 
Dealt to 54479e74 
Dealt to d24a3b2 
Dealt to Hero [As 5s]
Dealt to 87f4e210 
Dealt to 5c1a91d9 
7d236a0c: folds
87f4e210: raises $6 to $8
d24a3b2: folds
5c1a91d9: folds
Hero: calls $8
ec491c9b: folds
54479e74: folds
*** FLOP *** [9s 3h Jh]
87f4e210: bets $13.3
Hero: calls $13.3
*** TURN *** [9s 3h Jh] [2h]
87f4e210: bets $31.92
Hero: folds
Uncalled bet ($31.92) returned to 87f4e210
*** SHOWDOWN ***
87f4e210 collected $45.6 from pot
*** SUMMARY ***
Total pot $45.6
Board [9s 3h Jh 2h]
Seat 6: ec491c9b(small blind) folded before Flop
Seat 1: 7d236a0c folded before Flop (didn't bet)
Seat 7: 54479e74(big blind) folded before Flop
Seat 3: d24a3b2 folded before Flop (didn't bet)
Seat 5: Hero folded on the Turn
Seat 2: 87f4e210won ($45.6) with Jack High Flush
Seat 4: 5c1a91d9 folded before Flop (didn't bet)



Poker Hand #ring_831466650: NLH No Limit ($1/$2) - 2025/04/19 14:35:39
Table 'MR NLH 1/2' 7-max Seat #4 is the button
Seat 6: ec491c9b ($265.72 in chips)
Seat 1: 7d236a0c ($70.38 in chips)
Seat 3: d24a3b2 ($156 in chips)
Seat 5: Hero ($203.71 in chips)
Seat 2: 87f4e210 ($522.08 in chips)
Seat 4: 5c1a91d9 ($334.26 in chips)
Hero: posts small blind $1
ec491c9b: posts big blind $2
*** HOLE CARDS ***
Dealt to ec491c9b 
Dealt to 7d236a0c 
Dealt to d24a3b2 
Dealt to Hero [9s Qh]
Dealt to 87f4e210 
Dealt to 5c1a91d9 
7d236a0c: calls $2
87f4e210: folds
d24a3b2: raises $4 to $6
5c1a91d9: folds
Hero: folds
ec491c9b: calls $4
7d236a0c: calls $4
*** FLOP *** [6s Td 4s]
ec491c9b: checks
7d236a0c: bets $9.5
d24a3b2: folds
ec491c9b: folds
Uncalled bet ($9.5) returned to 7d236a0c
d24a3b2: shows [As]
*** SHOWDOWN ***
7d236a0c collected $19 from pot
*** SUMMARY ***
Total pot $19
Board [6s Td 4s]
Seat 6: ec491c9b(big blind) folded on the Flop
Seat 1: 7d236a0cwon ($19) with Pair of Tens
Seat 3: d24a3b2 folded on the Flop
Seat 5: Hero(small blind) folded before Flop
Seat 2: 87f4e210 folded before Flop (didn't bet)
Seat 4: 5c1a91d9 folded before Flop (didn't bet)



Poker Hand #ring_831466315: NLH No Limit ($1/$2) - 2025/04/19 14:35:14
Table 'MR NLH 1/2' 7-max Seat #3 is the button
Seat 6: ec491c9b ($265.72 in chips)
Seat 1: 7d236a0c ($70.38 in chips)
Seat 3: d24a3b2 ($156 in chips)
Seat 5: Hero ($205.71 in chips)
Seat 2: 87f4e210 ($522.08 in chips)
Seat 4: 5c1a91d9 ($332.26 in chips)
5c1a91d9: posts small blind $1
Hero: posts big blind $2
*** HOLE CARDS ***
Dealt to ec491c9b 
Dealt to 7d236a0c 
Dealt to d24a3b2 
Dealt to Hero [Th 3s]
Dealt to 87f4e210 
Dealt to 5c1a91d9 
ec491c9b: folds
7d236a0c: folds
87f4e210: folds
d24a3b2: folds
5c1a91d9: raises $4 to $6
Hero: folds
Uncalled bet ($4) returned to 5c1a91d9
*** SHOWDOWN ***
5c1a91d9 collected $4 from pot
*** SUMMARY ***
Total pot $4
Seat 6: ec491c9b folded before Flop (didn't bet)
Seat 1: 7d236a0c folded before Flop (didn't bet)
Seat 3: d24a3b2 folded before Flop (didn't bet)
Seat 5: Hero(big blind) folded before Flop
Seat 2: 87f4e210 folded before Flop (didn't bet)
Seat 4: 5c1a91d9(small blind)won ($4)



Poker Hand #ring_831465469: NLH No Limit ($1/$2) - 2025/04/19 14:34:11
Table 'MR NLH 1/2' 7-max Seat #2 is the button
Seat 6: ec491c9b ($265.72 in chips)
Seat 1: 7d236a0c ($70.38 in chips)
Seat 3: d24a3b2 ($192 in chips)
Seat 5: Hero ($205.71 in chips)
Seat 2: 87f4e210 ($522.08 in chips)
Seat 4: 5c1a91d9 ($300 in chips)
d24a3b2: posts small blind $1
5c1a91d9: posts big blind $2
*** HOLE CARDS ***
Dealt to ec491c9b 
Dealt to 7d236a0c 
Dealt to d24a3b2 
Dealt to Hero [6d Kc]
Dealt to 87f4e210 
Dealt to 5c1a91d9 
Hero: folds
ec491c9b: folds
7d236a0c: folds
87f4e210: folds
d24a3b2: raises $6 to $8
5c1a91d9: calls $6
*** FLOP *** [8s 5h 2d]
d24a3b2: bets $8
5c1a91d9: calls $8
*** TURN *** [8s 5h 2d] [2s]
d24a3b2: bets $20
5c1a91d9: calls $20
*** RIVER *** [8s 5h 2d 2s] [8d]
d24a3b2: checks
5c1a91d9: checks
d24a3b2: shows [Ks Ts]
5c1a91d9: shows [4d 5d]
*** SHOWDOWN ***
5c1a91d9 collected $72 from pot
*** SUMMARY ***
Total pot $72
Board [8s 5h 2d 2s 8d]
Seat 6: ec491c9b folded before Flop (didn't bet)
Seat 1: 7d236a0c folded before Flop (didn't bet)
Seat 3: d24a3b2(small blind) showed [Ks Ts] and lost with Pair of Eights and Pair of Twos
Seat 5: Hero folded before Flop (didn't bet)
Seat 2: 87f4e210 folded before Flop (didn't bet)
Seat 4: 5c1a91d9(big blind) showed [4d 5d] and won ($72) with Pair of Eights and Pair of Fives



Poker Hand #ring_831464835: NLH No Limit ($1/$2) - 2025/04/19 14:33:23
Table 'MR NLH 1/2' 7-max Seat #1 is the button
Seat 6: ec491c9b ($229.1 in chips)
Seat 1: 7d236a0c ($94.38 in chips)
Seat 3: d24a3b2 ($200 in chips)
Seat 5: Hero ($73.71 in chips)
Seat 2: 87f4e210 ($530.08 in chips)
87f4e210: posts small blind $1
d24a3b2: posts big blind $2
*** HOLE CARDS ***
Dealt to ec491c9b 
Dealt to 7d236a0c 
Dealt to d24a3b2 
Dealt to Hero [Qh 5c]
Dealt to 87f4e210 
Hero: folds
ec491c9b: calls $2
7d236a0c: raises $6 to $8
87f4e210: calls $7
d24a3b2: calls $6
ec491c9b: calls $6
*** FLOP *** [Th Ts Kd]
87f4e210: checks
d24a3b2: checks
ec491c9b: checks
7d236a0c: bets $16
87f4e210: folds
d24a3b2: folds
ec491c9b: calls $16
*** TURN *** [Th Ts Kd] [9c]
ec491c9b: checks
7d236a0c: checks
*** RIVER *** [Th Ts Kd 9c] [6s]
ec491c9b: bets $16.64
7d236a0c: folds
Uncalled bet ($16.64) returned to ec491c9b
*** SHOWDOWN ***
ec491c9b collected $64 from pot
*** SUMMARY ***
Total pot $64
Board [Th Ts Kd 9c 6s]
Seat 6: ec491c9bwon ($64) with Pair of Kings and Pair of Tens
Seat 1: 7d236a0c folded on the River
Seat 3: d24a3b2(big blind) folded on the Flop
Seat 5: Hero folded before Flop (didn't bet)
Seat 2: 87f4e210(small blind) folded on the Flop



Poker Hand #ring_831464137: NLH No Limit ($1/$2) - 2025/04/19 14:32:34
Table 'MR NLH 1/2' 7-max Seat #6 is the button
Seat 6: ec491c9b ($231.1 in chips)
Seat 1: 7d236a0c ($96.38 in chips)
Seat 5: Hero ($73.71 in chips)
Seat 2: 87f4e210 ($526.35 in chips)
7d236a0c: posts small blind $1
87f4e210: posts big blind $2
*** HOLE CARDS ***
Dealt to ec491c9b 
Dealt to 7d236a0c 
Dealt to Hero [Kc 6s]
Dealt to 87f4e210 
Hero: folds
ec491c9b: calls $2
7d236a0c: calls $1
87f4e210: checks
*** FLOP *** [Qc 5d Js]
7d236a0c: checks
87f4e210: checks
ec491c9b: checks
*** TURN *** [Qc 5d Js] [Ks]
7d236a0c: checks
87f4e210: checks
ec491c9b: checks
*** RIVER *** [Qc 5d Js Ks] [4d]
7d236a0c: checks
87f4e210: checks
ec491c9b: checks
7d236a0c: shows [8h 2c]
87f4e210: shows [5h 2d]
ec491c9b: shows [9h 7h]
*** SHOWDOWN ***
87f4e210 collected $6 from pot
*** SUMMARY ***
Total pot $6
Board [Qc 5d Js Ks 4d]
Seat 6: ec491c9b showed [9h 7h] and lost with King-High
Seat 1: 7d236a0c(small blind) showed [8h 2c] and lost with King-High
Seat 5: Hero folded before Flop (didn't bet)
Seat 2: 87f4e210(big blind) showed [5h 2d] and won ($6) with Pair of Fives



Poker Hand #ring_831463541: NLH No Limit ($1/$2) - 2025/04/19 14:31:50
Table 'MR NLH 1/2' 7-max Seat #5 is the button
Seat 6: ec491c9b ($232.1 in chips)
Seat 1: 7d236a0c ($104.38 in chips)
Seat 5: Hero ($73.71 in chips)
Seat 2: 87f4e210 ($518.11 in chips)
ec491c9b: posts small blind $1
7d236a0c: posts big blind $2
*** HOLE CARDS ***
Dealt to ec491c9b 
Dealt to 7d236a0c 
Dealt to Hero [Qh 9d]
Dealt to 87f4e210 
87f4e210: raises $6 to $8
Hero: folds
ec491c9b: folds
7d236a0c: calls $6
*** FLOP *** [8d 3s 8c]
7d236a0c: checks
87f4e210: bets $7.65
7d236a0c: folds
Uncalled bet ($7.65) returned to 87f4e210
*** SHOWDOWN ***
87f4e210 collected $17 from pot
*** SUMMARY ***
Total pot $17
Board [8d 3s 8c]
Seat 6: ec491c9b(small blind) folded before Flop
Seat 1: 7d236a0c(big blind) folded on the Flop
Seat 5: Hero folded before Flop (didn't bet)
Seat 2: 87f4e210won ($17) with Pair of Eights



Poker Hand #ring_831463185: NLH No Limit ($1/$2) - 2025/04/19 14:31:23
Table 'MR NLH 1/2' 7-max Seat #0 is the button
Seat 6: ec491c9b ($228.37 in chips)
Seat 1: 7d236a0c ($106.38 in chips)
Seat 5: Hero ($75.71 in chips)
Seat 2: 87f4e210 ($518.11 in chips)
Hero: posts small blind $1
ec491c9b: posts big blind $2
*** HOLE CARDS ***
Dealt to ec491c9b 
Dealt to 7d236a0c 
Dealt to Hero [9c 7h]
Dealt to 87f4e210 
7d236a0c: calls $2
87f4e210: folds
Hero: calls $1
ec491c9b: checks
*** FLOP *** [Js Ks 8h]
Hero: checks
ec491c9b: bets $4.62
7d236a0c: folds
Hero: folds
Uncalled bet ($4.62) returned to ec491c9b
*** SHOWDOWN ***
ec491c9b collected $6 from pot
*** SUMMARY ***
Total pot $6
Board [Js Ks 8h]
Seat 6: ec491c9b(big blind)won ($6) with King-High
Seat 1: 7d236a0c folded on the Flop
Seat 5: Hero(small blind) folded on the Flop
Seat 2: 87f4e210 folded before Flop (didn't bet)



Poker Hand #ring_831462548: NLH No Limit ($1/$2) - 2025/04/19 14:30:34
Table 'MR NLH 1/2' 7-max Seat #2 is the button
Seat 6: ec491c9b ($100.44 in chips)
Seat 1: 7d236a0c ($113.38 in chips)
Seat 3: 4a771f22 ($31.77 in chips)
Seat 5: Hero ($176.15 in chips)
Seat 2: 87f4e210 ($518.11 in chips)
4a771f22: posts small blind $1
Hero: posts big blind $2
*** HOLE CARDS ***
Dealt to ec491c9b 
Dealt to 7d236a0c 
Dealt to 4a771f22 
Dealt to Hero [Kh Qd]
Dealt to 87f4e210 
ec491c9b: raises $5 to $7
7d236a0c: calls $7
87f4e210: folds
4a771f22: raises $24.77 to $31.77 and is all-in
Hero: calls $29.77
ec491c9b: raises $68.67 to $100.44 and is all-in
7d236a0c: folds
Hero: calls $68.67
4a771f22: shows [Jc Js]
Hero: shows [Kh Qd]
ec491c9b: shows [Ad Kc]
*** FLOP *** [Kd 3s Td]
*** TURN *** [Kd 3s Td] [4h]
*** RIVER *** [Kd 3s Td 4h] [9s]
*** SHOWDOWN ***
ec491c9b collected $102.31 from pot
ec491c9b collected $137.34 from pot
*** SUMMARY ***
Total pot $239.65
Board [Kd 3s Td 4h 9s]
Seat 6: ec491c9b showed [Ad Kc] and won ($102.31) with Pair of Kings
Seat 1: 7d236a0c folded before Flop
Seat 3: 4a771f22(small blind) showed [Jc Js] and lost with Pair of Jacks
Seat 5: Hero(big blind) showed [Kh Qd] and lost with Pair of Kings
Seat 2: 87f4e210 folded before Flop (didn't bet)



Poker Hand #ring_831461945: NLH No Limit ($1/$2) - 2025/04/19 14:29:48
Table 'MR NLH 1/2' 7-max Seat #1 is the button
Seat 6: ec491c9b ($99.2 in chips)
Seat 1: 7d236a0c ($113.38 in chips)
Seat 3: 4a771f22 ($30.52 in chips)
Seat 5: Hero ($181.15 in chips)
Seat 2: 87f4e210 ($519.11 in chips)
87f4e210: posts small blind $1
4a771f22: posts big blind $2
*** HOLE CARDS ***
Dealt to ec491c9b 
Dealt to 7d236a0c 
Dealt to 4a771f22 
Dealt to Hero [3d 2d]
Dealt to 87f4e210 
Hero: raises $3 to $5
ec491c9b: raises $10.01 to $15.01
7d236a0c: folds
87f4e210: folds
4a771f22: raises $15.51 to $30.52 and is all-in
Hero: folds
ec491c9b: calls $15.51
4a771f22: shows [Ts Qd]
ec491c9b: shows [Ad Jh]
*** FIRST FLOP *** [4h 2s 7s]
*** SECOND FLOP *** [8d Ac 4s]
*** FIRST TURN *** [4h 2s 7s] [8h]
*** SECOND TURN *** [8d Ac 4s] [Qc]
*** FIRST RIVER *** [4h 2s 7s 8h] [Tc]
*** SECOND RIVER *** [8d Ac 4s Qc] [5h]
*** FIRST SHOWDOWN ***
4a771f22 collected $33.78 from pot
*** SECOND SHOWDOWN ***
ec491c9b collected $33.26 from pot
*** SUMMARY ***
Total pot $67.04
Hand was run two timesFIRST Board [4h 2s 7s 8h Tc]
SECOND Board [8d Ac 4s Qc 5h]
Seat 6: ec491c9b showed [Ad Jh] and won ($33.26) with Ace-High / Pair of Aces
Seat 1: 7d236a0c folded before Flop (didn't bet)
Seat 3: 4a771f22(big blind) showed [Ts Qd] and won ($33.78) with Pair of Tens / Pair of Queens
Seat 5: Hero folded before Flop
Seat 2: 87f4e210(small blind) folded before Flop



Poker Hand #ring_831461379: NLH No Limit ($1/$2) - 2025/04/19 14:29:04
Table 'MR NLH 1/2' 7-max Seat #6 is the button
Seat 6: ec491c9b ($99.2 in chips)
Seat 1: 7d236a0c ($114.38 in chips)
Seat 3: 4a771f22 ($18.23 in chips)
Seat 5: Hero ($181.15 in chips)
Seat 2: 87f4e210 ($532.11 in chips)
7d236a0c: posts small blind $1
87f4e210: posts big blind $2
*** HOLE CARDS ***
Dealt to ec491c9b 
Dealt to 7d236a0c 
Dealt to 4a771f22 
Dealt to Hero [8h 9s]
Dealt to 87f4e210 
4a771f22: raises $2 to $4
Hero: folds
ec491c9b: folds
7d236a0c: folds
87f4e210: calls $2
*** FLOP *** [6s 4s 8c]
87f4e210: checks
4a771f22: bets $9
87f4e210: calls $9
*** TURN *** [6s 4s 8c] [Kc]
87f4e210: checks
4a771f22: bets $5.23 and is all-in
87f4e210: folds
Uncalled bet ($5.23) returned to 4a771f22
*** SHOWDOWN ***
4a771f22 collected $27 from pot
*** SUMMARY ***
Total pot $27
Board [6s 4s 8c Kc]
Seat 6: ec491c9b folded before Flop (didn't bet)
Seat 1: 7d236a0c(small blind) folded before Flop
Seat 3: 4a771f22won ($27) with Pair of Kings
Seat 5: Hero folded before Flop (didn't bet)
Seat 2: 87f4e210(big blind) folded on the Turn



Poker Hand #ring_831460768: NLH No Limit ($1/$2) - 2025/04/19 14:28:17
Table 'MR NLH 1/2' 7-max Seat #5 is the button
Seat 6: ec491c9b ($100.2 in chips)
Seat 1: 7d236a0c ($98 in chips)
Seat 3: 4a771f22 ($35.73 in chips)
Seat 5: Hero ($181.15 in chips)
Seat 2: 87f4e210 ($532.11 in chips)
ec491c9b: posts small blind $1
7d236a0c: posts big blind $2
*** HOLE CARDS ***
Dealt to ec491c9b 
Dealt to 7d236a0c 
Dealt to 4a771f22 
Dealt to Hero [Tc 2c]
Dealt to 87f4e210 
87f4e210: folds
4a771f22: raises $2 to $4
Hero: folds
ec491c9b: folds
7d236a0c: calls $2
*** FLOP *** [Qh 4d 5s]
7d236a0c: bets $4.5
4a771f22: calls $4.5
*** TURN *** [Qh 4d 5s] [Jd]
7d236a0c: bets $9
4a771f22: calls $9
*** RIVER *** [Qh 4d 5s Jd] [8h]
7d236a0c: bets $18
4a771f22: folds
Uncalled bet ($18) returned to 7d236a0c
4a771f22: shows [4c]
*** SHOWDOWN ***
7d236a0c collected $36 from pot
*** SUMMARY ***
Total pot $36
Board [Qh 4d 5s Jd 8h]
Seat 6: ec491c9b(small blind) folded before Flop
Seat 1: 7d236a0c(big blind)won ($36) with Pair of Queens
Seat 3: 4a771f22 folded on the River
Seat 5: Hero folded before Flop (didn't bet)
Seat 2: 87f4e210 folded before Flop (didn't bet)



Poker Hand #ring_831459799: NLH No Limit ($1/$2) - 2025/04/19 14:27:04
Table 'MR NLH 1/2' 7-max Seat #3 is the button
Seat 6: ec491c9b ($102.2 in chips)
Seat 1: 7d236a0c ($100 in chips)
Seat 3: 4a771f22 ($37.73 in chips)
Seat 5: Hero ($175.51 in chips)
Seat 2: 87f4e210 ($532.11 in chips)
Hero: posts small blind $1
ec491c9b: posts big blind $2
7d236a0c: posts big blind $2
*** HOLE CARDS ***
Dealt to ec491c9b 
Dealt to 7d236a0c 
Dealt to 4a771f22 
Dealt to Hero [6h Ks]
Dealt to 87f4e210 
7d236a0c: checks
87f4e210: folds
4a771f22: calls $2
Hero: calls $1
ec491c9b: checks
*** FLOP *** [Js Jd Kc]
Hero: checks
ec491c9b: checks
7d236a0c: checks
4a771f22: checks
*** TURN *** [Js Jd Kc] [4h]
Hero: checks
ec491c9b: checks
7d236a0c: checks
4a771f22: checks
*** RIVER *** [Js Jd Kc 4h] [7d]
Hero: bets $4
ec491c9b: folds
7d236a0c: folds
4a771f22: folds
Uncalled bet ($4) returned to Hero
*** SHOWDOWN ***
Hero collected $8 from pot
*** SUMMARY ***
Total pot $8
Board [Js Jd Kc 4h 7d]
Seat 6: ec491c9b(big blind) folded on the River
Seat 1: 7d236a0c folded on the River
Seat 3: 4a771f22 folded on the River
Seat 5: Hero(small blind)won ($8) with Pair of Kings and Pair of Jacks
Seat 2: 87f4e210 folded before Flop (didn't bet)



Poker Hand #ring_831459355: NLH No Limit ($1/$2) - 2025/04/19 14:26:31
Table 'MR NLH 1/2' 7-max Seat #2 is the button
Seat 6: ec491c9b ($99.74 in chips)
Seat 3: 4a771f22 ($35.26 in chips)
Seat 5: Hero ($177.51 in chips)
Seat 2: 87f4e210 ($539.11 in chips)
4a771f22: posts small blind $1
Hero: posts big blind $2
*** HOLE CARDS ***
Dealt to ec491c9b 
Dealt to 4a771f22 
Dealt to Hero [Kd 4c]
Dealt to 87f4e210 
ec491c9b: raises $5 to $7
87f4e210: calls $7
4a771f22: raises $28.26 to $35.26 and is all-in
Hero: folds
ec491c9b: raises $64.48 to $99.74 and is all-in
87f4e210: folds
Uncalled bet ($64.48) returned to ec491c9b
4a771f22: shows [7c 7h]
ec491c9b: shows [Qs Th]
*** FIRST FLOP *** [6c 4d Jh]
*** SECOND FLOP *** [Tc Jd 9h]
*** FIRST TURN *** [6c 4d Jh] [7s]
*** SECOND TURN *** [Tc Jd 9h] [3d]
*** FIRST RIVER *** [6c 4d Jh 7s] [Kc]
*** SECOND RIVER *** [Tc Jd 9h 3d] [Ks]
*** FIRST SHOWDOWN ***
4a771f22 collected $40.02 from pot
*** SECOND SHOWDOWN ***
ec491c9b collected $39.5 from pot
*** SUMMARY ***
Total pot $79.52
Hand was run two timesFIRST Board [6c 4d Jh 7s Kc]
SECOND Board [Tc Jd 9h 3d Ks]
Seat 6: ec491c9b showed [Qs Th] and won ($39.5) with King-High / Kings-High Straight
Seat 3: 4a771f22(small blind) showed [7c 7h] and won ($40.02) with Three Sevens / Pair of Sevens
Seat 5: Hero(big blind) folded before Flop
Seat 2: 87f4e210 folded before Flop



Poker Hand #ring_831459134: NLH No Limit ($1/$2) - 2025/04/19 14:26:13
Table 'MR NLH 1/2' 7-max Seat #6 is the button
Seat 6: ec491c9b ($99.74 in chips)
Seat 3: 4a771f22 ($34.26 in chips)
Seat 5: Hero ($177.51 in chips)
Seat 2: 87f4e210 ($540.11 in chips)
87f4e210: posts small blind $1
4a771f22: posts big blind $2
*** HOLE CARDS ***
Dealt to ec491c9b 
Dealt to 4a771f22 
Dealt to Hero [8c Jh]
Dealt to 87f4e210 
Hero: folds
ec491c9b: folds
87f4e210: folds
4a771f22: shows [Kc]
*** SHOWDOWN ***
4a771f22 collected $3 from pot
*** SUMMARY ***
Total pot $3
Seat 6: ec491c9b folded before Flop (didn't bet)
Seat 3: 4a771f22(big blind) showed [Kc] and won ($3)
Seat 5: Hero folded before Flop (didn't bet)
Seat 2: 87f4e210(small blind) folded before Flop



Poker Hand #ring_831458416: NLH No Limit ($1/$2) - 2025/04/19 14:25:17
Table 'MR NLH 1/2' 7-max Seat #5 is the button
Seat 6: ec491c9b ($105.74 in chips)
Seat 3: 4a771f22 ($34.26 in chips)
Seat 5: Hero ($183.51 in chips)
Seat 2: 87f4e210 ($528.92 in chips)
ec491c9b: posts small blind $1
87f4e210: posts big blind $2
*** HOLE CARDS ***
Dealt to ec491c9b 
Dealt to 4a771f22 
Dealt to Hero [Ad Kc]
Dealt to 87f4e210 
4a771f22: folds
Hero: raises $4 to $6
ec491c9b: calls $5
87f4e210: calls $4
*** FLOP *** [4h 7c Qc]
ec491c9b: checks
87f4e210: checks
Hero: checks
*** TURN *** [4h 7c Qc] [5d]
ec491c9b: checks
87f4e210: checks
Hero: checks
*** RIVER *** [4h 7c Qc 5d] [Qs]
ec491c9b: checks
87f4e210: checks
Hero: checks
87f4e210: shows [6h 6s]
Hero: shows [Ad Kc]
ec491c9b: shows [Ks Jc]
4a771f22: shows [Qh 4d]
*** SHOWDOWN ***
87f4e210 collected $18 from pot
*** SUMMARY ***
Total pot $18
Board [4h 7c Qc 5d Qs]
Seat 6: ec491c9b(small blind) showed [Ks Jc] and lost with Pair of Queens
Seat 3: 4a771f22 folded before Flop (didn't bet)
Seat 5: Hero showed [Ad Kc] and lost with Pair of Queens
Seat 2: 87f4e210(big blind) showed [6h 6s] and won ($18) with Pair of Queens and Pair of Sixes



Poker Hand #ring_831458092: NLH No Limit ($1/$2) - 2025/04/19 14:24:52
Table 'MR NLH 1/2' 7-max Seat #3 is the button
Seat 6: ec491c9b ($113.74 in chips)
Seat 3: 4a771f22 ($34.26 in chips)
Seat 5: Hero ($184.51 in chips)
Seat 2: 87f4e210 ($520.68 in chips)
Hero: posts small blind $1
ec491c9b: posts big blind $2
*** HOLE CARDS ***
Dealt to ec491c9b 
Dealt to 4a771f22 
Dealt to Hero [3c Ks]
Dealt to 87f4e210 
87f4e210: raises $6 to $8
4a771f22: folds
Hero: folds
ec491c9b: calls $6
*** FLOP *** [4d Js Th]
ec491c9b: checks
87f4e210: bets $11.9
ec491c9b: folds
Uncalled bet ($11.9) returned to 87f4e210
*** SHOWDOWN ***
87f4e210 collected $17 from pot
*** SUMMARY ***
Total pot $17
Board [4d Js Th]
Seat 6: ec491c9b(big blind) folded on the Flop
Seat 3: 4a771f22 folded before Flop (didn't bet)
Seat 5: Hero(small blind) folded before Flop
Seat 2: 87f4e210won ($17) with Pair of Jacks



Poker Hand #ring_831457877: NLH No Limit ($1/$2) - 2025/04/19 14:24:36
Table 'MR NLH 1/2' 7-max Seat #2 is the button
Seat 6: ec491c9b ($113.74 in chips)
Seat 3: 4a771f22 ($35.26 in chips)
Seat 5: Hero ($183.51 in chips)
Seat 2: 87f4e210 ($520.68 in chips)
4a771f22: posts small blind $1
Hero: posts big blind $2
*** HOLE CARDS ***
Dealt to ec491c9b 
Dealt to 4a771f22 
Dealt to Hero [Tc 4h]
Dealt to 87f4e210 
ec491c9b: folds
87f4e210: folds
4a771f22: folds
*** SHOWDOWN ***
Hero collected $3 from pot
*** SUMMARY ***
Total pot $3
Seat 6: ec491c9b folded before Flop (didn't bet)
Seat 3: 4a771f22(small blind) folded before Flop
Seat 5: Hero(big blind)won ($3)
Seat 2: 87f4e210 folded before Flop (didn't bet)



Poker Hand #ring_831457439: NLH No Limit ($1/$2) - 2025/04/19 14:24:04
Table 'MR NLH 1/2' 7-max Seat #6 is the button
Seat 6: ec491c9b ($113.74 in chips)
Seat 3: 4a771f22 ($40.26 in chips)
Seat 5: Hero ($178 in chips)
Seat 2: 87f4e210 ($521.68 in chips)
87f4e210: posts small blind $1
4a771f22: posts big blind $2
*** HOLE CARDS ***
Dealt to ec491c9b 
Dealt to 4a771f22 
Dealt to Hero [7d Kd]
Dealt to 87f4e210 
Hero: raises $3 to $5
ec491c9b: folds
87f4e210: folds
4a771f22: calls $3
*** FLOP *** [4h 6c 6d]
4a771f22: checks
Hero: checks
*** TURN *** [4h 6c 6d] [5d]
4a771f22: checks
Hero: bets $5.5
4a771f22: folds
Uncalled bet ($5.5) returned to Hero
*** SHOWDOWN ***
Hero collected $11 from pot
*** SUMMARY ***
Total pot $11
Board [4h 6c 6d 5d]
Seat 6: ec491c9b folded before Flop (didn't bet)
Seat 3: 4a771f22(big blind) folded on the Turn
Seat 5: Herowon ($11) with Pair of Sixes
Seat 2: 87f4e210(small blind) folded before Flop



Poker Hand #ring_831456857: NLH No Limit ($1/$2) - 2025/04/19 14:23:21
Table 'MR NLH 1/2' 7-max Seat #5 is the button
Seat 6: ec491c9b ($114.74 in chips)
Seat 3: 4a771f22 ($20.84 in chips)
Seat 5: Hero ($178 in chips)
Seat 2: 87f4e210 ($542.52 in chips)
ec491c9b: posts small blind $1
87f4e210: posts big blind $2
*** HOLE CARDS ***
Dealt to ec491c9b 
Dealt to 4a771f22 
Dealt to Hero [7d 2d]
Dealt to 87f4e210 
4a771f22: raises $6 to $8
Hero: folds
ec491c9b: folds
87f4e210: calls $6
*** FLOP *** [4c Kc 7h]
87f4e210: checks
4a771f22: bets $12.84 and is all-in
87f4e210: calls $12.84
87f4e210: shows [Kh 9c] (Pair of Kings)
4a771f22: shows [3h Ah] (Ace-High)
*** TURN *** [4c Kc 7h] [5c]
*** RIVER *** [4c Kc 7h 5c] [6s]
*** SHOWDOWN ***
4a771f22 collected $42.68 from pot
*** SUMMARY ***
Total pot $42.68
Board [4c Kc 7h 5c 6s]
Seat 6: ec491c9b(small blind) folded before Flop
Seat 3: 4a771f22 showed [3h Ah] and won ($42.68) with Sevens-High Straight
Seat 5: Hero folded before Flop (didn't bet)
Seat 2: 87f4e210(big blind) showed [Kh 9c] and lost with Pair of Kings



Poker Hand #ring_831456017: NLH No Limit ($1/$2) - 2025/04/19 14:22:20
Table 'MR NLH 1/2' 7-max Seat #3 is the button
Seat 6: ec491c9b ($59.83 in chips)
Seat 3: 4a771f22 ($80.67 in chips)
Seat 5: Hero ($179 in chips)
Seat 2: 87f4e210 ($542.52 in chips)
Hero: posts small blind $1
ec491c9b: posts big blind $2
*** HOLE CARDS ***
Dealt to ec491c9b 
Dealt to 4a771f22 
Dealt to Hero [Qc 2d]
Dealt to 87f4e210 
87f4e210: folds
4a771f22: raises $2 to $4
Hero: folds
ec491c9b: calls $2
*** FIRST FLOP *** [Js 8d Ad]
ec491c9b: checks
4a771f22: bets $4.5
ec491c9b: raises $13.86 to $18.36
4a771f22: raises $22.86 to $41.22
ec491c9b: raises $14.61 to $55.83 and is all-in
4a771f22: calls $14.61
4a771f22: shows [4h 4s] (Pair of Fours)
ec491c9b: shows [Jd 8s] (Pair of Jacks and Pair of Eights)
*** FIRST TURN *** [Js 8d Ad] [As]
*** SECOND TURN *** [Js 8d Ad] [Kh]
*** FIRST RIVER *** [Js 8d Ad As] [6c]
*** SECOND RIVER *** [Js 8d Ad Kh] [6d]
*** FIRST SHOWDOWN ***
ec491c9b collected $60.58 from pot
*** SECOND SHOWDOWN ***
ec491c9b collected $60.08 from pot
*** SUMMARY ***
Total pot $120.66
Hand was run two timesFIRST Board [Js 8d Ad As 6c]
SECOND Board [Kh 6d]
Seat 6: ec491c9b(big blind) showed [Jd 8s] and won ($120.66) with Pair of Aces and Pair of Jacks / Pair of Jacks and Pair of Eights
Seat 3: 4a771f22 showed [4h 4s] and lost with Pair of Aces and Pair of Fours / Pair of Fours
Seat 5: Hero(small blind) folded before Flop
Seat 2: 87f4e210 folded before Flop (didn't bet)



Poker Hand #ring_831455342: NLH No Limit ($1/$2) - 2025/04/19 14:21:32
Table 'MR NLH 1/2' 7-max Seat #2 is the button
Seat 6: ec491c9b ($53.41 in chips)
Seat 3: 4a771f22 ($81.67 in chips)
Seat 5: Hero ($185 in chips)
Seat 2: 87f4e210 ($542.52 in chips)
4a771f22: posts small blind $1
Hero: posts big blind $2
*** HOLE CARDS ***
Dealt to ec491c9b 
Dealt to 4a771f22 
Dealt to Hero [2d 2h]
Dealt to 87f4e210 
ec491c9b: calls $2
87f4e210: folds
4a771f22: folds
Hero: raises $4 to $6
ec491c9b: calls $4
*** FLOP *** [Qd Th 3c]
Hero: checks
ec491c9b: checks
*** TURN *** [Qd Th 3c] [8c]
Hero: checks
ec491c9b: bets $10.01
Hero: folds
Uncalled bet ($10.01) returned to ec491c9b
*** SHOWDOWN ***
ec491c9b collected $13 from pot
*** SUMMARY ***
Total pot $13
Board [Qd Th 3c 8c]
Seat 6: ec491c9bwon ($13) with Queen-High
Seat 3: 4a771f22(small blind) folded before Flop
Seat 5: Hero(big blind) folded on the Turn
Seat 2: 87f4e210 folded before Flop (didn't bet)



Poker Hand #ring_831454959: NLH No Limit ($1/$2) - 2025/04/19 14:21:05
Table 'MR NLH 1/2' 7-max Seat #6 is the button
Seat 6: ec491c9b ($74.81 in chips)
Seat 3: 4a771f22 ($83.67 in chips)
Seat 5: Hero ($185 in chips)
Seat 2: 87f4e210 ($521.63 in chips)
87f4e210: posts small blind $1
4a771f22: posts big blind $2
*** HOLE CARDS ***
Dealt to ec491c9b 
Dealt to 4a771f22 
Dealt to Hero [6d Qh]
Dealt to 87f4e210 
Hero: folds
ec491c9b: raises $5 to $7
87f4e210: raises $14.4 to $21.4
4a771f22: folds
ec491c9b: calls $14.4
*** FLOP *** [3d 3s Kh]
87f4e210: bets $20.16
ec491c9b: folds
Uncalled bet ($20.16) returned to 87f4e210
*** SHOWDOWN ***
87f4e210 collected $44.8 from pot
*** SUMMARY ***
Total pot $44.8
Board [3d 3s Kh]
Seat 6: ec491c9b folded on the Flop
Seat 3: 4a771f22(big blind) folded before Flop
Seat 5: Hero folded before Flop (didn't bet)
Seat 2: 87f4e210(small blind)won ($44.8) with Pair of Jacks and Pair of Treys



Poker Hand #ring_831454765: NLH No Limit ($1/$2) - 2025/04/19 14:20:50
Table 'MR NLH 1/2' 7-max Seat #5 is the button
Seat 6: ec491c9b ($75.81 in chips)
Seat 3: 4a771f22 ($83.67 in chips)
Seat 5: Hero ($185 in chips)
Seat 2: 87f4e210 ($520.63 in chips)
ec491c9b: posts small blind $1
87f4e210: posts big blind $2
*** HOLE CARDS ***
Dealt to ec491c9b 
Dealt to 4a771f22 
Dealt to Hero [9d 3c]
Dealt to 87f4e210 
4a771f22: folds
Hero: folds
ec491c9b: folds
*** SHOWDOWN ***
87f4e210 collected $3 from pot
*** SUMMARY ***
Total pot $3
Seat 6: ec491c9b(small blind) folded before Flop
Seat 3: 4a771f22 folded before Flop (didn't bet)
Seat 5: Hero folded before Flop (didn't bet)
Seat 2: 87f4e210(big blind)won ($3)



Poker Hand #ring_831454131: NLH No Limit ($1/$2) - 2025/04/19 14:20:03
Table 'MR NLH 1/2' 7-max Seat #3 is the button
Seat 6: ec491c9b ($88.31 in chips)
Seat 3: 4a771f22 ($71.84 in chips)
Seat 5: Hero ($186 in chips)
Seat 2: 87f4e210 ($520.63 in chips)
Hero: posts small blind $1
ec491c9b: posts big blind $2
*** HOLE CARDS ***
Dealt to ec491c9b 
Dealt to 4a771f22 
Dealt to Hero [2h Kd]
Dealt to 87f4e210 
87f4e210: folds
4a771f22: raises $4 to $6
Hero: folds
ec491c9b: calls $4
*** FLOP *** [As Ks 7d]
ec491c9b: checks
4a771f22: bets $6.5
ec491c9b: calls $6.5
*** TURN *** [As Ks 7d] [2d]
ec491c9b: checks
4a771f22: bets $16.3
ec491c9b: folds
Uncalled bet ($16.3) returned to 4a771f22
*** SHOWDOWN ***
4a771f22 collected $26 from pot
*** SUMMARY ***
Total pot $26
Board [As Ks 7d 2d]
Seat 6: ec491c9b(big blind) folded on the Turn
Seat 3: 4a771f22won ($26) with Ace-High
Seat 5: Hero(small blind) folded before Flop
Seat 2: 87f4e210 folded before Flop (didn't bet)



Poker Hand #ring_831453828: NLH No Limit ($1/$2) - 2025/04/19 14:19:42
Table 'MR NLH 1/2' 7-max Seat #2 is the button
Seat 6: ec491c9b ($88.31 in chips)
Seat 3: 4a771f22 ($69.84 in chips)
Seat 5: Hero ($188 in chips)
Seat 2: 87f4e210 ($520.63 in chips)
4a771f22: posts small blind $1
Hero: posts big blind $2
*** HOLE CARDS ***
Dealt to ec491c9b 
Dealt to 4a771f22 
Dealt to Hero [9h 7c]
Dealt to 87f4e210 
ec491c9b: folds
87f4e210: folds
4a771f22: raises $6 to $8
Hero: folds
Uncalled bet ($6) returned to 4a771f22
*** SHOWDOWN ***
4a771f22 collected $4 from pot
*** SUMMARY ***
Total pot $4
Seat 6: ec491c9b folded before Flop (didn't bet)
Seat 3: 4a771f22(small blind)won ($4)
Seat 5: Hero(big blind) folded before Flop
Seat 2: 87f4e210 folded before Flop (didn't bet)



Poker Hand #ring_831453435: NLH No Limit ($1/$2) - 2025/04/19 14:19:13
Table 'MR NLH 1/2' 7-max Seat #6 is the button
Seat 6: ec491c9b ($82.8 in chips)
Seat 3: 4a771f22 ($74.84 in chips)
Seat 5: Hero ($188 in chips)
Seat 2: 87f4e210 ($521.63 in chips)
87f4e210: posts small blind $1
4a771f22: posts big blind $2
*** HOLE CARDS ***
Dealt to ec491c9b 
Dealt to 4a771f22 
Dealt to Hero [Jh 4d]
Dealt to 87f4e210 
Hero: folds
ec491c9b: raises $3 to $5
87f4e210: folds
4a771f22: calls $3
*** FLOP *** [Qh 4s Ts]
4a771f22: checks
ec491c9b: bets $8.47
4a771f22: folds
Uncalled bet ($8.47) returned to ec491c9b
*** SHOWDOWN ***
ec491c9b collected $11 from pot
*** SUMMARY ***
Total pot $11
Board [Qh 4s Ts]
Seat 6: ec491c9bwon ($11) with Pair of Queens
Seat 3: 4a771f22(big blind) folded on the Flop
Seat 5: Hero folded before Flop (didn't bet)
Seat 2: 87f4e210(small blind) folded before Flop



Poker Hand #ring_831452403: NLH No Limit ($1/$2) - 2025/04/19 14:17:57
Table 'MR NLH 1/2' 7-max Seat #5 is the button
Seat 6: ec491c9b ($82.89 in chips)
Seat 4: 38a98c66 ($394.83 in chips)
Seat 3: 4a771f22 ($74.84 in chips)
Seat 5: Hero ($188 in chips)
Seat 2: 87f4e210 ($521.72 in chips)
ec491c9b: posts small blind $1
87f4e210: posts big blind $2
*** HOLE CARDS ***
Dealt to ec491c9b 
Dealt to 38a98c66 
Dealt to 4a771f22 
Dealt to Hero [7c 2h]
Dealt to 87f4e210 
4a771f22: folds
38a98c66: folds
Hero: folds
ec491c9b: calls $1
87f4e210: checks
*** FLOP *** [6s 6c 6h]
ec491c9b: checks
87f4e210: checks
*** TURN *** [6s 6c 6h] [Jh]
ec491c9b: checks
87f4e210: checks
*** RIVER *** [6s 6c 6h Jh] [7d]
ec491c9b: checks
87f4e210: checks
87f4e210: shows [3d 5d]
ec491c9b: shows [4d 5c]
4a771f22: shows [Kh]
*** SHOWDOWN ***
87f4e210 collected $2 from pot
ec491c9b collected $2 from pot
*** SUMMARY ***
Total pot $4
Board [6s 6c 6h Jh 7d]
Seat 6: ec491c9b(small blind) showed [4d 5c] and won ($2) with Three Sixes
Seat 4: 38a98c66 folded before Flop (didn't bet)
Seat 3: 4a771f22 folded before Flop (didn't bet)
Seat 5: Hero folded before Flop (didn't bet)
Seat 2: 87f4e210(big blind) showed [3d 5d] and won ($2) with Three Sixes



Poker Hand #ring_831451762: NLH No Limit ($1/$2) - 2025/04/19 14:17:09
Table 'MR NLH 1/2' 7-max Seat #4 is the button
Seat 6: ec491c9b ($84.89 in chips)
Seat 4: 38a98c66 ($394.83 in chips)
Seat 3: 4a771f22 ($74.84 in chips)
Seat 5: Hero ($186 in chips)
Seat 2: 87f4e210 ($521.72 in chips)
Hero: posts small blind $1
ec491c9b: posts big blind $2
*** HOLE CARDS ***
Dealt to ec491c9b 
Dealt to 38a98c66 
Dealt to 4a771f22 
Dealt to Hero [6h 7h]
Dealt to 87f4e210 
87f4e210: folds
4a771f22: folds
38a98c66: folds
Hero: raises $3 to $5
ec491c9b: folds
Uncalled bet ($3) returned to Hero
*** SHOWDOWN ***
Hero collected $4 from pot
*** SUMMARY ***
Total pot $4
Seat 6: ec491c9b(big blind) folded before Flop
Seat 4: 38a98c66 folded before Flop (didn't bet)
Seat 3: 4a771f22 folded before Flop (didn't bet)
Seat 5: Hero(small blind)won ($4)
Seat 2: 87f4e210 folded before Flop (didn't bet)



Poker Hand #ring_831451419: NLH No Limit ($1/$2) - 2025/04/19 14:16:44
Table 'MR NLH 1/2' 7-max Seat #3 is the button
Seat 6: ec491c9b ($84.89 in chips)
Seat 4: 38a98c66 ($395.83 in chips)
Seat 3: 4a771f22 ($82.84 in chips)
Seat 5: Hero ($188 in chips)
Seat 2: 87f4e210 ($511.57 in chips)
38a98c66: posts small blind $1
Hero: posts big blind $2
*** HOLE CARDS ***
Dealt to ec491c9b 
Dealt to 38a98c66 
Dealt to 4a771f22 
Dealt to Hero [3h Qc]
Dealt to 87f4e210 
ec491c9b: folds
87f4e210: raises $6 to $8
4a771f22: calls $8
38a98c66: folds
Hero: folds
*** FLOP *** [2s 8c Jd]
87f4e210: bets $8.55
4a771f22: folds
Uncalled bet ($8.55) returned to 87f4e210
*** SHOWDOWN ***
87f4e210 collected $19 from pot
*** SUMMARY ***
Total pot $19
Board [2s 8c Jd]
Seat 6: ec491c9b folded before Flop (didn't bet)
Seat 4: 38a98c66(small blind) folded before Flop
Seat 3: 4a771f22 folded on the Flop
Seat 5: Hero(big blind) folded before Flop
Seat 2: 87f4e210won ($19) with Pair of Jacks



