Poker Hand #ring_839079095: NLH No Limit ($1/$2) - 2025/04/23 22:58:52
Table 'MR NLH 1/2' 7-max Seat #5 is the button
Seat 5: e10783a6 ($155.16 in chips)
Seat 4: 986e008a ($287.53 in chips)
Seat 7: 5c8d86f ($453.13 in chips)
Seat 3: 39605d6d ($388.42 in chips)
Seat 6: cd747cd3 ($138.22 in chips)
Seat 2: 7b33ebc1 ($74.07 in chips)
Seat 1: Hero ($244.26 in chips)
cd747cd3: posts small blind $1
5c8d86f: posts big blind $2
*** HOLE CARDS ***
Dealt to e10783a6 
Dealt to 986e008a 
Dealt to 5c8d86f 
Dealt to 39605d6d 
Dealt to cd747cd3 
Dealt to 7b33ebc1 
Dealt to Hero [6s 9d]
Hero: folds
7b33ebc1: folds
39605d6d: folds
986e008a: folds
e10783a6: calls $2
cd747cd3: calls $1
5c8d86f: raises $9 to $11
e10783a6: calls $9
cd747cd3: folds
*** FLOP *** [6h Jd Ts]
5c8d86f: checks
e10783a6: checks
*** TURN *** [6h Jd Ts] [7s]
5c8d86f: checks
e10783a6: checks
*** RIVER *** [6h Jd Ts 7s] [2s]
5c8d86f: checks
e10783a6: checks
e10783a6: shows [5s 5d]
5c8d86f: shows [Ac Kd]
*** SHOWDOWN ***
e10783a6 collected $24 from pot
*** SUMMARY ***
Total pot $24
Board [6h Jd Ts 7s 2s]
Seat 5: e10783a6 showed [5s 5d] and won ($24) with Pair of Fives
Seat 4: 986e008a folded before Flop (didn't bet)
Seat 7: 5c8d86f(big blind) showed [Ac Kd] and lost with Ace-High
Seat 3: 39605d6d folded before Flop (didn't bet)
Seat 6: cd747cd3(small blind) folded before Flop
Seat 2: 7b33ebc1 folded before Flop (didn't bet)
Seat 1: Hero folded before Flop (didn't bet)



Poker Hand #ring_839076043: NLH No Limit ($1/$2) - 2025/04/23 22:57:07
Table 'MR NLH 1/2' 7-max Seat #4 is the button
Seat 5: e10783a6 ($161.16 in chips)
Seat 4: 986e008a ($293.53 in chips)
Seat 7: 5c8d86f ($453.13 in chips)
Seat 3: 39605d6d ($394.42 in chips)
Seat 6: cd747cd3 ($121.8 in chips)
Seat 2: 7b33ebc1 ($74.07 in chips)
Seat 1: Hero ($244.26 in chips)
e10783a6: posts small blind $1
cd747cd3: posts big blind $2
*** HOLE CARDS ***
Dealt to e10783a6 
Dealt to 986e008a 
Dealt to 5c8d86f 
Dealt to 39605d6d 
Dealt to cd747cd3 
Dealt to 7b33ebc1 
Dealt to Hero [2h Ts]
5c8d86f: folds
Hero: folds
7b33ebc1: folds
39605d6d: raises $4 to $6
986e008a: calls $6
e10783a6: calls $5
cd747cd3: calls $4
*** FLOP *** [Ad As 9s]
e10783a6: checks
cd747cd3: checks
39605d6d: checks
986e008a: checks
*** TURN *** [Ad As 9s] [9d]
e10783a6: checks
cd747cd3: checks
39605d6d: checks
986e008a: checks
*** RIVER *** [Ad As 9s 9d] [9h]
e10783a6: checks
cd747cd3: bets $21.6
39605d6d: folds
986e008a: folds
e10783a6: folds
Uncalled bet ($21.6) returned to cd747cd3
cd747cd3: shows [5s 6h]
*** SHOWDOWN ***
cd747cd3 collected $24 from pot
*** SUMMARY ***
Total pot $24
Board [Ad As 9s 9d 9h]
Seat 5: e10783a6(small blind) folded on the River
Seat 4: 986e008a folded on the River
Seat 7: 5c8d86f folded before Flop (didn't bet)
Seat 3: 39605d6d folded on the River
Seat 6: cd747cd3(big blind) showed [5s 6h] and won ($24) with Nines Full over Aces
Seat 2: 7b33ebc1 folded before Flop (didn't bet)
Seat 1: Hero folded before Flop (didn't bet)



Poker Hand #ring_839074678: NLH No Limit ($1/$2) - 2025/04/23 22:56:19
Table 'MR NLH 1/2' 7-max Seat #3 is the button
Seat 5: e10783a6 ($154.74 in chips)
Seat 4: 986e008a ($294.53 in chips)
Seat 7: 5c8d86f ($453.13 in chips)
Seat 3: 39605d6d ($394.42 in chips)
Seat 6: cd747cd3 ($121.8 in chips)
Seat 2: 7b33ebc1 ($80.07 in chips)
Seat 1: Hero ($244.26 in chips)
986e008a: posts small blind $1
e10783a6: posts big blind $2
*** HOLE CARDS ***
Dealt to e10783a6 
Dealt to 986e008a 
Dealt to 5c8d86f 
Dealt to 39605d6d 
Dealt to cd747cd3 
Dealt to 7b33ebc1 
Dealt to Hero [4h Kd]
cd747cd3: folds
5c8d86f: folds
Hero: folds
7b33ebc1: raises $4 to $6
39605d6d: folds
986e008a: folds
e10783a6: calls $4
*** FLOP *** [5c Kc 2c]
e10783a6: checks
7b33ebc1: checks
*** TURN *** [5c Kc 2c] [9s]
e10783a6: checks
7b33ebc1: checks
*** RIVER *** [5c Kc 2c 9s] [6d]
e10783a6: bets $4.29
7b33ebc1: folds
Uncalled bet ($4.29) returned to e10783a6
*** SHOWDOWN ***
e10783a6 collected $13 from pot
*** SUMMARY ***
Total pot $13
Board [5c Kc 2c 9s 6d]
Seat 5: e10783a6(big blind)won ($13) with Pair of Twos
Seat 4: 986e008a(small blind) folded before Flop
Seat 7: 5c8d86f folded before Flop (didn't bet)
Seat 3: 39605d6d folded before Flop (didn't bet)
Seat 6: cd747cd3 folded before Flop (didn't bet)
Seat 2: 7b33ebc1 folded on the River
Seat 1: Hero folded before Flop (didn't bet)



Poker Hand #ring_839073407: NLH No Limit ($1/$2) - 2025/04/23 22:55:37
Table 'MR NLH 1/2' 7-max Seat #2 is the button
Seat 5: e10783a6 ($154.74 in chips)
Seat 4: 986e008a ($300.53 in chips)
Seat 7: 5c8d86f ($453.13 in chips)
Seat 3: 39605d6d ($395.42 in chips)
Seat 6: cd747cd3 ($121.8 in chips)
Seat 2: 7b33ebc1 ($73.65 in chips)
Seat 1: Hero ($244.26 in chips)
39605d6d: posts small blind $1
986e008a: posts big blind $2
*** HOLE CARDS ***
Dealt to e10783a6 
Dealt to 986e008a 
Dealt to 5c8d86f 
Dealt to 39605d6d 
Dealt to cd747cd3 
Dealt to 7b33ebc1 
Dealt to Hero [Jd 7s]
e10783a6: folds
cd747cd3: folds
5c8d86f: folds
Hero: folds
7b33ebc1: raises $4 to $6
39605d6d: folds
986e008a: calls $4
*** FLOP *** [8c Kd 2d]
986e008a: checks
7b33ebc1: bets $4.29
986e008a: folds
Uncalled bet ($4.29) returned to 7b33ebc1
*** SHOWDOWN ***
7b33ebc1 collected $13 from pot
*** SUMMARY ***
Total pot $13
Board [8c Kd 2d]
Seat 5: e10783a6 folded before Flop (didn't bet)
Seat 4: 986e008a(big blind) folded on the Flop
Seat 7: 5c8d86f folded before Flop (didn't bet)
Seat 3: 39605d6d(small blind) folded before Flop
Seat 6: cd747cd3 folded before Flop (didn't bet)
Seat 2: 7b33ebc1won ($13) with Pair of Nines
Seat 1: Hero folded before Flop (didn't bet)



Poker Hand #ring_839072048: NLH No Limit ($1/$2) - 2025/04/23 22:54:47
Table 'MR NLH 1/2' 7-max Seat #1 is the button
Seat 5: e10783a6 ($154.74 in chips)
Seat 4: 986e008a ($300.53 in chips)
Seat 7: 5c8d86f ($453.13 in chips)
Seat 3: 39605d6d ($397.42 in chips)
Seat 6: cd747cd3 ($121.8 in chips)
Seat 2: 7b33ebc1 ($74.65 in chips)
Seat 1: Hero ($241.26 in chips)
7b33ebc1: posts small blind $1
39605d6d: posts big blind $2
*** HOLE CARDS ***
Dealt to e10783a6 
Dealt to 986e008a 
Dealt to 5c8d86f 
Dealt to 39605d6d 
Dealt to cd747cd3 
Dealt to 7b33ebc1 
Dealt to Hero [5s 6s]
986e008a: folds
e10783a6: folds
cd747cd3: folds
5c8d86f: folds
Hero: raises $3 to $5
7b33ebc1: folds
39605d6d: folds
Uncalled bet ($3) returned to Hero
*** SHOWDOWN ***
Hero collected $5 from pot
*** SUMMARY ***
Total pot $5
Seat 5: e10783a6 folded before Flop (didn't bet)
Seat 4: 986e008a folded before Flop (didn't bet)
Seat 7: 5c8d86f folded before Flop (didn't bet)
Seat 3: 39605d6d(big blind) folded before Flop
Seat 6: cd747cd3 folded before Flop (didn't bet)
Seat 2: 7b33ebc1(small blind) folded before Flop
Seat 1: Herowon ($5)



Poker Hand #ring_839071060: NLH No Limit ($1/$2) - 2025/04/23 22:54:13
Table 'MR NLH 1/2' 7-max Seat #7 is the button
Seat 5: e10783a6 ($142.59 in chips)
Seat 4: 986e008a ($300.53 in chips)
Seat 7: 5c8d86f ($453.13 in chips)
Seat 3: 39605d6d ($403.42 in chips)
Seat 6: cd747cd3 ($121.8 in chips)
Seat 2: 7b33ebc1 ($80.65 in chips)
Seat 1: Hero ($242.26 in chips)
Hero: posts small blind $1
7b33ebc1: posts big blind $2
*** HOLE CARDS ***
Dealt to e10783a6 
Dealt to 986e008a 
Dealt to 5c8d86f 
Dealt to 39605d6d 
Dealt to cd747cd3 
Dealt to 7b33ebc1 
Dealt to Hero [7h 9c]
39605d6d: raises $4 to $6
986e008a: folds
e10783a6: calls $6
cd747cd3: folds
5c8d86f: folds
Hero: folds
7b33ebc1: calls $4
*** FLOP *** [Jc 9d Qc]
7b33ebc1: checks
39605d6d: checks
e10783a6: bets $14.25
7b33ebc1: folds
39605d6d: folds
Uncalled bet ($14.25) returned to e10783a6
*** SHOWDOWN ***
e10783a6 collected $19 from pot
*** SUMMARY ***
Total pot $19
Board [Jc 9d Qc]
Seat 5: e10783a6won ($19) with Three Jacks
Seat 4: 986e008a folded before Flop (didn't bet)
Seat 7: 5c8d86f folded before Flop (didn't bet)
Seat 3: 39605d6d folded on the Flop
Seat 6: cd747cd3 folded before Flop (didn't bet)
Seat 2: 7b33ebc1(big blind) folded on the Flop
Seat 1: Hero(small blind) folded before Flop



Poker Hand #ring_839069914: NLH No Limit ($1/$2) - 2025/04/23 22:53:35
Table 'MR NLH 1/2' 7-max Seat #6 is the button
Seat 5: e10783a6 ($142.59 in chips)
Seat 4: 986e008a ($300.53 in chips)
Seat 7: 5c8d86f ($454.13 in chips)
Seat 3: 39605d6d ($403.42 in chips)
Seat 6: cd747cd3 ($127.8 in chips)
Seat 2: 7b33ebc1 ($80.65 in chips)
Seat 1: Hero ($235.84 in chips)
5c8d86f: posts small blind $1
Hero: posts big blind $2
*** HOLE CARDS ***
Dealt to e10783a6 
Dealt to 986e008a 
Dealt to 5c8d86f 
Dealt to 39605d6d 
Dealt to cd747cd3 
Dealt to 7b33ebc1 
Dealt to Hero [9d Qc]
7b33ebc1: folds
39605d6d: folds
986e008a: folds
e10783a6: folds
cd747cd3: raises $4 to $6
5c8d86f: folds
Hero: calls $4
*** FLOP *** [8s 6c 8d]
Hero: checks
cd747cd3: checks
*** TURN *** [8s 6c 8d] [Kd]
Hero: bets $3.9
cd747cd3: folds
Uncalled bet ($3.9) returned to Hero
*** SHOWDOWN ***
Hero collected $13 from pot
*** SUMMARY ***
Total pot $13
Board [8s 6c 8d Kd]
Seat 5: e10783a6 folded before Flop (didn't bet)
Seat 4: 986e008a folded before Flop (didn't bet)
Seat 7: 5c8d86f(small blind) folded before Flop
Seat 3: 39605d6d folded before Flop (didn't bet)
Seat 6: cd747cd3 folded on the Turn
Seat 2: 7b33ebc1 folded before Flop (didn't bet)
Seat 1: Hero(big blind)won ($13) with Pair of Eights



Poker Hand #ring_839068011: NLH No Limit ($1/$2) - 2025/04/23 22:52:32
Table 'MR NLH 1/2' 7-max Seat #5 is the button
Seat 5: e10783a6 ($142.59 in chips)
Seat 4: 986e008a ($274.97 in chips)
Seat 7: 5c8d86f ($456.13 in chips)
Seat 3: 39605d6d ($403.42 in chips)
Seat 6: cd747cd3 ($128.8 in chips)
Seat 2: 7b33ebc1 ($80.65 in chips)
Seat 1: Hero ($261.32 in chips)
cd747cd3: posts small blind $1
5c8d86f: posts big blind $2
*** HOLE CARDS ***
Dealt to e10783a6 
Dealt to 986e008a 
Dealt to 5c8d86f 
Dealt to 39605d6d 
Dealt to cd747cd3 
Dealt to 7b33ebc1 
Dealt to Hero [Ks Ad]
Hero: raises $3 to $5
7b33ebc1: folds
39605d6d: folds
986e008a: raises $9.75 to $14.75
e10783a6: folds
cd747cd3: folds
5c8d86f: folds
Hero: calls $9.75
*** FLOP *** [9s 4s 4c]
Hero: checks
986e008a: bets $10.73
Hero: calls $10.73
*** TURN *** [9s 4s 4c] [Td]
Hero: checks
986e008a: bets $40.47
Hero: folds
Uncalled bet ($40.47) returned to 986e008a
*** SHOWDOWN ***
986e008a collected $53.96 from pot
*** SUMMARY ***
Total pot $53.96
Board [9s 4s 4c Td]
Seat 5: e10783a6 folded before Flop (didn't bet)
Seat 4: 986e008awon ($53.96) with Pair of Fours
Seat 7: 5c8d86f(big blind) folded before Flop
Seat 3: 39605d6d folded before Flop (didn't bet)
Seat 6: cd747cd3(small blind) folded before Flop
Seat 2: 7b33ebc1 folded before Flop (didn't bet)
Seat 1: Hero folded on the Turn



Poker Hand #ring_839067070: NLH No Limit ($1/$2) - 2025/04/23 22:52:02
Table 'MR NLH 1/2' 7-max Seat #4 is the button
Seat 5: e10783a6 ($143.59 in chips)
Seat 4: 986e008a ($274.97 in chips)
Seat 7: 5c8d86f ($456.13 in chips)
Seat 3: 39605d6d ($397 in chips)
Seat 6: cd747cd3 ($134.8 in chips)
Seat 2: 7b33ebc1 ($80.65 in chips)
Seat 1: Hero ($261.32 in chips)
e10783a6: posts small blind $1
cd747cd3: posts big blind $2
*** HOLE CARDS ***
Dealt to e10783a6 
Dealt to 986e008a 
Dealt to 5c8d86f 
Dealt to 39605d6d 
Dealt to cd747cd3 
Dealt to 7b33ebc1 
Dealt to Hero [3c 8d]
5c8d86f: folds
Hero: folds
7b33ebc1: folds
39605d6d: raises $4 to $6
986e008a: folds
e10783a6: folds
cd747cd3: calls $4
*** FLOP *** [2d 3h 7h]
cd747cd3: checks
39605d6d: bets $6.5
cd747cd3: folds
Uncalled bet ($6.5) returned to 39605d6d
*** SHOWDOWN ***
39605d6d collected $13 from pot
*** SUMMARY ***
Total pot $13
Board [2d 3h 7h]
Seat 5: e10783a6(small blind) folded before Flop
Seat 4: 986e008a folded before Flop (didn't bet)
Seat 7: 5c8d86f folded before Flop (didn't bet)
Seat 3: 39605d6dwon ($13) with Pair of Kings
Seat 6: cd747cd3(big blind) folded on the Flop
Seat 2: 7b33ebc1 folded before Flop (didn't bet)
Seat 1: Hero folded before Flop (didn't bet)



Poker Hand #ring_839066405: NLH No Limit ($1/$2) - 2025/04/23 22:51:37
Table 'MR NLH 1/2' 7-max Seat #3 is the button
Seat 5: e10783a6 ($145.59 in chips)
Seat 4: 986e008a ($275.97 in chips)
Seat 7: 5c8d86f ($456.13 in chips)
Seat 3: 39605d6d ($394 in chips)
Seat 6: cd747cd3 ($134.8 in chips)
Seat 2: 7b33ebc1 ($80.65 in chips)
Seat 1: Hero ($261.32 in chips)
986e008a: posts small blind $1
e10783a6: posts big blind $2
*** HOLE CARDS ***
Dealt to e10783a6 
Dealt to 986e008a 
Dealt to 5c8d86f 
Dealt to 39605d6d 
Dealt to cd747cd3 
Dealt to 7b33ebc1 
Dealt to Hero [Ks 3d]
cd747cd3: folds
5c8d86f: folds
Hero: folds
7b33ebc1: folds
39605d6d: raises $4 to $6
986e008a: folds
e10783a6: folds
Uncalled bet ($4) returned to 39605d6d
*** SHOWDOWN ***
39605d6d collected $5 from pot
*** SUMMARY ***
Total pot $5
Seat 5: e10783a6(big blind) folded before Flop
Seat 4: 986e008a(small blind) folded before Flop
Seat 7: 5c8d86f folded before Flop (didn't bet)
Seat 3: 39605d6dwon ($5)
Seat 6: cd747cd3 folded before Flop (didn't bet)
Seat 2: 7b33ebc1 folded before Flop (didn't bet)
Seat 1: Hero folded before Flop (didn't bet)



Poker Hand #ring_839064860: NLH No Limit ($1/$2) - 2025/04/23 22:50:45
Table 'MR NLH 1/2' 7-max Seat #2 is the button
Seat 5: e10783a6 ($157.59 in chips)
Seat 4: 986e008a ($277.97 in chips)
Seat 7: 5c8d86f ($456.13 in chips)
Seat 3: 39605d6d ($395 in chips)
Seat 6: cd747cd3 ($134.8 in chips)
Seat 2: 7b33ebc1 ($65.41 in chips)
Seat 1: Hero ($263.32 in chips)
39605d6d: posts small blind $1
986e008a: posts big blind $2
e10783a6: posts big blind $2
e10783a6: posts small blind $1
*** HOLE CARDS ***
Dealt to e10783a6 
Dealt to 986e008a 
Dealt to 5c8d86f 
Dealt to 39605d6d 
Dealt to cd747cd3 
Dealt to 7b33ebc1 
Dealt to Hero [4h Kh]
e10783a6: checks
cd747cd3: folds
5c8d86f: folds
Hero: calls $2
7b33ebc1: raises $9 to $11
39605d6d: folds
986e008a: folds
e10783a6: calls $9
Hero: folds
*** FLOP *** [3s 7c Jh]
e10783a6: checks
7b33ebc1: checks
*** TURN *** [3s 7c Jh] [Jd]
e10783a6: checks
7b33ebc1: bets $14
e10783a6: folds
Uncalled bet ($14) returned to 7b33ebc1
*** SHOWDOWN ***
7b33ebc1 collected $28 from pot
*** SUMMARY ***
Total pot $27
Board [3s 7c Jh Jd]
Seat 5: e10783a6 folded on the Turn
Seat 4: 986e008a(big blind) folded before Flop
Seat 7: 5c8d86f folded before Flop (didn't bet)
Seat 3: 39605d6d(small blind) folded before Flop
Seat 6: cd747cd3 folded before Flop (didn't bet)
Seat 2: 7b33ebc1won ($28) with Pair of Jacks
Seat 1: Hero folded before Flop



Poker Hand #ring_839063149: NLH No Limit ($1/$2) - 2025/04/23 22:49:46
Table 'MR NLH 1/2' 7-max Seat #1 is the button
Seat 4: 986e008a ($282.97 in chips)
Seat 7: 5c8d86f ($461.13 in chips)
Seat 3: 39605d6d ($400 in chips)
Seat 6: cd747cd3 ($120.24 in chips)
Seat 2: 7b33ebc1 ($66.41 in chips)
Seat 1: Hero ($263.32 in chips)
7b33ebc1: posts small blind $1
39605d6d: posts big blind $2
*** HOLE CARDS ***
Dealt to 986e008a 
Dealt to 5c8d86f 
Dealt to 39605d6d 
Dealt to cd747cd3 
Dealt to 7b33ebc1 
Dealt to Hero [2d Jc]
986e008a: raises $3 to $5
cd747cd3: calls $5
5c8d86f: calls $5
Hero: folds
7b33ebc1: folds
39605d6d: calls $3
*** FLOP *** [5h 9c 7s]
39605d6d: checks
986e008a: checks
cd747cd3: checks
5c8d86f: checks
*** TURN *** [5h 9c 7s] [5d]
39605d6d: checks
986e008a: checks
cd747cd3: bets $13.86
5c8d86f: folds
39605d6d: folds
986e008a: folds
Uncalled bet ($13.86) returned to cd747cd3
*** SHOWDOWN ***
cd747cd3 collected $21 from pot
*** SUMMARY ***
Total pot $21
Board [5h 9c 7s 5d]
Seat 4: 986e008a folded on the Turn
Seat 7: 5c8d86f folded on the Turn
Seat 3: 39605d6d(big blind) folded on the Turn
Seat 6: cd747cd3won ($21) with Pair of Fives
Seat 2: 7b33ebc1(small blind) folded before Flop
Seat 1: Hero folded before Flop (didn't bet)



Poker Hand #ring_839061806: NLH No Limit ($1/$2) - 2025/04/23 22:49:01
Table 'MR NLH 1/2' 7-max Seat #7 is the button
Seat 4: 986e008a ($275.64 in chips)
Seat 7: 5c8d86f ($461.13 in chips)
Seat 6: cd747cd3 ($120.24 in chips)
Seat 2: 7b33ebc1 ($73.41 in chips)
Seat 1: Hero ($264.32 in chips)
Hero: posts small blind $1
7b33ebc1: posts big blind $2
*** HOLE CARDS ***
Dealt to 986e008a 
Dealt to 5c8d86f 
Dealt to cd747cd3 
Dealt to 7b33ebc1 
Dealt to Hero [Kd 8c]
986e008a: raises $3 to $5
cd747cd3: folds
5c8d86f: folds
Hero: folds
7b33ebc1: calls $3
*** FLOP *** [7s As 5d]
7b33ebc1: checks
986e008a: bets $2
7b33ebc1: calls $2
*** TURN *** [7s As 5d] [Js]
7b33ebc1: checks
986e008a: checks
*** RIVER *** [7s As 5d Js] [6c]
7b33ebc1: checks
986e008a: bets $11.25
7b33ebc1: folds
Uncalled bet ($11.25) returned to 986e008a
*** SHOWDOWN ***
986e008a collected $15 from pot
*** SUMMARY ***
Total pot $15
Board [7s As 5d Js 6c]
Seat 4: 986e008awon ($15) with Pair of Aces and Pair of Sixes
Seat 7: 5c8d86f folded before Flop (didn't bet)
Seat 6: cd747cd3 folded before Flop (didn't bet)
Seat 2: 7b33ebc1(big blind) folded on the River
Seat 1: Hero(small blind) folded before Flop



Poker Hand #ring_839060544: NLH No Limit ($1/$2) - 2025/04/23 22:48:19
Table 'MR NLH 1/2' 7-max Seat #6 is the button
Seat 4: 986e008a ($275.64 in chips)
Seat 7: 5c8d86f ($463.13 in chips)
Seat 6: cd747cd3 ($120.24 in chips)
Seat 2: 7b33ebc1 ($75.41 in chips)
Seat 1: Hero ($160.59 in chips)
5c8d86f: posts small blind $1
Hero: posts big blind $2
*** HOLE CARDS ***
Dealt to 986e008a 
Dealt to 5c8d86f 
Dealt to cd747cd3 
Dealt to 7b33ebc1 
Dealt to Hero [4s 7d]
7b33ebc1: calls $2
986e008a: folds
cd747cd3: folds
5c8d86f: calls $1
Hero: checks
*** FLOP *** [Ac 9h 2d]
5c8d86f: checks
Hero: checks
7b33ebc1: checks
*** TURN *** [Ac 9h 2d] [5d]
5c8d86f: checks
Hero: bets $3
7b33ebc1: folds
5c8d86f: folds
Uncalled bet ($3) returned to Hero
*** SHOWDOWN ***
Hero collected $6 from pot
*** SUMMARY ***
Total pot $6
Board [Ac 9h 2d 5d]
Seat 4: 986e008a folded before Flop (didn't bet)
Seat 7: 5c8d86f(small blind) folded on the Turn
Seat 6: cd747cd3 folded before Flop (didn't bet)
Seat 2: 7b33ebc1 folded on the Turn
Seat 1: Hero(big blind)won ($6) with Ace-High



Poker Hand #ring_839059456: NLH No Limit ($1/$2) - 2025/04/23 22:47:41
Table 'MR NLH 1/2' 7-max Seat #4 is the button
Seat 3: c7758c39 ($127.57 in chips)
Seat 4: 986e008a ($275.64 in chips)
Seat 7: 5c8d86f ($465.13 in chips)
Seat 6: cd747cd3 ($126.24 in chips)
Seat 2: 7b33ebc1 ($68.04 in chips)
Seat 1: Hero ($160.59 in chips)
cd747cd3: posts small blind $1
5c8d86f: posts big blind $2
*** HOLE CARDS ***
Dealt to c7758c39 
Dealt to 986e008a 
Dealt to 5c8d86f 
Dealt to cd747cd3 
Dealt to 7b33ebc1 
Dealt to Hero [5d 3c]
Hero: folds
7b33ebc1: raises $4 to $6
c7758c39: folds
986e008a: folds
cd747cd3: calls $5
5c8d86f: folds
*** FLOP *** [Kc Ad 9c]
cd747cd3: checks
7b33ebc1: bets $4.62
cd747cd3: folds
Uncalled bet ($4.62) returned to 7b33ebc1
*** SHOWDOWN ***
7b33ebc1 collected $14 from pot
*** SUMMARY ***
Total pot $14
Board [Kc Ad 9c]
Seat 3: c7758c39 folded before Flop (didn't bet)
Seat 4: 986e008a folded before Flop (didn't bet)
Seat 7: 5c8d86f(big blind) folded before Flop
Seat 6: cd747cd3(small blind) folded on the Flop
Seat 2: 7b33ebc1won ($14) with Ace-High
Seat 1: Hero folded before Flop (didn't bet)



Poker Hand #ring_839058426: NLH No Limit ($1/$2) - 2025/04/23 22:47:07
Table 'MR NLH 1/2' 7-max Seat #3 is the button
Seat 3: c7758c39 ($127.57 in chips)
Seat 4: 986e008a ($276.64 in chips)
Seat 7: 5c8d86f ($465.13 in chips)
Seat 6: cd747cd3 ($128.24 in chips)
Seat 2: 7b33ebc1 ($60.04 in chips)
Seat 1: Hero ($165.59 in chips)
986e008a: posts small blind $1
cd747cd3: posts big blind $2
*** HOLE CARDS ***
Dealt to c7758c39 
Dealt to 986e008a 
Dealt to 5c8d86f 
Dealt to cd747cd3 
Dealt to 7b33ebc1 
Dealt to Hero [As Th]
5c8d86f: folds
Hero: raises $3 to $5
7b33ebc1: raises $9.75 to $14.75
c7758c39: folds
986e008a: folds
cd747cd3: folds
Hero: folds
Uncalled bet ($9.75) returned to 7b33ebc1
*** SHOWDOWN ***
7b33ebc1 collected $13 from pot
*** SUMMARY ***
Total pot $13
Seat 3: c7758c39 folded before Flop (didn't bet)
Seat 4: 986e008a(small blind) folded before Flop
Seat 7: 5c8d86f folded before Flop (didn't bet)
Seat 6: cd747cd3(big blind) folded before Flop
Seat 2: 7b33ebc1won ($13)
Seat 1: Hero folded before Flop



Poker Hand #ring_839056790: NLH No Limit ($1/$2) - 2025/04/23 22:46:11
Table 'MR NLH 1/2' 7-max Seat #2 is the button
Seat 3: c7758c39 ($114.33 in chips)
Seat 5: e10783a6 ($157.59 in chips)
Seat 4: 986e008a ($278.64 in chips)
Seat 7: 5c8d86f ($478.13 in chips)
Seat 6: cd747cd3 ($128.24 in chips)
Seat 2: 7b33ebc1 ($60.04 in chips)
Seat 1: Hero ($165.59 in chips)
c7758c39: posts small blind $1
986e008a: posts big blind $2
*** HOLE CARDS ***
Dealt to c7758c39 
Dealt to e10783a6 
Dealt to 986e008a 
Dealt to 5c8d86f 
Dealt to cd747cd3 
Dealt to 7b33ebc1 
Dealt to Hero [8s 4s]
e10783a6: folds
cd747cd3: folds
5c8d86f: raises $4 to $6
Hero: folds
7b33ebc1: folds
c7758c39: raises $7 to $13
986e008a: folds
5c8d86f: calls $7
*** FLOP *** [4h Th Td]
c7758c39: bets $14
5c8d86f: folds
Uncalled bet ($14) returned to c7758c39
cd747cd3: shows [Ts]
*** SHOWDOWN ***
c7758c39 collected $28 from pot
*** SUMMARY ***
Total pot $28
Board [4h Th Td]
Seat 3: c7758c39(small blind)won ($28) with Pair of Tens
Seat 5: e10783a6 folded before Flop (didn't bet)
Seat 4: 986e008a(big blind) folded before Flop
Seat 7: 5c8d86f folded on the Flop
Seat 6: cd747cd3 folded before Flop (didn't bet)
Seat 2: 7b33ebc1 folded before Flop (didn't bet)
Seat 1: Hero folded before Flop (didn't bet)



Poker Hand #ring_839055634: NLH No Limit ($1/$2) - 2025/04/23 22:45:33
Table 'MR NLH 1/2' 7-max Seat #1 is the button
Seat 3: c7758c39 ($97.91 in chips)
Seat 5: e10783a6 ($163.59 in chips)
Seat 4: 986e008a ($278.64 in chips)
Seat 7: 5c8d86f ($478.13 in chips)
Seat 6: cd747cd3 ($134.24 in chips)
Seat 2: 7b33ebc1 ($66.04 in chips)
Seat 1: Hero ($165.59 in chips)
7b33ebc1: posts small blind $1
c7758c39: posts big blind $2
*** HOLE CARDS ***
Dealt to c7758c39 
Dealt to e10783a6 
Dealt to 986e008a 
Dealt to 5c8d86f 
Dealt to cd747cd3 
Dealt to 7b33ebc1 
Dealt to Hero [Kc 3h]
986e008a: folds
e10783a6: calls $2
cd747cd3: raises $4 to $6
5c8d86f: folds
Hero: folds
7b33ebc1: calls $5
c7758c39: calls $4
e10783a6: calls $4
*** FLOP *** [Qs 7c 5s]
7b33ebc1: checks
c7758c39: bets $7.92
e10783a6: folds
cd747cd3: folds
7b33ebc1: folds
Uncalled bet ($7.92) returned to c7758c39
*** SHOWDOWN ***
c7758c39 collected $24 from pot
*** SUMMARY ***
Total pot $24
Board [Qs 7c 5s]
Seat 3: c7758c39(big blind)won ($24) with Pair of Fives
Seat 5: e10783a6 folded on the Flop
Seat 4: 986e008a folded before Flop (didn't bet)
Seat 7: 5c8d86f folded before Flop (didn't bet)
Seat 6: cd747cd3 folded on the Flop
Seat 2: 7b33ebc1(small blind) folded on the Flop
Seat 1: Hero folded before Flop (didn't bet)



Poker Hand #ring_839053617: NLH No Limit ($1/$2) - 2025/04/23 22:44:25
Table 'MR NLH 1/2' 7-max Seat #7 is the button
Seat 3: c7758c39 ($97.91 in chips)
Seat 5: e10783a6 ($163.59 in chips)
Seat 4: 986e008a ($278.64 in chips)
Seat 7: 5c8d86f ($488.42 in chips)
Seat 6: cd747cd3 ($134.24 in chips)
Seat 2: 7b33ebc1 ($56.22 in chips)
Seat 1: Hero ($166.59 in chips)
Hero: posts small blind $1
7b33ebc1: posts big blind $2
*** HOLE CARDS ***
Dealt to c7758c39 
Dealt to e10783a6 
Dealt to 986e008a 
Dealt to 5c8d86f 
Dealt to cd747cd3 
Dealt to 7b33ebc1 
Dealt to Hero [Qc 8s]
c7758c39: folds
986e008a: folds
e10783a6: folds
cd747cd3: folds
5c8d86f: raises $4 to $6
Hero: folds
7b33ebc1: calls $4
*** FLOP *** [4c Js 5h]
7b33ebc1: checks
5c8d86f: checks
*** TURN *** [4c Js 5h] [3d]
7b33ebc1: bets $4.29
5c8d86f: calls $4.29
*** RIVER *** [4c Js 5h 3d] [6s]
7b33ebc1: bets $10.79
5c8d86f: folds
Uncalled bet ($10.79) returned to 7b33ebc1
*** SHOWDOWN ***
7b33ebc1 collected $21.58 from pot
*** SUMMARY ***
Total pot $21.58
Board [4c Js 5h 3d 6s]
Seat 3: c7758c39 folded before Flop (didn't bet)
Seat 5: e10783a6 folded before Flop (didn't bet)
Seat 4: 986e008a folded before Flop (didn't bet)
Seat 7: 5c8d86f folded on the River
Seat 6: cd747cd3 folded before Flop (didn't bet)
Seat 2: 7b33ebc1(big blind)won ($21.58) with Sevens-High Straight
Seat 1: Hero(small blind) folded before Flop



Poker Hand #ring_839051894: NLH No Limit ($1/$2) - 2025/04/23 22:43:26
Table 'MR NLH 1/2' 7-max Seat #6 is the button
Seat 3: c7758c39 ($97.91 in chips)
Seat 5: e10783a6 ($163.59 in chips)
Seat 4: 986e008a ($278.64 in chips)
Seat 7: 5c8d86f ($489.42 in chips)
Seat 6: cd747cd3 ($134.24 in chips)
Seat 2: 7b33ebc1 ($39.92 in chips)
Seat 1: Hero ($184 in chips)
5c8d86f: posts small blind $1
Hero: posts big blind $2
*** HOLE CARDS ***
Dealt to c7758c39 
Dealt to e10783a6 
Dealt to 986e008a 
Dealt to 5c8d86f 
Dealt to cd747cd3 
Dealt to 7b33ebc1 
Dealt to Hero [9s Ac]
7b33ebc1: raises $4 to $6
c7758c39: folds
986e008a: folds
e10783a6: folds
cd747cd3: folds
5c8d86f: folds
Hero: calls $4
*** FLOP *** [Jd 3d 5c]
Hero: checks
7b33ebc1: bets $4.29
Hero: calls $4.29
*** TURN *** [Jd 3d 5c] [Jc]
Hero: checks
7b33ebc1: bets $7.12
Hero: calls $7.12
*** RIVER *** [Jd 3d 5c Jc] [Td]
Hero: checks
7b33ebc1: checks
Hero: shows [9s Ac]
7b33ebc1: shows [9d 9c]
*** SHOWDOWN ***
7b33ebc1 collected $35.82 from pot
*** SUMMARY ***
Total pot $35.82
Board [Jd 3d 5c Jc Td]
Seat 3: c7758c39 folded before Flop (didn't bet)
Seat 5: e10783a6 folded before Flop (didn't bet)
Seat 4: 986e008a folded before Flop (didn't bet)
Seat 7: 5c8d86f(small blind) folded before Flop
Seat 6: cd747cd3 folded before Flop (didn't bet)
Seat 2: 7b33ebc1 showed [9d 9c] and won ($35.82) with Pair of Jacks and Pair of Nines
Seat 1: Hero(big blind) showed [9s Ac] and lost with Pair of Jacks



