Poker Hand #ring_824620947: NLH No Limit ($1/$2) - 2025/04/15 15:54:53
Table 'MR NLH 1/2' 7-max Seat #4 is the button
Seat 3: 3a041b5c ($127.13 in chips)
Seat 1: f6e3c6d0 ($535.5 in chips)
Seat 5: cd4b6e9f ($453.04 in chips)
Seat 2: Hero ($242.93 in chips)
Seat 4: 9e3b1c0e ($371.05 in chips)
cd4b6e9f: posts small blind $1
f6e3c6d0: posts big blind $2
*** HOLE CARDS ***
Dealt to 3a041b5c 
Dealt to f6e3c6d0 
Dealt to cd4b6e9f 
Dealt to Hero [Ah 5d]
Dealt to 9e3b1c0e 
Hero: folds
3a041b5c: folds
9e3b1c0e: folds
cd4b6e9f: raises $5 to $7
f6e3c6d0: calls $5
*** FLOP *** [Kd 2h Qh]
cd4b6e9f: bets $4.62
f6e3c6d0: folds
Uncalled bet ($4.62) returned to cd4b6e9f
*** SHOWDOWN ***
cd4b6e9f collected $14 from pot
*** SUMMARY ***
Total pot $14
Board [Kd 2h Qh]
Seat 3: 3a041b5c folded before Flop (didn't bet)
Seat 1: f6e3c6d0(big blind) folded on the Flop
Seat 5: cd4b6e9f(small blind)won ($14) with Pair of Twos
Seat 2: Hero folded before Flop (didn't bet)
Seat 4: 9e3b1c0e folded before Flop (didn't bet)



Poker Hand #ring_824620285: NLH No Limit ($1/$2) - 2025/04/15 15:54:14
Table 'MR NLH 1/2' 7-max Seat #3 is the button
Seat 3: 3a041b5c ($124.35 in chips)
Seat 1: f6e3c6d0 ($535.5 in chips)
Seat 5: cd4b6e9f ($455.04 in chips)
Seat 2: Hero ($242.93 in chips)
Seat 4: 9e3b1c0e ($372.05 in chips)
9e3b1c0e: posts small blind $1
cd4b6e9f: posts big blind $2
*** HOLE CARDS ***
Dealt to 3a041b5c 
Dealt to f6e3c6d0 
Dealt to cd4b6e9f 
Dealt to Hero [6s Qd]
Dealt to 9e3b1c0e 
f6e3c6d0: folds
Hero: folds
3a041b5c: calls $2
9e3b1c0e: folds
cd4b6e9f: checks
*** FLOP *** [8s 9h As]
cd4b6e9f: checks
3a041b5c: bets $2
cd4b6e9f: folds
Uncalled bet ($2) returned to 3a041b5c
*** SHOWDOWN ***
3a041b5c collected $5 from pot
*** SUMMARY ***
Total pot $5
Board [8s 9h As]
Seat 3: 3a041b5cwon ($5) with Pair of Nines
Seat 1: f6e3c6d0 folded before Flop (didn't bet)
Seat 5: cd4b6e9f(big blind) folded on the Flop
Seat 2: Hero folded before Flop (didn't bet)
Seat 4: 9e3b1c0e(small blind) folded before Flop



Poker Hand #ring_824619004: NLH No Limit ($1/$2) - 2025/04/15 15:52:57
Table 'MR NLH 1/2' 7-max Seat #2 is the button
Seat 3: 3a041b5c ($125.35 in chips)
Seat 1: f6e3c6d0 ($473.76 in chips)
Seat 5: cd4b6e9f ($460.04 in chips)
Seat 2: Hero ($302.93 in chips)
Seat 4: 9e3b1c0e ($374.05 in chips)
3a041b5c: posts small blind $1
9e3b1c0e: posts big blind $2
*** HOLE CARDS ***
Dealt to 3a041b5c 
Dealt to f6e3c6d0 
Dealt to cd4b6e9f 
Dealt to Hero [Qd Kd]
Dealt to 9e3b1c0e 
cd4b6e9f: raises $3 to $5
f6e3c6d0: raises $13 to $18
Hero: calls $18
3a041b5c: folds
9e3b1c0e: folds
cd4b6e9f: folds
*** FLOP *** [Jc 7h 2h]
f6e3c6d0: checks
Hero: checks
*** TURN *** [Jc 7h 2h] [Td]
f6e3c6d0: bets $42
Hero: calls $42
*** RIVER *** [Jc 7h 2h Td] [4h]
f6e3c6d0: bets $96
Hero: folds
Uncalled bet ($96) returned to f6e3c6d0
*** SHOWDOWN ***
f6e3c6d0 collected $128 from pot
*** SUMMARY ***
Total pot $128
Board [Jc 7h 2h Td 4h]
Seat 3: 3a041b5c(small blind) folded before Flop
Seat 1: f6e3c6d0won ($128) with Pair of Queens
Seat 5: cd4b6e9f folded before Flop
Seat 2: Hero folded on the River
Seat 4: 9e3b1c0e(big blind) folded before Flop



Poker Hand #ring_824617999: NLH No Limit ($1/$2) - 2025/04/15 15:51:59
Table 'MR NLH 1/2' 7-max Seat #1 is the button
Seat 3: 3a041b5c ($129.35 in chips)
Seat 1: f6e3c6d0 ($473.76 in chips)
Seat 5: cd4b6e9f ($460.04 in chips)
Seat 2: Hero ($299.29 in chips)
Seat 4: 9e3b1c0e ($374.05 in chips)
Hero: posts small blind $1
3a041b5c: posts big blind $2
*** HOLE CARDS ***
Dealt to 3a041b5c 
Dealt to f6e3c6d0 
Dealt to cd4b6e9f 
Dealt to Hero [Kh Kd]
Dealt to 9e3b1c0e 
9e3b1c0e: folds
cd4b6e9f: folds
f6e3c6d0: folds
Hero: calls $1
3a041b5c: checks
*** FLOP *** [Ah 4d 9d]
Hero: checks
3a041b5c: checks
*** TURN *** [Ah 4d 9d] [3s]
Hero: bets $2
3a041b5c: calls $2
*** RIVER *** [Ah 4d 9d 3s] [As]
Hero: bets $4
3a041b5c: folds
Uncalled bet ($4) returned to Hero
*** SHOWDOWN ***
Hero collected $8 from pot
*** SUMMARY ***
Total pot $8
Board [Ah 4d 9d 3s As]
Seat 3: 3a041b5c(big blind) folded on the River
Seat 1: f6e3c6d0 folded before Flop (didn't bet)
Seat 5: cd4b6e9f folded before Flop (didn't bet)
Seat 2: Hero(small blind)won ($8) with Pair of Aces and Pair of Kings
Seat 4: 9e3b1c0e folded before Flop (didn't bet)



Poker Hand #ring_824617314: NLH No Limit ($1/$2) - 2025/04/15 15:51:17
Table 'MR NLH 1/2' 7-max Seat #5 is the button
Seat 3: 3a041b5c ($129.35 in chips)
Seat 1: f6e3c6d0 ($474.76 in chips)
Seat 5: cd4b6e9f ($451.04 in chips)
Seat 2: Hero ($301.29 in chips)
Seat 4: 9e3b1c0e ($380.05 in chips)
f6e3c6d0: posts small blind $1
Hero: posts big blind $2
*** HOLE CARDS ***
Dealt to 3a041b5c 
Dealt to f6e3c6d0 
Dealt to cd4b6e9f 
Dealt to Hero [Th 8c]
Dealt to 9e3b1c0e 
3a041b5c: folds
9e3b1c0e: raises $4 to $6
cd4b6e9f: raises $12 to $18
f6e3c6d0: folds
Hero: folds
9e3b1c0e: folds
Uncalled bet ($12) returned to cd4b6e9f
*** SHOWDOWN ***
cd4b6e9f collected $15 from pot
*** SUMMARY ***
Total pot $15
Seat 3: 3a041b5c folded before Flop (didn't bet)
Seat 1: f6e3c6d0(small blind) folded before Flop
Seat 5: cd4b6e9fwon ($15)
Seat 2: Hero(big blind) folded before Flop
Seat 4: 9e3b1c0e folded before Flop



Poker Hand #ring_824616670: NLH No Limit ($1/$2) - 2025/04/15 15:50:40
Table 'MR NLH 1/2' 7-max Seat #4 is the button
Seat 3: 3a041b5c ($129.35 in chips)
Seat 1: f6e3c6d0 ($476.76 in chips)
Seat 5: cd4b6e9f ($443.04 in chips)
Seat 2: Hero ($301.29 in chips)
Seat 4: 9e3b1c0e ($386.05 in chips)
cd4b6e9f: posts small blind $1
f6e3c6d0: posts big blind $2
*** HOLE CARDS ***
Dealt to 3a041b5c 
Dealt to f6e3c6d0 
Dealt to cd4b6e9f 
Dealt to Hero [2s 9c]
Dealt to 9e3b1c0e 
Hero: folds
3a041b5c: folds
9e3b1c0e: raises $4 to $6
cd4b6e9f: raises $18 to $24
f6e3c6d0: folds
9e3b1c0e: folds
Uncalled bet ($18) returned to cd4b6e9f
*** SHOWDOWN ***
cd4b6e9f collected $14 from pot
*** SUMMARY ***
Total pot $14
Seat 3: 3a041b5c folded before Flop (didn't bet)
Seat 1: f6e3c6d0(big blind) folded before Flop
Seat 5: cd4b6e9f(small blind)won ($14)
Seat 2: Hero folded before Flop (didn't bet)
Seat 4: 9e3b1c0e folded before Flop



Poker Hand #ring_824615187: NLH No Limit ($1/$2) - 2025/04/15 15:49:11
Table 'MR NLH 1/2' 7-max Seat #3 is the button
Seat 3: 3a041b5c ($97 in chips)
Seat 1: f6e3c6d0 ($476.76 in chips)
Seat 5: cd4b6e9f ($445.04 in chips)
Seat 2: Hero ($301.29 in chips)
Seat 4: 9e3b1c0e ($420.05 in chips)
9e3b1c0e: posts small blind $1
cd4b6e9f: posts big blind $2
*** HOLE CARDS ***
Dealt to 3a041b5c 
Dealt to f6e3c6d0 
Dealt to cd4b6e9f 
Dealt to Hero [Jc 4h]
Dealt to 9e3b1c0e 
f6e3c6d0: folds
Hero: folds
3a041b5c: raises $4 to $6
9e3b1c0e: calls $5
cd4b6e9f: folds
*** FLOP *** [Js 6d 7c]
9e3b1c0e: checks
3a041b5c: bets $7
9e3b1c0e: calls $7
*** TURN *** [Js 6d 7c] [9h]
9e3b1c0e: checks
3a041b5c: bets $21
9e3b1c0e: calls $21
*** RIVER *** [Js 6d 7c 9h] [Qs]
9e3b1c0e: checks
3a041b5c: checks
3a041b5c: shows [Kc Ks]
9e3b1c0e: shows [Ad 8d]
*** SHOWDOWN ***
3a041b5c collected $70 from pot
*** SUMMARY ***
Total pot $70
Board [Js 6d 7c 9h Qs]
Seat 3: 3a041b5c showed [Kc Ks] and won ($70) with Pair of Kings
Seat 1: f6e3c6d0 folded before Flop (didn't bet)
Seat 5: cd4b6e9f(big blind) folded before Flop
Seat 2: Hero folded before Flop (didn't bet)
Seat 4: 9e3b1c0e(small blind) showed [Ad 8d] and lost with Ace-High



Poker Hand #ring_824613883: NLH No Limit ($1/$2) - 2025/04/15 15:47:55
Table 'MR NLH 1/2' 7-max Seat #2 is the button
Seat 3: 3a041b5c ($98 in chips)
Seat 1: f6e3c6d0 ($476.76 in chips)
Seat 5: cd4b6e9f ($445.04 in chips)
Seat 2: Hero ($311.79 in chips)
Seat 4: 9e3b1c0e ($410.04 in chips)
3a041b5c: posts small blind $1
9e3b1c0e: posts big blind $2
*** HOLE CARDS ***
Dealt to 3a041b5c 
Dealt to f6e3c6d0 
Dealt to cd4b6e9f 
Dealt to Hero [4s Qs]
Dealt to 9e3b1c0e 
cd4b6e9f: folds
f6e3c6d0: folds
Hero: raises $3 to $5
3a041b5c: folds
9e3b1c0e: calls $3
*** FLOP *** [2d Jh 5c]
9e3b1c0e: checks
Hero: bets $5.5
9e3b1c0e: calls $5.5
*** TURN *** [2d Jh 5c] [7h]
9e3b1c0e: checks
Hero: checks
*** RIVER *** [2d Jh 5c 7h] [3d]
9e3b1c0e: checks
Hero: checks
Hero: shows [4s Qs]
9e3b1c0e: shows [Qc 6c]
*** SHOWDOWN ***
9e3b1c0e collected $22 from pot
*** SUMMARY ***
Total pot $22
Board [2d Jh 5c 7h 3d]
Seat 3: 3a041b5c(small blind) folded before Flop
Seat 1: f6e3c6d0 folded before Flop (didn't bet)
Seat 5: cd4b6e9f folded before Flop (didn't bet)
Seat 2: Hero showed [4s Qs] and lost with Queen-High
Seat 4: 9e3b1c0e(big blind) showed [Qc 6c] and won ($22) with Queen-High



Poker Hand #ring_824613469: NLH No Limit ($1/$2) - 2025/04/15 15:47:29
Table 'MR NLH 1/2' 7-max Seat #1 is the button
Seat 3: 3a041b5c ($100 in chips)
Seat 1: f6e3c6d0 ($467.76 in chips)
Seat 5: cd4b6e9f ($445.04 in chips)
Seat 2: Hero ($312.79 in chips)
Seat 4: 9e3b1c0e ($416.04 in chips)
Hero: posts small blind $1
3a041b5c: posts big blind $2
*** HOLE CARDS ***
Dealt to 3a041b5c 
Dealt to f6e3c6d0 
Dealt to cd4b6e9f 
Dealt to Hero [Tc 8d]
Dealt to 9e3b1c0e 
9e3b1c0e: raises $4 to $6
cd4b6e9f: folds
f6e3c6d0: raises $15 to $21
Hero: folds
3a041b5c: folds
9e3b1c0e: folds
Uncalled bet ($15) returned to f6e3c6d0
*** SHOWDOWN ***
f6e3c6d0 collected $15 from pot
*** SUMMARY ***
Total pot $15
Seat 3: 3a041b5c(big blind) folded before Flop
Seat 1: f6e3c6d0won ($15)
Seat 5: cd4b6e9f folded before Flop (didn't bet)
Seat 2: Hero(small blind) folded before Flop
Seat 4: 9e3b1c0e folded before Flop



Poker Hand #ring_824611945: NLH No Limit ($1/$2) - 2025/04/15 15:45:57
Table 'MR NLH 1/2' 7-max Seat #5 is the button
Seat 1: f6e3c6d0 ($414.48 in chips)
Seat 5: cd4b6e9f ($445.04 in chips)
Seat 2: Hero ($314.79 in chips)
Seat 4: 9e3b1c0e ($473.04 in chips)
f6e3c6d0: posts small blind $1
Hero: posts big blind $2
*** HOLE CARDS ***
Dealt to f6e3c6d0 
Dealt to cd4b6e9f 
Dealt to Hero [3s 5s]
Dealt to 9e3b1c0e 
9e3b1c0e: raises $4 to $6
cd4b6e9f: folds
f6e3c6d0: raises $18 to $24
Hero: folds
9e3b1c0e: calls $18
*** FLOP *** [Kh 9s 3c]
f6e3c6d0: bets $11
9e3b1c0e: calls $11
*** TURN *** [Kh 9s 3c] [7s]
f6e3c6d0: checks
9e3b1c0e: checks
*** RIVER *** [Kh 9s 3c 7s] [6c]
f6e3c6d0: bets $22
9e3b1c0e: calls $22
f6e3c6d0: shows [Ks Kc]
9e3b1c0e: shows [Th Td]
*** SHOWDOWN ***
f6e3c6d0 collected $116 from pot
*** SUMMARY ***
Total pot $116
Board [Kh 9s 3c 7s 6c]
Seat 1: f6e3c6d0(small blind) showed [Ks Kc] and won ($116) with Three Kings
Seat 5: cd4b6e9f folded before Flop (didn't bet)
Seat 2: Hero(big blind) folded before Flop
Seat 4: 9e3b1c0e showed [Th Td] and lost with Pair of Tens



Poker Hand #ring_824611631: NLH No Limit ($1/$2) - 2025/04/15 15:45:37
Table 'MR NLH 1/2' 7-max Seat #4 is the button
Seat 1: f6e3c6d0 ($413.48 in chips)
Seat 5: cd4b6e9f ($446.04 in chips)
Seat 2: Hero ($314.79 in chips)
Seat 4: 9e3b1c0e ($473.04 in chips)
cd4b6e9f: posts small blind $1
f6e3c6d0: posts big blind $2
*** HOLE CARDS ***
Dealt to f6e3c6d0 
Dealt to cd4b6e9f 
Dealt to Hero [5h Qs]
Dealt to 9e3b1c0e 
Hero: folds
9e3b1c0e: folds
cd4b6e9f: folds
*** SHOWDOWN ***
f6e3c6d0 collected $3 from pot
*** SUMMARY ***
Total pot $3
Seat 1: f6e3c6d0(big blind)won ($3)
Seat 5: cd4b6e9f(small blind) folded before Flop
Seat 2: Hero folded before Flop (didn't bet)
Seat 4: 9e3b1c0e folded before Flop (didn't bet)



Poker Hand #ring_824610090: NLH No Limit ($1/$2) - 2025/04/15 15:44:04
Table 'MR NLH 1/2' 7-max Seat #2 is the button
Seat 1: f6e3c6d0 ($413.48 in chips)
Seat 5: cd4b6e9f ($417.88 in chips)
Seat 2: Hero ($345.23 in chips)
Seat 4: 9e3b1c0e ($474.04 in chips)
9e3b1c0e: posts small blind $1
cd4b6e9f: posts big blind $2
*** HOLE CARDS ***
Dealt to f6e3c6d0 
Dealt to cd4b6e9f 
Dealt to Hero [9h Th]
Dealt to 9e3b1c0e 
f6e3c6d0: folds
Hero: raises $4 to $6
9e3b1c0e: folds
cd4b6e9f: calls $4
*** FLOP *** [3c 2s Td]
cd4b6e9f: checks
Hero: bets $6.5
cd4b6e9f: raises $17.94 to $24.44
Hero: calls $17.94
*** TURN *** [3c 2s Td] [8d]
cd4b6e9f: bets $30.94
Hero: folds
Uncalled bet ($30.94) returned to cd4b6e9f
*** SHOWDOWN ***
cd4b6e9f collected $61.88 from pot
*** SUMMARY ***
Total pot $61.88
Board [3c 2s Td 8d]
Seat 1: f6e3c6d0 folded before Flop (didn't bet)
Seat 5: cd4b6e9f(big blind)won ($61.88) with Pair of Queens
Seat 2: Hero folded on the Turn
Seat 4: 9e3b1c0e(small blind) folded before Flop



Poker Hand #ring_824608640: NLH No Limit ($1/$2) - 2025/04/15 15:42:36
Table 'MR NLH 1/2' 7-max Seat #1 is the button
Seat 7: 53b43707 ($340.16 in chips)
Seat 1: f6e3c6d0 ($413.48 in chips)
Seat 5: cd4b6e9f ($417.88 in chips)
Seat 2: Hero ($340.54 in chips)
Seat 4: 9e3b1c0e ($476.04 in chips)
Seat 6: 55a7ca16 ($202.66 in chips)
Hero: posts small blind $1
9e3b1c0e: posts big blind $2
53b43707: posts big blind $2
53b43707: posts small blind $1
*** HOLE CARDS ***
Dealt to 53b43707 
Dealt to f6e3c6d0 
Dealt to cd4b6e9f 
Dealt to Hero [Ks 6s]
Dealt to 9e3b1c0e 
Dealt to 55a7ca16 
cd4b6e9f: folds
55a7ca16: folds
53b43707: checks
f6e3c6d0: folds
Hero: calls $1
9e3b1c0e: checks
*** FLOP *** [4h Td Ah]
Hero: checks
9e3b1c0e: checks
53b43707: checks
*** TURN *** [4h Td Ah] [5c]
Hero: checks
9e3b1c0e: checks
53b43707: checks
*** RIVER *** [4h Td Ah 5c] [6h]
Hero: checks
9e3b1c0e: checks
53b43707: checks
Hero: shows [Ks 6s]
9e3b1c0e: shows [8d 9h]
53b43707: shows [2s 8c]
*** SHOWDOWN ***
Hero collected $7 from pot
*** SUMMARY ***
Total pot $6
Board [4h Td Ah 5c 6h]
Seat 7: 53b43707 showed [2s 8c] and lost with Ace-High
Seat 1: f6e3c6d0 folded before Flop (didn't bet)
Seat 5: cd4b6e9f folded before Flop (didn't bet)
Seat 2: Hero(small blind) showed [Ks 6s] and won ($7) with Pair of Sixes
Seat 4: 9e3b1c0e(big blind) showed [8d 9h] and lost with Ace-High
Seat 6: 55a7ca16 folded before Flop (didn't bet)



Poker Hand #ring_824608132: NLH No Limit ($1/$2) - 2025/04/15 15:42:04
Table 'MR NLH 1/2' 7-max Seat #6 is the button
Seat 1: f6e3c6d0 ($418.48 in chips)
Seat 5: cd4b6e9f ($411.42 in chips)
Seat 2: Hero ($342.54 in chips)
Seat 4: 9e3b1c0e ($476.04 in chips)
Seat 6: 55a7ca16 ($202.66 in chips)
f6e3c6d0: posts small blind $1
Hero: posts big blind $2
*** HOLE CARDS ***
Dealt to f6e3c6d0 
Dealt to cd4b6e9f 
Dealt to Hero [2d 3c]
Dealt to 9e3b1c0e 
Dealt to 55a7ca16 
9e3b1c0e: folds
cd4b6e9f: raises $3 to $5
55a7ca16: folds
f6e3c6d0: calls $4
Hero: folds
*** FLOP *** [2h 4s Ad]
f6e3c6d0: checks
cd4b6e9f: bets $3.96
f6e3c6d0: folds
Uncalled bet ($3.96) returned to cd4b6e9f
*** SHOWDOWN ***
cd4b6e9f collected $12 from pot
*** SUMMARY ***
Total pot $12
Board [2h 4s Ad]
Seat 1: f6e3c6d0(small blind) folded on the Flop
Seat 5: cd4b6e9fwon ($12) with Pair of Sevens
Seat 2: Hero(big blind) folded before Flop
Seat 4: 9e3b1c0e folded before Flop (didn't bet)
Seat 6: 55a7ca16 folded before Flop (didn't bet)



Poker Hand #ring_824607654: NLH No Limit ($1/$2) - 2025/04/15 15:41:36
Table 'MR NLH 1/2' 7-max Seat #5 is the button
Seat 1: f6e3c6d0 ($420.48 in chips)
Seat 5: cd4b6e9f ($411.42 in chips)
Seat 2: Hero ($347.54 in chips)
Seat 4: 9e3b1c0e ($468.04 in chips)
Seat 6: 55a7ca16 ($203.66 in chips)
55a7ca16: posts small blind $1
f6e3c6d0: posts big blind $2
*** HOLE CARDS ***
Dealt to f6e3c6d0 
Dealt to cd4b6e9f 
Dealt to Hero [5s As]
Dealt to 9e3b1c0e 
Dealt to 55a7ca16 
Hero: raises $3 to $5
9e3b1c0e: raises $15 to $20
cd4b6e9f: folds
55a7ca16: folds
f6e3c6d0: folds
Hero: folds
Uncalled bet ($15) returned to 9e3b1c0e
*** SHOWDOWN ***
9e3b1c0e collected $13 from pot
*** SUMMARY ***
Total pot $13
Seat 1: f6e3c6d0(big blind) folded before Flop
Seat 5: cd4b6e9f folded before Flop (didn't bet)
Seat 2: Hero folded before Flop
Seat 4: 9e3b1c0ewon ($13)
Seat 6: 55a7ca16(small blind) folded before Flop



Poker Hand #ring_824607288: NLH No Limit ($1/$2) - 2025/04/15 15:41:14
Table 'MR NLH 1/2' 7-max Seat #4 is the button
Seat 1: f6e3c6d0 ($420.48 in chips)
Seat 5: cd4b6e9f ($409.42 in chips)
Seat 2: Hero ($347.54 in chips)
Seat 4: 9e3b1c0e ($468.04 in chips)
Seat 6: 55a7ca16 ($205.66 in chips)
cd4b6e9f: posts small blind $1
55a7ca16: posts big blind $2
*** HOLE CARDS ***
Dealt to f6e3c6d0 
Dealt to cd4b6e9f 
Dealt to Hero [2h Tc]
Dealt to 9e3b1c0e 
Dealt to 55a7ca16 
f6e3c6d0: folds
Hero: folds
9e3b1c0e: folds
cd4b6e9f: raises $5 to $7
55a7ca16: folds
Uncalled bet ($5) returned to cd4b6e9f
*** SHOWDOWN ***
cd4b6e9f collected $4 from pot
*** SUMMARY ***
Total pot $4
Seat 1: f6e3c6d0 folded before Flop (didn't bet)
Seat 5: cd4b6e9f(small blind)won ($4)
Seat 2: Hero folded before Flop (didn't bet)
Seat 4: 9e3b1c0e folded before Flop (didn't bet)
Seat 6: 55a7ca16(big blind) folded before Flop



Poker Hand #ring_824605425: NLH No Limit ($1/$2) - 2025/04/15 15:39:23
Table 'MR NLH 1/2' 7-max Seat #2 is the button
Seat 7: 53b43707 ($361.16 in chips)
Seat 1: f6e3c6d0 ($399 in chips)
Seat 5: cd4b6e9f ($411.42 in chips)
Seat 2: Hero ($347.54 in chips)
Seat 4: 9e3b1c0e ($469.04 in chips)
Seat 6: 55a7ca16 ($205.66 in chips)
9e3b1c0e: posts small blind $1
cd4b6e9f: posts big blind $2
*** HOLE CARDS ***
Dealt to 53b43707 
Dealt to f6e3c6d0 
Dealt to cd4b6e9f 
Dealt to Hero [Qs 8c]
Dealt to 9e3b1c0e 
Dealt to 55a7ca16 
55a7ca16: folds
53b43707: raises $4 to $6
f6e3c6d0: raises $15 to $21
Hero: folds
9e3b1c0e: folds
cd4b6e9f: folds
53b43707: calls $15
*** FLOP *** [6h 6d Ad]
53b43707: checks
f6e3c6d0: bets $22.5
53b43707: folds
Uncalled bet ($22.5) returned to f6e3c6d0
*** SHOWDOWN ***
f6e3c6d0 collected $45 from pot
*** SUMMARY ***
Total pot $45
Board [6h 6d Ad]
Seat 7: 53b43707 folded on the Flop
Seat 1: f6e3c6d0won ($45) with Pair of Sixes
Seat 5: cd4b6e9f(big blind) folded before Flop
Seat 2: Hero folded before Flop (didn't bet)
Seat 4: 9e3b1c0e(small blind) folded before Flop
Seat 6: 55a7ca16 folded before Flop (didn't bet)



Poker Hand #ring_824604679: NLH No Limit ($1/$2) - 2025/04/15 15:38:37
Table 'MR NLH 1/2' 7-max Seat #1 is the button
Seat 7: 53b43707 ($361.16 in chips)
Seat 1: f6e3c6d0 ($399 in chips)
Seat 5: cd4b6e9f ($411.42 in chips)
Seat 2: Hero ($352.54 in chips)
Seat 4: 9e3b1c0e ($464.49 in chips)
Seat 6: 55a7ca16 ($205.66 in chips)
Hero: posts small blind $1
9e3b1c0e: posts big blind $2
*** HOLE CARDS ***
Dealt to 53b43707 
Dealt to f6e3c6d0 
Dealt to cd4b6e9f 
Dealt to Hero [Kc 7s]
Dealt to 9e3b1c0e 
Dealt to 55a7ca16 
cd4b6e9f: folds
55a7ca16: folds
53b43707: folds
f6e3c6d0: folds
Hero: raises $3 to $5
9e3b1c0e: calls $3
*** FLOP *** [Jc 9h 2c]
Hero: checks
9e3b1c0e: bets $9
Hero: folds
Uncalled bet ($9) returned to 9e3b1c0e
*** SHOWDOWN ***
9e3b1c0e collected $10 from pot
*** SUMMARY ***
Total pot $10
Board [Jc 9h 2c]
Seat 7: 53b43707 folded before Flop (didn't bet)
Seat 1: f6e3c6d0 folded before Flop (didn't bet)
Seat 5: cd4b6e9f folded before Flop (didn't bet)
Seat 2: Hero(small blind) folded on the Flop
Seat 4: 9e3b1c0e(big blind)won ($10) with Pair of Jacks
Seat 6: 55a7ca16 folded before Flop (didn't bet)



Poker Hand #ring_824603495: NLH No Limit ($1/$2) - 2025/04/15 15:37:26
Table 'MR NLH 1/2' 7-max Seat #7 is the button
Seat 7: 53b43707 ($392.16 in chips)
Seat 1: f6e3c6d0 ($400 in chips)
Seat 5: cd4b6e9f ($411.42 in chips)
Seat 2: Hero ($354.54 in chips)
Seat 4: 9e3b1c0e ($433.91 in chips)
Seat 6: 55a7ca16 ($205.66 in chips)
f6e3c6d0: posts small blind $1
Hero: posts big blind $2
*** HOLE CARDS ***
Dealt to 53b43707 
Dealt to f6e3c6d0 
Dealt to cd4b6e9f 
Dealt to Hero [2d 4h]
Dealt to 9e3b1c0e 
Dealt to 55a7ca16 
9e3b1c0e: raises $4 to $6
cd4b6e9f: folds
55a7ca16: folds
53b43707: calls $6
f6e3c6d0: folds
Hero: folds
*** FLOP *** [8h Js Jh]
9e3b1c0e: checks
53b43707: bets $7.5
9e3b1c0e: raises $17.5 to $25
53b43707: calls $17.5
*** TURN *** [8h Js Jh] [Kh]
9e3b1c0e: checks
53b43707: checks
*** RIVER *** [8h Js Jh Kh] [9h]
9e3b1c0e: checks
53b43707: checks
9e3b1c0e: shows [Ad Jc]
53b43707: shows [Ts Tc]
*** SHOWDOWN ***
9e3b1c0e collected $65 from pot
*** SUMMARY ***
Total pot $65
Board [8h Js Jh Kh 9h]
Seat 7: 53b43707 showed [Ts Tc] and lost with Pair of Jacks and Pair of Tens
Seat 1: f6e3c6d0(small blind) folded before Flop
Seat 5: cd4b6e9f folded before Flop (didn't bet)
Seat 2: Hero(big blind) folded before Flop
Seat 4: 9e3b1c0e showed [Ad Jc] and won ($65) with Three Jacks
Seat 6: 55a7ca16 folded before Flop (didn't bet)



Poker Hand #ring_824602401: NLH No Limit ($1/$2) - 2025/04/15 15:36:20
Table 'MR NLH 1/2' 7-max Seat #6 is the button
Seat 7: 53b43707 ($393.16 in chips)
Seat 1: f6e3c6d0 ($400 in chips)
Seat 5: cd4b6e9f ($411.42 in chips)
Seat 2: Hero ($354.54 in chips)
Seat 4: 9e3b1c0e ($425.58 in chips)
Seat 6: 55a7ca16 ($211.66 in chips)
53b43707: posts small blind $1
f6e3c6d0: posts big blind $2
*** HOLE CARDS ***
Dealt to 53b43707 
Dealt to f6e3c6d0 
Dealt to cd4b6e9f 
Dealt to Hero [Kc 6s]
Dealt to 9e3b1c0e 
Dealt to 55a7ca16 
Hero: folds
9e3b1c0e: raises $4 to $6
cd4b6e9f: folds
55a7ca16: calls $6
53b43707: folds
f6e3c6d0: folds
*** FLOP *** [Jc 3h Jd]
9e3b1c0e: checks
55a7ca16: checks
*** TURN *** [Jc 3h Jd] [5d]
9e3b1c0e: checks
55a7ca16: checks
*** RIVER *** [Jc 3h Jd 5d] [2d]
9e3b1c0e: bets $7.5
55a7ca16: folds
Uncalled bet ($7.5) returned to 9e3b1c0e
*** SHOWDOWN ***
9e3b1c0e collected $15 from pot
*** SUMMARY ***
Total pot $15
Board [Jc 3h Jd 5d 2d]
Seat 7: 53b43707(small blind) folded before Flop
Seat 1: f6e3c6d0(big blind) folded before Flop
Seat 5: cd4b6e9f folded before Flop (didn't bet)
Seat 2: Hero folded before Flop (didn't bet)
Seat 4: 9e3b1c0ewon ($15) with Three Jacks
Seat 6: 55a7ca16 folded on the River



Poker Hand #ring_824602098: NLH No Limit ($1/$2) - 2025/04/15 15:36:01
Table 'MR NLH 1/2' 7-max Seat #5 is the button
Seat 7: 53b43707 ($392.16 in chips)
Seat 5: cd4b6e9f ($411.42 in chips)
Seat 2: Hero ($354.54 in chips)
Seat 4: 9e3b1c0e ($425.58 in chips)
Seat 6: 55a7ca16 ($212.66 in chips)
55a7ca16: posts small blind $1
53b43707: posts big blind $2
*** HOLE CARDS ***
Dealt to 53b43707 
Dealt to cd4b6e9f 
Dealt to Hero [3c 8c]
Dealt to 9e3b1c0e 
Dealt to 55a7ca16 
Hero: folds
9e3b1c0e: folds
cd4b6e9f: folds
55a7ca16: folds
*** SHOWDOWN ***
53b43707 collected $3 from pot
*** SUMMARY ***
Total pot $3
Seat 7: 53b43707(big blind)won ($3)
Seat 5: cd4b6e9f folded before Flop (didn't bet)
Seat 2: Hero folded before Flop (didn't bet)
Seat 4: 9e3b1c0e folded before Flop (didn't bet)
Seat 6: 55a7ca16(small blind) folded before Flop



Poker Hand #ring_824600986: NLH No Limit ($1/$2) - 2025/04/15 15:34:51
Table 'MR NLH 1/2' 7-max Seat #4 is the button
Seat 7: 53b43707 ($392.16 in chips)
Seat 5: cd4b6e9f ($412.42 in chips)
Seat 2: Hero ($354.54 in chips)
Seat 4: 9e3b1c0e ($435.87 in chips)
Seat 6: 55a7ca16 ($202.84 in chips)
cd4b6e9f: posts small blind $1
55a7ca16: posts big blind $2
*** HOLE CARDS ***
Dealt to 53b43707 
Dealt to cd4b6e9f 
Dealt to Hero [Jh 6s]
Dealt to 9e3b1c0e 
Dealt to 55a7ca16 
53b43707: folds
Hero: folds
9e3b1c0e: raises $4 to $6
cd4b6e9f: folds
55a7ca16: calls $4
*** FLOP *** [2h Js 5h]
55a7ca16: checks
9e3b1c0e: bets $4.29
55a7ca16: calls $4.29
*** TURN *** [2h Js 5h] [6c]
55a7ca16: checks
9e3b1c0e: checks
*** RIVER *** [2h Js 5h 6c] [5d]
55a7ca16: bets $10.79
9e3b1c0e: folds
Uncalled bet ($10.79) returned to 55a7ca16
*** SHOWDOWN ***
55a7ca16 collected $21.58 from pot
*** SUMMARY ***
Total pot $21.58
Board [2h Js 5h 6c 5d]
Seat 7: 53b43707 folded before Flop (didn't bet)
Seat 5: cd4b6e9f(small blind) folded before Flop
Seat 2: Hero folded before Flop (didn't bet)
Seat 4: 9e3b1c0e folded on the River
Seat 6: 55a7ca16(big blind)won ($21.58) with Pair of Fives



Poker Hand #ring_824600173: NLH No Limit ($1/$2) - 2025/04/15 15:34:00
Table 'MR NLH 1/2' 7-max Seat #2 is the button
Seat 7: 53b43707 ($392.16 in chips)
Seat 5: cd4b6e9f ($427.08 in chips)
Seat 2: Hero ($354.54 in chips)
Seat 4: 9e3b1c0e ($436.87 in chips)
Seat 6: 55a7ca16 ($189.04 in chips)
9e3b1c0e: posts small blind $1
cd4b6e9f: posts big blind $2
*** HOLE CARDS ***
Dealt to 53b43707 
Dealt to cd4b6e9f 
Dealt to Hero [6d Qs]
Dealt to 9e3b1c0e 
Dealt to 55a7ca16 
55a7ca16: raises $3 to $5
53b43707: folds
Hero: folds
9e3b1c0e: folds
cd4b6e9f: calls $3
*** FLOP *** [6s Th Jh]
cd4b6e9f: checks
55a7ca16: bets $3.63
cd4b6e9f: calls $3.63
*** TURN *** [6s Th Jh] [3h]
cd4b6e9f: checks
55a7ca16: bets $6.03
cd4b6e9f: calls $6.03
*** RIVER *** [6s Th Jh 3h] [2h]
cd4b6e9f: checks
55a7ca16: bets $22.74
cd4b6e9f: folds
Uncalled bet ($22.74) returned to 55a7ca16
*** SHOWDOWN ***
55a7ca16 collected $30.32 from pot
*** SUMMARY ***
Total pot $30.32
Board [6s Th Jh 3h 2h]
Seat 7: 53b43707 folded before Flop (didn't bet)
Seat 5: cd4b6e9f(big blind) folded on the River
Seat 2: Hero folded before Flop (didn't bet)
Seat 4: 9e3b1c0e(small blind) folded before Flop
Seat 6: 55a7ca16won ($30.32) with King High Flush



Poker Hand #ring_824598685: NLH No Limit ($1/$2) - 2025/04/15 15:32:26
Table 'MR NLH 1/2' 7-max Seat #7 is the button
Seat 7: 53b43707 ($392.16 in chips)
Seat 5: cd4b6e9f ($427.08 in chips)
Seat 2: Hero ($317.5 in chips)
Seat 4: 9e3b1c0e ($478.12 in chips)
Seat 6: 55a7ca16 ($189.04 in chips)
Hero: posts small blind $1
9e3b1c0e: posts big blind $2
*** HOLE CARDS ***
Dealt to 53b43707 
Dealt to cd4b6e9f 
Dealt to Hero [Kd Qh]
Dealt to 9e3b1c0e 
Dealt to 55a7ca16 
cd4b6e9f: folds
55a7ca16: folds
53b43707: folds
Hero: raises $3 to $5
9e3b1c0e: calls $3
*** FLOP *** [Tc 6c 9s]
Hero: checks
9e3b1c0e: bets $7.5
Hero: calls $7.5
*** TURN *** [Tc 6c 9s] [Jh]
Hero: bets $28.75
9e3b1c0e: calls $28.75
*** RIVER *** [Tc 6c 9s Jh] [Kh]
Hero: bets $66
9e3b1c0e: folds
Uncalled bet ($66) returned to Hero
*** SHOWDOWN ***
Hero collected $82.5 from pot
*** SUMMARY ***
Total pot $82.5
Board [Tc 6c 9s Jh Kh]
Seat 7: 53b43707 folded before Flop (didn't bet)
Seat 5: cd4b6e9f folded before Flop (didn't bet)
Seat 2: Hero(small blind)won ($82.5) with Kings-High Straight
Seat 4: 9e3b1c0e(big blind) folded on the River
Seat 6: 55a7ca16 folded before Flop (didn't bet)



Poker Hand #ring_824598369: NLH No Limit ($1/$2) - 2025/04/15 15:32:06
Table 'MR NLH 1/2' 7-max Seat #6 is the button
Seat 7: 53b43707 ($390.16 in chips)
Seat 5: cd4b6e9f ($427.08 in chips)
Seat 2: Hero ($319.5 in chips)
Seat 4: 9e3b1c0e ($478.12 in chips)
Seat 6: 55a7ca16 ($189.04 in chips)
53b43707: posts small blind $1
Hero: posts big blind $2
*** HOLE CARDS ***
Dealt to 53b43707 
Dealt to cd4b6e9f 
Dealt to Hero [5d Th]
Dealt to 9e3b1c0e 
Dealt to 55a7ca16 
9e3b1c0e: folds
cd4b6e9f: folds
55a7ca16: folds
53b43707: raises $6 to $8
Hero: folds
Uncalled bet ($6) returned to 53b43707
*** SHOWDOWN ***
53b43707 collected $4 from pot
*** SUMMARY ***
Total pot $4
Seat 7: 53b43707(small blind)won ($4)
Seat 5: cd4b6e9f folded before Flop (didn't bet)
Seat 2: Hero(big blind) folded before Flop
Seat 4: 9e3b1c0e folded before Flop (didn't bet)
Seat 6: 55a7ca16 folded before Flop (didn't bet)



Poker Hand #ring_824597493: NLH No Limit ($1/$2) - 2025/04/15 15:31:10
Table 'MR NLH 1/2' 7-max Seat #5 is the button
Seat 7: 53b43707 ($392.16 in chips)
Seat 5: cd4b6e9f ($417.01 in chips)
Seat 2: Hero ($319.5 in chips)
Seat 4: 9e3b1c0e ($478.12 in chips)
Seat 6: 55a7ca16 ($198 in chips)
55a7ca16: posts small blind $1
53b43707: posts big blind $2
*** HOLE CARDS ***
Dealt to 53b43707 
Dealt to cd4b6e9f 
Dealt to Hero [2h Kd]
Dealt to 9e3b1c0e 
Dealt to 55a7ca16 
Hero: folds
9e3b1c0e: folds
cd4b6e9f: raises $3 to $5
55a7ca16: calls $4
53b43707: folds
*** FLOP *** [6h As 9c]
55a7ca16: checks
cd4b6e9f: bets $3.96
55a7ca16: calls $3.96
*** TURN *** [6h As 9c] [8s]
55a7ca16: checks
cd4b6e9f: bets $11
55a7ca16: folds
Uncalled bet ($11) returned to cd4b6e9f
*** SHOWDOWN ***
cd4b6e9f collected $19.92 from pot
*** SUMMARY ***
Total pot $19.92
Board [6h As 9c 8s]
Seat 7: 53b43707(big blind) folded before Flop
Seat 5: cd4b6e9fwon ($19.92) with Ace-High
Seat 2: Hero folded before Flop (didn't bet)
Seat 4: 9e3b1c0e folded before Flop (didn't bet)
Seat 6: 55a7ca16(small blind) folded on the Turn



Poker Hand #ring_824595931: NLH No Limit ($1/$2) - 2025/04/15 15:29:31
Table 'MR NLH 1/2' 7-max Seat #4 is the button
Seat 7: 53b43707 ($420.16 in chips)
Seat 1: 3360974b ($214.64 in chips)
Seat 5: cd4b6e9f ($418.01 in chips)
Seat 2: Hero ($319.5 in chips)
Seat 4: 9e3b1c0e ($253.69 in chips)
Seat 6: 55a7ca16 ($200 in chips)
cd4b6e9f: posts small blind $1
55a7ca16: posts big blind $2
*** HOLE CARDS ***
Dealt to 53b43707 
Dealt to 3360974b 
Dealt to cd4b6e9f 
Dealt to Hero [9s 5s]
Dealt to 9e3b1c0e 
Dealt to 55a7ca16 
53b43707: raises $4 to $6
3360974b: calls $6
Hero: folds
9e3b1c0e: raises $22 to $28
cd4b6e9f: folds
55a7ca16: folds
53b43707: calls $22
3360974b: raises $58 to $86
9e3b1c0e: raises $167.69 to $253.69 and is all-in
53b43707: folds
3360974b: calls $128.64 and is all-in
Uncalled bet ($39.05) returned to 9e3b1c0e
3360974b: shows [Jh Js]
9e3b1c0e: shows [Ac Ah]
*** FLOP *** [Jc 2d 6h]
*** TURN *** [Jc 2d 6h] [Ad]
*** RIVER *** [Jc 2d 6h Ad] [8h]
53b43707: shows [Tc Td]
*** SHOWDOWN ***
9e3b1c0e collected $460.28 from pot
*** SUMMARY ***
Total pot $460.28
Board [Jc 2d 6h Ad 8h]
Seat 7: 53b43707 folded before Flop
Seat 1: 3360974b showed [Jh Js] and lost with Three Jacks
Seat 5: cd4b6e9f(small blind) folded before Flop
Seat 2: Hero folded before Flop (didn't bet)
Seat 4: 9e3b1c0e showed [Ac Ah] and won ($460.28) with Three Aces
Seat 6: 55a7ca16(big blind) folded before Flop



Poker Hand #ring_824595501: NLH No Limit ($1/$2) - 2025/04/15 15:29:04
Table 'MR NLH 1/2' 7-max Seat #2 is the button
Seat 7: 53b43707 ($417.16 in chips)
Seat 1: 3360974b ($214.64 in chips)
Seat 5: cd4b6e9f ($420.01 in chips)
Seat 2: Hero ($319.5 in chips)
Seat 4: 9e3b1c0e ($254.69 in chips)
Seat 6: 55a7ca16 ($200 in chips)
9e3b1c0e: posts small blind $1
cd4b6e9f: posts big blind $2
*** HOLE CARDS ***
Dealt to 53b43707 
Dealt to 3360974b 
Dealt to cd4b6e9f 
Dealt to Hero [7c 5d]
Dealt to 9e3b1c0e 
Dealt to 55a7ca16 
55a7ca16: folds
53b43707: raises $4 to $6
3360974b: folds
Hero: folds
9e3b1c0e: folds
cd4b6e9f: folds
Uncalled bet ($4) returned to 53b43707
*** SHOWDOWN ***
53b43707 collected $5 from pot
*** SUMMARY ***
Total pot $5
Seat 7: 53b43707won ($5)
Seat 1: 3360974b folded before Flop (didn't bet)
Seat 5: cd4b6e9f(big blind) folded before Flop
Seat 2: Hero folded before Flop (didn't bet)
Seat 4: 9e3b1c0e(small blind) folded before Flop
Seat 6: 55a7ca16 folded before Flop (didn't bet)



Poker Hand #ring_824594809: NLH No Limit ($1/$2) - 2025/04/15 15:28:18
Table 'MR NLH 1/2' 7-max Seat #1 is the button
Seat 7: 53b43707 ($417.16 in chips)
Seat 1: 3360974b ($214.64 in chips)
Seat 5: cd4b6e9f ($420.01 in chips)
Seat 2: Hero ($320.5 in chips)
Seat 4: 9e3b1c0e ($256.69 in chips)
Seat 6: 55a7ca16 ($197 in chips)
Hero: posts small blind $1
9e3b1c0e: posts big blind $2
*** HOLE CARDS ***
Dealt to 53b43707 
Dealt to 3360974b 
Dealt to cd4b6e9f 
Dealt to Hero [5s 3d]
Dealt to 9e3b1c0e 
Dealt to 55a7ca16 
cd4b6e9f: folds
55a7ca16: raises $3 to $5
53b43707: folds
3360974b: folds
Hero: folds
9e3b1c0e: folds
Uncalled bet ($3) returned to 55a7ca16
*** SHOWDOWN ***
55a7ca16 collected $5 from pot
*** SUMMARY ***
Total pot $5
Seat 7: 53b43707 folded before Flop (didn't bet)
Seat 1: 3360974b folded before Flop (didn't bet)
Seat 5: cd4b6e9f folded before Flop (didn't bet)
Seat 2: Hero(small blind) folded before Flop
Seat 4: 9e3b1c0e(big blind) folded before Flop
Seat 6: 55a7ca16won ($5)



Poker Hand #ring_824593838: NLH No Limit ($1/$2) - 2025/04/15 15:27:15
Table 'MR NLH 1/2' 7-max Seat #7 is the button
Seat 7: 53b43707 ($429.1 in chips)
Seat 1: 3360974b ($198.54 in chips)
Seat 5: cd4b6e9f ($420.01 in chips)
Seat 2: Hero ($326.5 in chips)
Seat 4: 9e3b1c0e ($256.69 in chips)
Seat 6: 55a7ca16 ($197 in chips)
3360974b: posts small blind $1
Hero: posts big blind $2
*** HOLE CARDS ***
Dealt to 53b43707 
Dealt to 3360974b 
Dealt to cd4b6e9f 
Dealt to Hero [7c Kh]
Dealt to 9e3b1c0e 
Dealt to 55a7ca16 
9e3b1c0e: folds
cd4b6e9f: folds
55a7ca16: folds
53b43707: raises $4 to $6
3360974b: calls $5
Hero: calls $4
*** FLOP *** [Qs 8c 6s]
3360974b: checks
Hero: checks
53b43707: bets $5.94
3360974b: raises $14.06 to $20
Hero: folds
53b43707: folds
Uncalled bet ($14.06) returned to 3360974b
*** SHOWDOWN ***
3360974b collected $29.88 from pot
*** SUMMARY ***
Total pot $29.88
Board [Qs 8c 6s]
Seat 7: 53b43707 folded on the Flop
Seat 1: 3360974b(small blind)won ($29.88) with Queen-High
Seat 5: cd4b6e9f folded before Flop (didn't bet)
Seat 2: Hero(big blind) folded on the Flop
Seat 4: 9e3b1c0e folded before Flop (didn't bet)
Seat 6: 55a7ca16 folded before Flop (didn't bet)



Poker Hand #ring_824593307: NLH No Limit ($1/$2) - 2025/04/15 15:26:41
Table 'MR NLH 1/2' 7-max Seat #6 is the button
Seat 7: 53b43707 ($421.1 in chips)
Seat 3: bdf7135f ($402 in chips)
Seat 1: 3360974b ($200.54 in chips)
Seat 5: cd4b6e9f ($420.01 in chips)
Seat 2: Hero ($326.5 in chips)
Seat 4: 9e3b1c0e ($262.69 in chips)
Seat 6: 55a7ca16 ($197 in chips)
53b43707: posts small blind $1
3360974b: posts big blind $2
*** HOLE CARDS ***
Dealt to 53b43707 
Dealt to bdf7135f 
Dealt to 3360974b 
Dealt to cd4b6e9f 
Dealt to Hero [8d 5c]
Dealt to 9e3b1c0e 
Dealt to 55a7ca16 
Hero: folds
bdf7135f: folds
9e3b1c0e: raises $4 to $6
cd4b6e9f: folds
55a7ca16: folds
53b43707: raises $14 to $20
3360974b: folds
9e3b1c0e: folds
Uncalled bet ($14) returned to 53b43707
*** SHOWDOWN ***
53b43707 collected $14 from pot
*** SUMMARY ***
Total pot $14
Seat 7: 53b43707(small blind)won ($14)
Seat 3: bdf7135f folded before Flop (didn't bet)
Seat 1: 3360974b(big blind) folded before Flop
Seat 5: cd4b6e9f folded before Flop (didn't bet)
Seat 2: Hero folded before Flop (didn't bet)
Seat 4: 9e3b1c0e folded before Flop
Seat 6: 55a7ca16 folded before Flop (didn't bet)



Poker Hand #ring_824592856: NLH No Limit ($1/$2) - 2025/04/15 15:26:13
Table 'MR NLH 1/2' 7-max Seat #5 is the button
Seat 7: 53b43707 ($423.1 in chips)
Seat 3: bdf7135f ($402 in chips)
Seat 1: 3360974b ($200.54 in chips)
Seat 5: cd4b6e9f ($420.01 in chips)
Seat 2: Hero ($326.5 in chips)
Seat 4: 9e3b1c0e ($259.69 in chips)
Seat 6: 55a7ca16 ($198 in chips)
55a7ca16: posts small blind $1
53b43707: posts big blind $2
*** HOLE CARDS ***
Dealt to 53b43707 
Dealt to bdf7135f 
Dealt to 3360974b 
Dealt to cd4b6e9f 
Dealt to Hero [5s Kd]
Dealt to 9e3b1c0e 
Dealt to 55a7ca16 
3360974b: folds
Hero: folds
bdf7135f: folds
9e3b1c0e: raises $4 to $6
cd4b6e9f: folds
55a7ca16: folds
53b43707: folds
Uncalled bet ($4) returned to 9e3b1c0e
*** SHOWDOWN ***
9e3b1c0e collected $5 from pot
*** SUMMARY ***
Total pot $5
Seat 7: 53b43707(big blind) folded before Flop
Seat 3: bdf7135f folded before Flop (didn't bet)
Seat 1: 3360974b folded before Flop (didn't bet)
Seat 5: cd4b6e9f folded before Flop (didn't bet)
Seat 2: Hero folded before Flop (didn't bet)
Seat 4: 9e3b1c0ewon ($5)
Seat 6: 55a7ca16(small blind) folded before Flop



Poker Hand #ring_824592129: NLH No Limit ($1/$2) - 2025/04/15 15:25:27
Table 'MR NLH 1/2' 7-max Seat #4 is the button
Seat 7: 53b43707 ($423.1 in chips)
Seat 3: bdf7135f ($402 in chips)
Seat 1: 3360974b ($200.54 in chips)
Seat 5: cd4b6e9f ($418.19 in chips)
Seat 2: Hero ($326.5 in chips)
Seat 4: 9e3b1c0e ($259.69 in chips)
Seat 6: 55a7ca16 ($200 in chips)
cd4b6e9f: posts small blind $1
55a7ca16: posts big blind $2
*** HOLE CARDS ***
Dealt to 53b43707 
Dealt to bdf7135f 
Dealt to 3360974b 
Dealt to cd4b6e9f 
Dealt to Hero [Ts 3s]
Dealt to 9e3b1c0e 
Dealt to 55a7ca16 
53b43707: folds
3360974b: folds
Hero: folds
bdf7135f: folds
9e3b1c0e: folds
cd4b6e9f: calls $1
55a7ca16: checks
*** FLOP *** [7d 2c 8s]
cd4b6e9f: checks
55a7ca16: checks
*** TURN *** [7d 2c 8s] [8h]
cd4b6e9f: checks
55a7ca16: checks
*** RIVER *** [7d 2c 8s 8h] [2s]
cd4b6e9f: checks
55a7ca16: checks
cd4b6e9f: shows [Jd 3d]
55a7ca16: shows [4s Tc]
*** SHOWDOWN ***
cd4b6e9f collected $4 from pot
*** SUMMARY ***
Total pot $4
Board [7d 2c 8s 8h 2s]
Seat 7: 53b43707 folded before Flop (didn't bet)
Seat 3: bdf7135f folded before Flop (didn't bet)
Seat 1: 3360974b folded before Flop (didn't bet)
Seat 5: cd4b6e9f(small blind) showed [Jd 3d] and won ($4) with Pair of Eights and Pair of Twos
Seat 2: Hero folded before Flop (didn't bet)
Seat 4: 9e3b1c0e folded before Flop (didn't bet)
Seat 6: 55a7ca16(big blind) showed [4s Tc] and lost with Pair of Eights and Pair of Twos



Poker Hand #ring_824591461: NLH No Limit ($1/$2) - 2025/04/15 15:24:45
Table 'MR NLH 1/2' 7-max Seat #3 is the button
Seat 7: 53b43707 ($423.1 in chips)
Seat 3: bdf7135f ($399 in chips)
Seat 1: 3360974b ($200.54 in chips)
Seat 5: cd4b6e9f ($420.19 in chips)
Seat 2: Hero ($326.5 in chips)
Seat 4: 9e3b1c0e ($260.69 in chips)
9e3b1c0e: posts small blind $1
cd4b6e9f: posts big blind $2
*** HOLE CARDS ***
Dealt to 53b43707 
Dealt to bdf7135f 
Dealt to 3360974b 
Dealt to cd4b6e9f 
Dealt to Hero [Ks 3c]
Dealt to 9e3b1c0e 
53b43707: folds
3360974b: folds
Hero: folds
bdf7135f: raises $4 to $6
9e3b1c0e: folds
cd4b6e9f: folds
Uncalled bet ($4) returned to bdf7135f
*** SHOWDOWN ***
bdf7135f collected $5 from pot
*** SUMMARY ***
Total pot $5
Seat 7: 53b43707 folded before Flop (didn't bet)
Seat 3: bdf7135fwon ($5)
Seat 1: 3360974b folded before Flop (didn't bet)
Seat 5: cd4b6e9f(big blind) folded before Flop
Seat 2: Hero folded before Flop (didn't bet)
Seat 4: 9e3b1c0e(small blind) folded before Flop



Poker Hand #ring_824590373: NLH No Limit ($1/$2) - 2025/04/15 15:23:38
Table 'MR NLH 1/2' 7-max Seat #2 is the button
Seat 7: 53b43707 ($423.1 in chips)
Seat 3: bdf7135f ($400 in chips)
Seat 6: 4410e2b1 ($256.45 in chips)
Seat 1: 3360974b ($200.54 in chips)
Seat 5: cd4b6e9f ($420.19 in chips)
Seat 2: Hero ($326.5 in chips)
Seat 4: 9e3b1c0e ($252 in chips)
bdf7135f: posts small blind $1
9e3b1c0e: posts big blind $2
*** HOLE CARDS ***
Dealt to 53b43707 
Dealt to bdf7135f 
Dealt to 4410e2b1 
Dealt to 3360974b 
Dealt to cd4b6e9f 
Dealt to Hero [6s 5d]
Dealt to 9e3b1c0e 
cd4b6e9f: folds
4410e2b1: raises $2 to $4
53b43707: folds
3360974b: folds
Hero: folds
bdf7135f: folds
9e3b1c0e: calls $2
*** FLOP *** [4h Qs 3d]
9e3b1c0e: checks
4410e2b1: bets $4.5
9e3b1c0e: calls $4.5
*** TURN *** [4h Qs 3d] [8d]
9e3b1c0e: checks
4410e2b1: checks
*** RIVER *** [4h Qs 3d 8d] [9h]
9e3b1c0e: bets $13.5
4410e2b1: folds
Uncalled bet ($13.5) returned to 9e3b1c0e
*** SHOWDOWN ***
9e3b1c0e collected $18 from pot
*** SUMMARY ***
Total pot $18
Board [4h Qs 3d 8d 9h]
Seat 7: 53b43707 folded before Flop (didn't bet)
Seat 3: bdf7135f(small blind) folded before Flop
Seat 6: 4410e2b1 folded on the River
Seat 1: 3360974b folded before Flop (didn't bet)
Seat 5: cd4b6e9f folded before Flop (didn't bet)
Seat 2: Hero folded before Flop (didn't bet)
Seat 4: 9e3b1c0e(big blind)won ($18) with Queen-High



Poker Hand #ring_824589328: NLH No Limit ($1/$2) - 2025/04/15 15:22:30
Table 'MR NLH 1/2' 7-max Seat #1 is the button
Seat 7: 53b43707 ($423.1 in chips)
Seat 3: bdf7135f ($400 in chips)
Seat 6: 4410e2b1 ($256.45 in chips)
Seat 1: 3360974b ($209.83 in chips)
Seat 5: cd4b6e9f ($409.37 in chips)
Seat 2: Hero ($327.5 in chips)
Hero: posts small blind $1
bdf7135f: posts big blind $2
*** HOLE CARDS ***
Dealt to 53b43707 
Dealt to bdf7135f 
Dealt to 4410e2b1 
Dealt to 3360974b 
Dealt to cd4b6e9f 
Dealt to Hero [8h 7d]
cd4b6e9f: raises $3 to $5
4410e2b1: folds
53b43707: folds
3360974b: calls $5
Hero: folds
bdf7135f: folds
*** FLOP *** [2s Kd Tc]
cd4b6e9f: bets $4.29
3360974b: calls $4.29
*** TURN *** [2s Kd Tc] [4s]
cd4b6e9f: bets $10.79
3360974b: folds
Uncalled bet ($10.79) returned to cd4b6e9f
*** SHOWDOWN ***
cd4b6e9f collected $21.58 from pot
*** SUMMARY ***
Total pot $21.58
Board [2s Kd Tc 4s]
Seat 7: 53b43707 folded before Flop (didn't bet)
Seat 3: bdf7135f(big blind) folded before Flop
Seat 6: 4410e2b1 folded before Flop (didn't bet)
Seat 1: 3360974b folded on the Turn
Seat 5: cd4b6e9fwon ($21.58) with King-High
Seat 2: Hero(small blind) folded before Flop



Poker Hand #ring_824587620: NLH No Limit ($1/$2) - 2025/04/15 15:20:39
Table 'MR NLH 1/2' 7-max Seat #7 is the button
Seat 7: 53b43707 ($336.74 in chips)
Seat 3: bdf7135f ($400 in chips)
Seat 6: 4410e2b1 ($264.45 in chips)
Seat 1: 3360974b ($210.83 in chips)
Seat 5: cd4b6e9f ($409.37 in chips)
Seat 2: Hero ($413.5 in chips)
3360974b: posts small blind $1
Hero: posts big blind $2
*** HOLE CARDS ***
Dealt to 53b43707 
Dealt to bdf7135f 
Dealt to 4410e2b1 
Dealt to 3360974b 
Dealt to cd4b6e9f 
Dealt to Hero [As Kh]
bdf7135f: folds
cd4b6e9f: folds
4410e2b1: raises $6 to $8
53b43707: calls $8
3360974b: folds
Hero: raises $24 to $32
4410e2b1: folds
53b43707: calls $24
*** FLOP *** [Td Ac Kd]
Hero: bets $24
53b43707: calls $24
*** TURN *** [Td Ac Kd] [Jh]
Hero: bets $30
53b43707: raises $250.74 to $280.74 and is all-in
Hero: folds
Uncalled bet ($250.74) returned to 53b43707
4410e2b1: shows [Ad Th]
*** SHOWDOWN ***
53b43707 collected $181 from pot
*** SUMMARY ***
Total pot $181
Board [Td Ac Kd Jh]
Seat 7: 53b43707won ($181) with Aces-High Straight
Seat 3: bdf7135f folded before Flop (didn't bet)
Seat 6: 4410e2b1 folded before Flop
Seat 1: 3360974b(small blind) folded before Flop
Seat 5: cd4b6e9f folded before Flop (didn't bet)
Seat 2: Hero(big blind) folded on the Turn



Poker Hand #ring_824587175: NLH No Limit ($1/$2) - 2025/04/15 15:20:10
Table 'MR NLH 1/2' 7-max Seat #6 is the button
Seat 7: 53b43707 ($337.74 in chips)
Seat 3: bdf7135f ($400 in chips)
Seat 6: 4410e2b1 ($264.45 in chips)
Seat 1: 3360974b ($212.83 in chips)
Seat 5: cd4b6e9f ($401.37 in chips)
Seat 2: Hero ($418.5 in chips)
53b43707: posts small blind $1
3360974b: posts big blind $2
*** HOLE CARDS ***
Dealt to 53b43707 
Dealt to bdf7135f 
Dealt to 4410e2b1 
Dealt to 3360974b 
Dealt to cd4b6e9f 
Dealt to Hero [Qh 8h]
Hero: raises $3 to $5
bdf7135f: folds
cd4b6e9f: raises $10 to $15
4410e2b1: folds
53b43707: folds
3360974b: folds
Hero: folds
Uncalled bet ($10) returned to cd4b6e9f
*** SHOWDOWN ***
cd4b6e9f collected $13 from pot
*** SUMMARY ***
Total pot $13
Seat 7: 53b43707(small blind) folded before Flop
Seat 3: bdf7135f folded before Flop (didn't bet)
Seat 6: 4410e2b1 folded before Flop (didn't bet)
Seat 1: 3360974b(big blind) folded before Flop
Seat 5: cd4b6e9fwon ($13)
Seat 2: Hero folded before Flop



Poker Hand #ring_824586454: NLH No Limit ($1/$2) - 2025/04/15 15:19:24
Table 'MR NLH 1/2' 7-max Seat #5 is the button
Seat 7: 53b43707 ($331.32 in chips)
Seat 3: bdf7135f ($400 in chips)
Seat 6: 4410e2b1 ($265.45 in chips)
Seat 1: 3360974b ($212.83 in chips)
Seat 5: cd4b6e9f ($401.37 in chips)
Seat 2: Hero ($418.5 in chips)
Seat 4: beca13c1 ($128 in chips)
4410e2b1: posts small blind $1
53b43707: posts big blind $2
*** HOLE CARDS ***
Dealt to 53b43707 
Dealt to bdf7135f 
Dealt to 4410e2b1 
Dealt to 3360974b 
Dealt to cd4b6e9f 
Dealt to Hero [8c 6s]
Dealt to beca13c1 
3360974b: folds
Hero: folds
bdf7135f: folds
beca13c1: raises $4 to $6
cd4b6e9f: folds
4410e2b1: folds
53b43707: calls $4
*** FLOP *** [5s 4h 5h]
53b43707: checks
beca13c1: checks
*** TURN *** [5s 4h 5h] [3h]
53b43707: checks
beca13c1: checks
*** RIVER *** [5s 4h 5h 3h] [Qc]
53b43707: bets $16
beca13c1: folds
Uncalled bet ($16) returned to 53b43707
*** SHOWDOWN ***
53b43707 collected $13 from pot
*** SUMMARY ***
Total pot $13
Board [5s 4h 5h 3h Qc]
Seat 7: 53b43707(big blind)won ($13) with Seven High Flush
Seat 3: bdf7135f folded before Flop (didn't bet)
Seat 6: 4410e2b1(small blind) folded before Flop
Seat 1: 3360974b folded before Flop (didn't bet)
Seat 5: cd4b6e9f folded before Flop (didn't bet)
Seat 2: Hero folded before Flop (didn't bet)
Seat 4: beca13c1 folded on the River



Poker Hand #ring_824586006: NLH No Limit ($1/$2) - 2025/04/15 15:18:54
Table 'MR NLH 1/2' 7-max Seat #4 is the button
Seat 7: 53b43707 ($331.32 in chips)
Seat 3: bdf7135f ($400 in chips)
Seat 6: 4410e2b1 ($267.45 in chips)
Seat 1: 3360974b ($209.83 in chips)
Seat 5: cd4b6e9f ($402.37 in chips)
Seat 2: Hero ($418.5 in chips)
Seat 4: beca13c1 ($128 in chips)
cd4b6e9f: posts small blind $1
4410e2b1: posts big blind $2
*** HOLE CARDS ***
Dealt to 53b43707 
Dealt to bdf7135f 
Dealt to 4410e2b1 
Dealt to 3360974b 
Dealt to cd4b6e9f 
Dealt to Hero [7h Th]
Dealt to beca13c1 
53b43707: folds
3360974b: raises $6 to $8
Hero: folds
bdf7135f: folds
beca13c1: folds
cd4b6e9f: folds
4410e2b1: folds
Uncalled bet ($6) returned to 3360974b
*** SHOWDOWN ***
3360974b collected $5 from pot
*** SUMMARY ***
Total pot $5
Seat 7: 53b43707 folded before Flop (didn't bet)
Seat 3: bdf7135f folded before Flop (didn't bet)
Seat 6: 4410e2b1(big blind) folded before Flop
Seat 1: 3360974bwon ($5)
Seat 5: cd4b6e9f(small blind) folded before Flop
Seat 2: Hero folded before Flop (didn't bet)
Seat 4: beca13c1 folded before Flop (didn't bet)



Poker Hand #ring_824585118: NLH No Limit ($1/$2) - 2025/04/15 15:17:55
Table 'MR NLH 1/2' 7-max Seat #3 is the button
Seat 7: 53b43707 ($319.17 in chips)
Seat 3: bdf7135f ($399 in chips)
Seat 6: 4410e2b1 ($267.45 in chips)
Seat 1: 3360974b ($209.83 in chips)
Seat 5: cd4b6e9f ($408.37 in chips)
Seat 2: Hero ($418.5 in chips)
Seat 4: beca13c1 ($129 in chips)
beca13c1: posts small blind $1
cd4b6e9f: posts big blind $2
*** HOLE CARDS ***
Dealt to 53b43707 
Dealt to bdf7135f 
Dealt to 4410e2b1 
Dealt to 3360974b 
Dealt to cd4b6e9f 
Dealt to Hero [9s Jh]
Dealt to beca13c1 
4410e2b1: folds
53b43707: raises $4 to $6
3360974b: folds
Hero: folds
bdf7135f: calls $6
beca13c1: folds
cd4b6e9f: calls $4
*** FLOP *** [6d 8c Qs]
cd4b6e9f: checks
53b43707: bets $14
bdf7135f: folds
cd4b6e9f: folds
Uncalled bet ($14) returned to 53b43707
*** SHOWDOWN ***
53b43707 collected $19 from pot
*** SUMMARY ***
Total pot $19
Board [6d 8c Qs]
Seat 7: 53b43707won ($19) with Pair of Eights and Pair of Sixes
Seat 3: bdf7135f folded on the Flop
Seat 6: 4410e2b1 folded before Flop (didn't bet)
Seat 1: 3360974b folded before Flop (didn't bet)
Seat 5: cd4b6e9f(big blind) folded on the Flop
Seat 2: Hero folded before Flop (didn't bet)
Seat 4: beca13c1(small blind) folded before Flop



Poker Hand #ring_824584570: NLH No Limit ($1/$2) - 2025/04/15 15:17:18
Table 'MR NLH 1/2' 7-max Seat #2 is the button
Seat 7: 53b43707 ($319.17 in chips)
Seat 3: bdf7135f ($400 in chips)
Seat 6: 4410e2b1 ($273.45 in chips)
Seat 1: 3360974b ($201.55 in chips)
Seat 5: cd4b6e9f ($408.37 in chips)
Seat 2: Hero ($418.5 in chips)
Seat 4: beca13c1 ($131 in chips)
bdf7135f: posts small blind $1
beca13c1: posts big blind $2
3360974b: posts big blind $2
3360974b: posts small blind $1
*** HOLE CARDS ***
Dealt to 53b43707 
Dealt to bdf7135f 
Dealt to 4410e2b1 
Dealt to 3360974b 
Dealt to cd4b6e9f 
Dealt to Hero [Ah 7s]
Dealt to beca13c1 
cd4b6e9f: folds
4410e2b1: calls $2
53b43707: folds
3360974b: raises $4 to $6
Hero: folds
bdf7135f: folds
beca13c1: folds
4410e2b1: calls $4
*** FLOP *** [9h Qs Jd]
4410e2b1: checks
3360974b: bets $8
4410e2b1: folds
Uncalled bet ($8) returned to 3360974b
*** SHOWDOWN ***
3360974b collected $16 from pot
*** SUMMARY ***
Total pot $15
Board [9h Qs Jd]
Seat 7: 53b43707 folded before Flop (didn't bet)
Seat 3: bdf7135f(small blind) folded before Flop
Seat 6: 4410e2b1 folded on the Flop
Seat 1: 3360974bwon ($16) with Queens-High Straight
Seat 5: cd4b6e9f folded before Flop (didn't bet)
Seat 2: Hero folded before Flop (didn't bet)
Seat 4: beca13c1(big blind) folded before Flop



Poker Hand #ring_824583245: NLH No Limit ($1/$2) - 2025/04/15 15:15:48
Table 'MR NLH 1/2' 7-max Seat #7 is the button
Seat 7: 53b43707 ($319.17 in chips)
Seat 3: bdf7135f ($400 in chips)
Seat 6: 4410e2b1 ($273.45 in chips)
Seat 5: cd4b6e9f ($408.37 in chips)
Seat 2: Hero ($335.19 in chips)
Seat 4: beca13c1 ($221 in chips)
Hero: posts small blind $1
bdf7135f: posts big blind $2
*** HOLE CARDS ***
Dealt to 53b43707 
Dealt to bdf7135f 
Dealt to 4410e2b1 
Dealt to cd4b6e9f 
Dealt to Hero [5h Ah]
Dealt to beca13c1 
beca13c1: raises $4 to $6
cd4b6e9f: folds
4410e2b1: folds
53b43707: folds
Hero: calls $5
bdf7135f: folds
*** FLOP *** [5s Qs 2c]
Hero: checks
beca13c1: checks
*** TURN *** [5s Qs 2c] [Tc]
Hero: checks
beca13c1: bets $10.5
Hero: calls $10.5
*** RIVER *** [5s Qs 2c Tc] [5d]
Hero: checks
beca13c1: bets $17.5
Hero: raises $56 to $73.5
beca13c1: calls $56
Hero: shows [5h Ah]
beca13c1: shows [As Th]
*** SHOWDOWN ***
Hero collected $182 from pot
*** SUMMARY ***
Total pot $182
Board [5s Qs 2c Tc 5d]
Seat 7: 53b43707 folded before Flop (didn't bet)
Seat 3: bdf7135f(big blind) folded before Flop
Seat 6: 4410e2b1 folded before Flop (didn't bet)
Seat 5: cd4b6e9f folded before Flop (didn't bet)
Seat 2: Hero(small blind) showed [5h Ah] and won ($182) with Three Fives
Seat 4: beca13c1 showed [As Th] and lost with Pair of Tens and Pair of Fives



Poker Hand #ring_824582450: NLH No Limit ($1/$2) - 2025/04/15 15:14:51
Table 'MR NLH 1/2' 7-max Seat #6 is the button
Seat 7: 53b43707 ($349.17 in chips)
Seat 3: bdf7135f ($400 in chips)
Seat 6: 4410e2b1 ($273.45 in chips)
Seat 5: cd4b6e9f ($408.37 in chips)
Seat 2: Hero ($308.39 in chips)
Seat 4: beca13c1 ($221 in chips)
53b43707: posts small blind $1
Hero: posts big blind $2
*** HOLE CARDS ***
Dealt to 53b43707 
Dealt to bdf7135f 
Dealt to 4410e2b1 
Dealt to cd4b6e9f 
Dealt to Hero [Kc Jh]
Dealt to beca13c1 
bdf7135f: folds
beca13c1: folds
cd4b6e9f: folds
4410e2b1: folds
53b43707: raises $4 to $6
Hero: calls $4
*** FLOP *** [Qd Ts 4h]
53b43707: bets $6
Hero: calls $6
*** TURN *** [Qd Ts 4h] [Th]
53b43707: bets $18
Hero: raises $36 to $54
53b43707: folds
Uncalled bet ($36) returned to Hero
*** SHOWDOWN ***
Hero collected $60 from pot
*** SUMMARY ***
Total pot $60
Board [Qd Ts 4h Th]
Seat 7: 53b43707(small blind) folded on the Turn
Seat 3: bdf7135f folded before Flop (didn't bet)
Seat 6: 4410e2b1 folded before Flop (didn't bet)
Seat 5: cd4b6e9f folded before Flop (didn't bet)
Seat 2: Hero(big blind)won ($60) with Pair of Tens
Seat 4: beca13c1 folded before Flop (didn't bet)



Poker Hand #ring_824581956: NLH No Limit ($1/$2) - 2025/04/15 15:14:16
Table 'MR NLH 1/2' 7-max Seat #5 is the button
Seat 7: 53b43707 ($351.17 in chips)
Seat 3: bdf7135f ($400 in chips)
Seat 6: 4410e2b1 ($274.45 in chips)
Seat 1: 3360974b ($201.55 in chips)
Seat 5: cd4b6e9f ($405.37 in chips)
Seat 2: Hero ($308.39 in chips)
Seat 4: beca13c1 ($221 in chips)
4410e2b1: posts small blind $1
53b43707: posts big blind $2
*** HOLE CARDS ***
Dealt to 53b43707 
Dealt to bdf7135f 
Dealt to 4410e2b1 
Dealt to 3360974b 
Dealt to cd4b6e9f 
Dealt to Hero [4c 3d]
Dealt to beca13c1 
3360974b: folds
Hero: folds
bdf7135f: folds
beca13c1: folds
cd4b6e9f: raises $3 to $5
4410e2b1: folds
53b43707: folds
Uncalled bet ($3) returned to cd4b6e9f
*** SHOWDOWN ***
cd4b6e9f collected $5 from pot
*** SUMMARY ***
Total pot $5
Seat 7: 53b43707(big blind) folded before Flop
Seat 3: bdf7135f folded before Flop (didn't bet)
Seat 6: 4410e2b1(small blind) folded before Flop
Seat 1: 3360974b folded before Flop (didn't bet)
Seat 5: cd4b6e9fwon ($5)
Seat 2: Hero folded before Flop (didn't bet)
Seat 4: beca13c1 folded before Flop (didn't bet)



Poker Hand #ring_824580974: NLH No Limit ($1/$2) - 2025/04/15 15:13:08
Table 'MR NLH 1/2' 7-max Seat #4 is the button
Seat 7: 53b43707 ($351.17 in chips)
Seat 3: bdf7135f ($402 in chips)
Seat 6: 4410e2b1 ($276.45 in chips)
Seat 1: 3360974b ($201.55 in chips)
Seat 5: cd4b6e9f ($398 in chips)
Seat 2: Hero ($308.39 in chips)
Seat 4: beca13c1 ($221 in chips)
cd4b6e9f: posts small blind $1
4410e2b1: posts big blind $2
*** HOLE CARDS ***
Dealt to 53b43707 
Dealt to bdf7135f 
Dealt to 4410e2b1 
Dealt to 3360974b 
Dealt to cd4b6e9f 
Dealt to Hero [Ad 3s]
Dealt to beca13c1 
53b43707: folds
3360974b: folds
Hero: folds
bdf7135f: raises $4 to $6
beca13c1: folds
cd4b6e9f: calls $5
4410e2b1: folds
*** FLOP *** [Qh Td Ts]
cd4b6e9f: checks
bdf7135f: checks
*** TURN *** [Qh Td Ts] [9c]
cd4b6e9f: checks
bdf7135f: checks
*** RIVER *** [Qh Td Ts 9c] [4h]
cd4b6e9f: checks
bdf7135f: checks
bdf7135f: shows [As 5s]
cd4b6e9f: shows [9d Jd]
*** SHOWDOWN ***
cd4b6e9f collected $14 from pot
*** SUMMARY ***
Total pot $14
Board [Qh Td Ts 9c 4h]
Seat 7: 53b43707 folded before Flop (didn't bet)
Seat 3: bdf7135f showed [As 5s] and lost with Pair of Tens
Seat 6: 4410e2b1(big blind) folded before Flop
Seat 1: 3360974b folded before Flop (didn't bet)
Seat 5: cd4b6e9f(small blind) showed [9d Jd] and won ($14) with Pair of Tens and Pair of Nines
Seat 2: Hero folded before Flop (didn't bet)
Seat 4: beca13c1 folded before Flop (didn't bet)



Poker Hand #ring_824580564: NLH No Limit ($1/$2) - 2025/04/15 15:12:38
Table 'MR NLH 1/2' 7-max Seat #3 is the button
Seat 7: 53b43707 ($340.61 in chips)
Seat 3: bdf7135f ($402 in chips)
Seat 6: 4410e2b1 ($285.45 in chips)
Seat 1: 3360974b ($201.55 in chips)
Seat 5: cd4b6e9f ($400 in chips)
Seat 2: Hero ($308.39 in chips)
Seat 4: beca13c1 ($222 in chips)
beca13c1: posts small blind $1
cd4b6e9f: posts big blind $2
*** HOLE CARDS ***
Dealt to 53b43707 
Dealt to bdf7135f 
Dealt to 4410e2b1 
Dealt to 3360974b 
Dealt to cd4b6e9f 
Dealt to Hero [Tc Kd]
Dealt to beca13c1 
4410e2b1: calls $2
53b43707: raises $7 to $9
3360974b: folds
Hero: folds
bdf7135f: folds
beca13c1: folds
cd4b6e9f: folds
4410e2b1: calls $7
*** FLOP *** [Jd 6d 6s]
4410e2b1: checks
53b43707: bets $10.5
4410e2b1: folds
Uncalled bet ($10.5) returned to 53b43707
*** SHOWDOWN ***
53b43707 collected $21 from pot
*** SUMMARY ***
Total pot $21
Board [Jd 6d 6s]
Seat 7: 53b43707won ($21) with Pair of Sixes and Pair of Fours
Seat 3: bdf7135f folded before Flop (didn't bet)
Seat 6: 4410e2b1 folded on the Flop
Seat 1: 3360974b folded before Flop (didn't bet)
Seat 5: cd4b6e9f(big blind) folded before Flop
Seat 2: Hero folded before Flop (didn't bet)
Seat 4: beca13c1(small blind) folded before Flop



Poker Hand #ring_824579838: NLH No Limit ($1/$2) - 2025/04/15 15:11:49
Table 'MR NLH 1/2' 7-max Seat #2 is the button
Seat 7: 53b43707 ($423.11 in chips)
Seat 3: bdf7135f ($403 in chips)
Seat 6: 4410e2b1 ($206.1 in chips)
Seat 1: 3360974b ($203.55 in chips)
Seat 5: cd4b6e9f ($260.17 in chips)
Seat 2: Hero ($308.39 in chips)
Seat 4: beca13c1 ($224 in chips)
bdf7135f: posts small blind $1
beca13c1: posts big blind $2
3360974b: posts big blind $2
*** HOLE CARDS ***
Dealt to 53b43707 
Dealt to bdf7135f 
Dealt to 4410e2b1 
Dealt to 3360974b 
Dealt to cd4b6e9f 
Dealt to Hero [9c 5c]
Dealt to beca13c1 
cd4b6e9f: folds
4410e2b1: raises $4 to $6
53b43707: raises $12.75 to $18.75
3360974b: folds
Hero: folds
bdf7135f: folds
beca13c1: folds
4410e2b1: calls $12.75
*** FLOP *** [Ts 8s 5d]
4410e2b1: checks
53b43707: bets $21.25
4410e2b1: calls $21.25
*** TURN *** [Ts 8s 5d] [Kd]
4410e2b1: checks
53b43707: checks
*** RIVER *** [Ts 8s 5d Kd] [2c]
4410e2b1: bets $42.5
53b43707: calls $42.5
4410e2b1: shows [Qs Kh]
53b43707: shows [6c Kc]
*** SHOWDOWN ***
4410e2b1 collected $170 from pot
*** SUMMARY ***
Total pot $170
Board [Ts 8s 5d Kd 2c]
Seat 7: 53b43707 showed [6c Kc] and lost with Pair of Kings
Seat 3: bdf7135f(small blind) folded before Flop
Seat 6: 4410e2b1 showed [Qs Kh] and won ($170) with Pair of Kings
Seat 1: 3360974b folded before Flop
Seat 5: cd4b6e9f folded before Flop (didn't bet)
Seat 2: Hero folded before Flop (didn't bet)
Seat 4: beca13c1(big blind) folded before Flop



Poker Hand #ring_824578065: NLH No Limit ($1/$2) - 2025/04/15 15:09:45
Table 'MR NLH 1/2' 7-max Seat #7 is the button
Seat 7: 53b43707 ($423.11 in chips)
Seat 3: bdf7135f ($405 in chips)
Seat 6: 4410e2b1 ($253.85 in chips)
Seat 5: cd4b6e9f ($307.92 in chips)
Seat 2: Hero ($217.92 in chips)
Seat 4: beca13c1 ($224 in chips)
Hero: posts small blind $1
bdf7135f: posts big blind $2
*** HOLE CARDS ***
Dealt to 53b43707 
Dealt to bdf7135f 
Dealt to 4410e2b1 
Dealt to cd4b6e9f 
Dealt to Hero [2d 3d]
Dealt to beca13c1 
beca13c1: folds
cd4b6e9f: raises $3 to $5
4410e2b1: calls $5
53b43707: folds
Hero: calls $4
bdf7135f: folds
*** FLOP *** [Js 9d 4d]
Hero: checks
cd4b6e9f: checks
4410e2b1: bets $12.75
Hero: calls $12.75
cd4b6e9f: calls $12.75
*** TURN *** [Js 9d 4d] [Kd]
Hero: checks
cd4b6e9f: checks
4410e2b1: checks
*** RIVER *** [Js 9d 4d Kd] [Qs]
Hero: checks
cd4b6e9f: bets $30
4410e2b1: calls $30
Hero: raises $72.63 to $102.63
cd4b6e9f: folds
4410e2b1: folds
Uncalled bet ($72.63) returned to Hero
4410e2b1: shows [Ts]
*** SHOWDOWN ***
Hero collected $145.25 from pot
*** SUMMARY ***
Total pot $145.25
Board [Js 9d 4d Kd Qs]
Seat 7: 53b43707 folded before Flop (didn't bet)
Seat 3: bdf7135f(big blind) folded before Flop
Seat 6: 4410e2b1 folded on the River
Seat 5: cd4b6e9f folded on the River
Seat 2: Hero(small blind)won ($145.25) with King High Flush
Seat 4: beca13c1 folded before Flop (didn't bet)



Poker Hand #ring_824577734: NLH No Limit ($1/$2) - 2025/04/15 15:09:22
Table 'MR NLH 1/2' 7-max Seat #6 is the button
Seat 7: 53b43707 ($419.11 in chips)
Seat 3: bdf7135f ($405 in chips)
Seat 6: 4410e2b1 ($255.85 in chips)
Seat 5: cd4b6e9f ($307.92 in chips)
Seat 2: Hero ($219.92 in chips)
Seat 4: beca13c1 ($224 in chips)
53b43707: posts small blind $1
Hero: posts big blind $2
*** HOLE CARDS ***
Dealt to 53b43707 
Dealt to bdf7135f 
Dealt to 4410e2b1 
Dealt to cd4b6e9f 
Dealt to Hero [Kh Tc]
Dealt to beca13c1 
bdf7135f: folds
beca13c1: folds
cd4b6e9f: folds
4410e2b1: calls $2
53b43707: raises $8 to $10
Hero: folds
4410e2b1: folds
Uncalled bet ($8) returned to 53b43707
*** SHOWDOWN ***
53b43707 collected $6 from pot
*** SUMMARY ***
Total pot $6
Seat 7: 53b43707(small blind)won ($6)
Seat 3: bdf7135f folded before Flop (didn't bet)
Seat 6: 4410e2b1 folded before Flop
Seat 5: cd4b6e9f folded before Flop (didn't bet)
Seat 2: Hero(big blind) folded before Flop
Seat 4: beca13c1 folded before Flop (didn't bet)



Poker Hand #ring_824577254: NLH No Limit ($1/$2) - 2025/04/15 15:08:50
Table 'MR NLH 1/2' 7-max Seat #5 is the button
Seat 7: 53b43707 ($421.11 in chips)
Seat 3: bdf7135f ($400 in chips)
Seat 6: 4410e2b1 ($256.85 in chips)
Seat 5: cd4b6e9f ($307.92 in chips)
Seat 2: Hero ($219.92 in chips)
Seat 4: beca13c1 ($226 in chips)
4410e2b1: posts small blind $1
53b43707: posts big blind $2
beca13c1: posts big blind $2
*** HOLE CARDS ***
Dealt to 53b43707 
Dealt to bdf7135f 
Dealt to 4410e2b1 
Dealt to cd4b6e9f 
Dealt to Hero [4s Jd]
Dealt to beca13c1 
Hero: folds
bdf7135f: raises $4 to $6
beca13c1: folds
cd4b6e9f: folds
4410e2b1: folds
53b43707: folds
Uncalled bet ($4) returned to bdf7135f
*** SHOWDOWN ***
bdf7135f collected $7 from pot
*** SUMMARY ***
Total pot $7
Seat 7: 53b43707(big blind) folded before Flop
Seat 3: bdf7135fwon ($7)
Seat 6: 4410e2b1(small blind) folded before Flop
Seat 5: cd4b6e9f folded before Flop (didn't bet)
Seat 2: Hero folded before Flop (didn't bet)
Seat 4: beca13c1 folded before Flop



Poker Hand #ring_824575967: NLH No Limit ($1/$2) - 2025/04/15 15:07:21
Table 'MR NLH 1/2' 7-max Seat #3 is the button
Seat 7: 53b43707 ($469.11 in chips)
Seat 3: bdf7135f ($400 in chips)
Seat 6: 4410e2b1 ($258.85 in chips)
Seat 5: cd4b6e9f ($308.92 in chips)
Seat 2: Hero ($173.87 in chips)
cd4b6e9f: posts small blind $1
4410e2b1: posts big blind $2
*** HOLE CARDS ***
Dealt to 53b43707 
Dealt to bdf7135f 
Dealt to 4410e2b1 
Dealt to cd4b6e9f 
Dealt to Hero [Qd Qs]
53b43707: raises $4 to $6
Hero: raises $17.25 to $23.25
bdf7135f: folds
cd4b6e9f: folds
4410e2b1: folds
53b43707: calls $17.25
*** FLOP *** [8s Tc 7s]
53b43707: checks
Hero: bets $24.75
53b43707: calls $24.75
*** TURN *** [8s Tc 7s] [7h]
53b43707: checks
Hero: bets $125.87 and is all-in
53b43707: folds
Uncalled bet ($125.87) returned to Hero
*** SHOWDOWN ***
Hero collected $99 from pot
*** SUMMARY ***
Total pot $99
Board [8s Tc 7s 7h]
Seat 7: 53b43707 folded on the Turn
Seat 3: bdf7135f folded before Flop (didn't bet)
Seat 6: 4410e2b1(big blind) folded before Flop
Seat 5: cd4b6e9f(small blind) folded before Flop
Seat 2: Herowon ($99) with Pair of Queens and Pair of Sevens



Poker Hand #ring_824575556: NLH No Limit ($1/$2) - 2025/04/15 15:06:54
Table 'MR NLH 1/2' 7-max Seat #2 is the button
Seat 7: 53b43707 ($469.11 in chips)
Seat 3: bdf7135f ($400 in chips)
Seat 6: 4410e2b1 ($258.85 in chips)
Seat 5: cd4b6e9f ($302.92 in chips)
Seat 2: Hero ($173.87 in chips)
bdf7135f: posts small blind $1
cd4b6e9f: posts big blind $2
*** HOLE CARDS ***
Dealt to 53b43707 
Dealt to bdf7135f 
Dealt to 4410e2b1 
Dealt to cd4b6e9f 
Dealt to Hero [Td 7c]
4410e2b1: folds
53b43707: folds
Hero: folds
bdf7135f: raises $4 to $6
cd4b6e9f: raises $12 to $18
bdf7135f: folds
Uncalled bet ($12) returned to cd4b6e9f
*** SHOWDOWN ***
cd4b6e9f collected $12 from pot
*** SUMMARY ***
Total pot $12
Seat 7: 53b43707 folded before Flop (didn't bet)
Seat 3: bdf7135f(small blind) folded before Flop
Seat 6: 4410e2b1 folded before Flop (didn't bet)
Seat 5: cd4b6e9f(big blind)won ($12)
Seat 2: Hero folded before Flop (didn't bet)



Poker Hand #ring_824575011: NLH No Limit ($1/$2) - 2025/04/15 15:06:16
Table 'MR NLH 1/2' 7-max Seat #0 is the button
Seat 7: 53b43707 ($461.74 in chips)
Seat 3: bdf7135f ($400 in chips)
Seat 6: 4410e2b1 ($258.85 in chips)
Seat 5: cd4b6e9f ($302.92 in chips)
Seat 2: Hero ($179.87 in chips)
Hero: posts small blind $1
bdf7135f: posts big blind $2
*** HOLE CARDS ***
Dealt to 53b43707 
Dealt to bdf7135f 
Dealt to 4410e2b1 
Dealt to cd4b6e9f 
Dealt to Hero [Ah 8h]
cd4b6e9f: folds
4410e2b1: folds
53b43707: raises $4 to $6
Hero: calls $5
bdf7135f: folds
*** FLOP *** [Kc Ac Qc]
Hero: checks
53b43707: bets $10.5
Hero: folds
Uncalled bet ($10.5) returned to 53b43707
*** SHOWDOWN ***
53b43707 collected $14 from pot
*** SUMMARY ***
Total pot $14
Board [Kc Ac Qc]
Seat 7: 53b43707won ($14) with Ace High Flush
Seat 3: bdf7135f(big blind) folded before Flop
Seat 6: 4410e2b1 folded before Flop (didn't bet)
Seat 5: cd4b6e9f folded before Flop (didn't bet)
Seat 2: Hero(small blind) folded on the Flop



Poker Hand #ring_824573849: NLH No Limit ($1/$2) - 2025/04/15 15:04:56
Table 'MR NLH 1/2' 7-max Seat #7 is the button
Seat 7: 53b43707 ($344.49 in chips)
Seat 3: bdf7135f ($399 in chips)
Seat 6: 4410e2b1 ($258.85 in chips)
Seat 5: cd4b6e9f ($423.92 in chips)
Seat 2: Hero ($181.87 in chips)
Hero: posts big blind $2
*** HOLE CARDS ***
Dealt to 53b43707 
Dealt to bdf7135f 
Dealt to 4410e2b1 
Dealt to cd4b6e9f 
Dealt to Hero [5c 8d]
bdf7135f: raises $4 to $6
cd4b6e9f: calls $6
4410e2b1: folds
53b43707: raises $15 to $21
Hero: folds
bdf7135f: folds
cd4b6e9f: calls $15
*** FLOP *** [3d 4c 7d]
cd4b6e9f: checks
53b43707: checks
*** TURN *** [3d 4c 7d] [Tc]
cd4b6e9f: bets $25
53b43707: calls $25
*** RIVER *** [3d 4c 7d Tc] [8c]
cd4b6e9f: checks
53b43707: bets $75
cd4b6e9f: calls $75
cd4b6e9f: shows [6s 6c]
53b43707: shows [6d 9d]
*** SHOWDOWN ***
53b43707 collected $250 from pot
*** SUMMARY ***
Total pot $250
Board [3d 4c 7d Tc 8c]
Seat 7: 53b43707 showed [6d 9d] and won ($250) with Tens-High Straight
Seat 3: bdf7135f folded before Flop
Seat 6: 4410e2b1 folded before Flop (didn't bet)
Seat 5: cd4b6e9f showed [6s 6c] and lost with Pair of Sixes
Seat 2: Hero(big blind) folded before Flop



Poker Hand #ring_824573152: NLH No Limit ($1/$2) - 2025/04/15 15:04:08
Table 'MR NLH 1/2' 7-max Seat #6 is the button
Seat 1: c1a53500 ($133.81 in chips)
Seat 7: 53b43707 ($312 in chips)
Seat 3: bdf7135f ($399 in chips)
Seat 6: 4410e2b1 ($289.85 in chips)
Seat 5: cd4b6e9f ($426.92 in chips)
Seat 2: Hero ($181.87 in chips)
53b43707: posts small blind $1
c1a53500: posts big blind $2
cd4b6e9f: posts big blind $2
cd4b6e9f: posts small blind $1
*** HOLE CARDS ***
Dealt to c1a53500 
Dealt to 53b43707 
Dealt to bdf7135f 
Dealt to 4410e2b1 
Dealt to cd4b6e9f 
Dealt to Hero [Qc 6s]
Hero: folds
bdf7135f: folds
cd4b6e9f: checks
4410e2b1: raises $7 to $9
53b43707: raises $22 to $31
c1a53500: folds
cd4b6e9f: folds
4410e2b1: calls $22
*** FLOP *** [2h 2d 4h]
53b43707: bets $30
4410e2b1: folds
Uncalled bet ($30) returned to 53b43707
*** SHOWDOWN ***
53b43707 collected $67 from pot
*** SUMMARY ***
Total pot $66
Board [2h 2d 4h]
Seat 1: c1a53500(big blind) folded before Flop
Seat 7: 53b43707(small blind)won ($67) with Pair of Twos
Seat 3: bdf7135f folded before Flop (didn't bet)
Seat 6: 4410e2b1 folded on the Flop
Seat 5: cd4b6e9f folded before Flop
Seat 2: Hero folded before Flop (didn't bet)



Poker Hand #ring_824572353: NLH No Limit ($1/$2) - 2025/04/15 15:03:12
Table 'MR NLH 1/2' 7-max Seat #4 is the button
Seat 1: c1a53500 ($133.81 in chips)
Seat 7: 53b43707 ($344 in chips)
Seat 4: 4c758d8a ($48.59 in chips)
Seat 3: bdf7135f ($399 in chips)
Seat 6: 4410e2b1 ($261.23 in chips)
Seat 2: Hero ($181.87 in chips)
4410e2b1: posts small blind $1
53b43707: posts big blind $2
*** HOLE CARDS ***
Dealt to c1a53500 
Dealt to 53b43707 
Dealt to 4c758d8a 
Dealt to bdf7135f 
Dealt to 4410e2b1 
Dealt to Hero [6s Qh]
c1a53500: folds
Hero: folds
bdf7135f: folds
4c758d8a: folds
4410e2b1: raises $6 to $8
53b43707: calls $6
*** FLOP *** [3h Jd 7h]
4410e2b1: bets $8
53b43707: calls $8
*** TURN *** [3h Jd 7h] [6h]
4410e2b1: bets $16
53b43707: calls $16
*** RIVER *** [3h Jd 7h 6h] [Jc]
4410e2b1: bets $16
53b43707: folds
Uncalled bet ($16) returned to 4410e2b1
*** SHOWDOWN ***
4410e2b1 collected $64 from pot
*** SUMMARY ***
Total pot $64
Board [3h Jd 7h 6h Jc]
Seat 1: c1a53500 folded before Flop (didn't bet)
Seat 7: 53b43707(big blind) folded on the River
Seat 4: 4c758d8a folded before Flop (didn't bet)
Seat 3: bdf7135f folded before Flop (didn't bet)
Seat 6: 4410e2b1(small blind)won ($64) with Pair of Jacks and Pair of Eights
Seat 2: Hero folded before Flop (didn't bet)



Poker Hand #ring_824571906: NLH No Limit ($1/$2) - 2025/04/15 15:02:42
Table 'MR NLH 1/2' 7-max Seat #3 is the button
Seat 1: c1a53500 ($130.81 in chips)
Seat 7: 53b43707 ($344 in chips)
Seat 4: 4c758d8a ($49.59 in chips)
Seat 3: bdf7135f ($399 in chips)
Seat 6: 4410e2b1 ($263.23 in chips)
Seat 2: Hero ($181.87 in chips)
4c758d8a: posts small blind $1
4410e2b1: posts big blind $2
*** HOLE CARDS ***
Dealt to c1a53500 
Dealt to 53b43707 
Dealt to 4c758d8a 
Dealt to bdf7135f 
Dealt to 4410e2b1 
Dealt to Hero [Js Th]
53b43707: folds
c1a53500: raises $6 to $8
Hero: folds
bdf7135f: folds
4c758d8a: folds
4410e2b1: folds
Uncalled bet ($6) returned to c1a53500
*** SHOWDOWN ***
c1a53500 collected $5 from pot
*** SUMMARY ***
Total pot $5
Seat 1: c1a53500won ($5)
Seat 7: 53b43707 folded before Flop (didn't bet)
Seat 4: 4c758d8a(small blind) folded before Flop
Seat 3: bdf7135f folded before Flop (didn't bet)
Seat 6: 4410e2b1(big blind) folded before Flop
Seat 2: Hero folded before Flop (didn't bet)



Poker Hand #ring_824571486: NLH No Limit ($1/$2) - 2025/04/15 15:02:14
Table 'MR NLH 1/2' 7-max Seat #2 is the button
Seat 1: c1a53500 ($130.81 in chips)
Seat 7: 53b43707 ($344 in chips)
Seat 4: 4c758d8a ($51.59 in chips)
Seat 3: bdf7135f ($400 in chips)
Seat 6: 4410e2b1 ($253.08 in chips)
Seat 2: Hero ($189.87 in chips)
bdf7135f: posts small blind $1
4c758d8a: posts big blind $2
*** HOLE CARDS ***
Dealt to c1a53500 
Dealt to 53b43707 
Dealt to 4c758d8a 
Dealt to bdf7135f 
Dealt to 4410e2b1 
Dealt to Hero [7d 7s]
4410e2b1: raises $6 to $8
53b43707: folds
c1a53500: folds
Hero: calls $8
bdf7135f: folds
4c758d8a: folds
*** FLOP *** [Qs 6c Ts]
4410e2b1: bets $19
Hero: folds
Uncalled bet ($19) returned to 4410e2b1
*** SHOWDOWN ***
4410e2b1 collected $19 from pot
*** SUMMARY ***
Total pot $19
Board [Qs 6c Ts]
Seat 1: c1a53500 folded before Flop (didn't bet)
Seat 7: 53b43707 folded before Flop (didn't bet)
Seat 4: 4c758d8a(big blind) folded before Flop
Seat 3: bdf7135f(small blind) folded before Flop
Seat 6: 4410e2b1won ($19) with Pair of Kings
Seat 2: Hero folded on the Flop



Poker Hand #ring_824570955: NLH No Limit ($1/$2) - 2025/04/15 15:01:36
Table 'MR NLH 1/2' 7-max Seat #1 is the button
Seat 1: c1a53500 ($143.41 in chips)
Seat 7: 53b43707 ($344 in chips)
Seat 4: 4c758d8a ($51.59 in chips)
Seat 3: bdf7135f ($400 in chips)
Seat 6: 4410e2b1 ($234.47 in chips)
Seat 5: cd4b6e9f ($426.92 in chips)
Seat 2: Hero ($195.87 in chips)
Hero: posts small blind $1
bdf7135f: posts big blind $2
*** HOLE CARDS ***
Dealt to c1a53500 
Dealt to 53b43707 
Dealt to 4c758d8a 
Dealt to bdf7135f 
Dealt to 4410e2b1 
Dealt to cd4b6e9f 
Dealt to Hero [Qd Kd]
4c758d8a: folds
cd4b6e9f: folds
4410e2b1: raises $4 to $6
53b43707: folds
c1a53500: calls $6
Hero: calls $5
bdf7135f: folds
*** FLOP *** [6h Tc 8h]
Hero: checks
4410e2b1: bets $6.6
c1a53500: calls $6.6
Hero: folds
*** TURN *** [6h Tc 8h] [5s]
4410e2b1: bets $10.95
c1a53500: folds
Uncalled bet ($10.95) returned to 4410e2b1
*** SHOWDOWN ***
4410e2b1 collected $33.2 from pot
*** SUMMARY ***
Total pot $33.2
Board [6h Tc 8h 5s]
Seat 1: c1a53500 folded on the Turn
Seat 7: 53b43707 folded before Flop (didn't bet)
Seat 4: 4c758d8a folded before Flop (didn't bet)
Seat 3: bdf7135f(big blind) folded before Flop
Seat 6: 4410e2b1won ($33.2) with Ace-High
Seat 5: cd4b6e9f folded before Flop (didn't bet)
Seat 2: Hero(small blind) folded on the Flop



Poker Hand #ring_824569905: NLH No Limit ($1/$2) - 2025/04/15 15:00:22
Table 'MR NLH 1/2' 7-max Seat #7 is the button
Seat 1: c1a53500 ($144.41 in chips)
Seat 7: 53b43707 ($401 in chips)
Seat 4: 4c758d8a ($51.59 in chips)
Seat 6: 4410e2b1 ($180.23 in chips)
Seat 5: cd4b6e9f ($426.92 in chips)
Seat 2: Hero ($197.87 in chips)
c1a53500: posts small blind $1
Hero: posts big blind $2
*** HOLE CARDS ***
Dealt to c1a53500 
Dealt to 53b43707 
Dealt to 4c758d8a 
Dealt to 4410e2b1 
Dealt to cd4b6e9f 
Dealt to Hero [7s 8d]
4c758d8a: folds
cd4b6e9f: folds
4410e2b1: raises $4 to $6
53b43707: raises $12 to $18
c1a53500: folds
Hero: folds
4410e2b1: calls $12
*** FLOP *** [5c 8c 9d]
4410e2b1: checks
53b43707: checks
*** TURN *** [5c 8c 9d] [4d]
4410e2b1: bets $39
53b43707: calls $39
*** RIVER *** [5c 8c 9d 4d] [9c]
4410e2b1: bets $117
53b43707: folds
Uncalled bet ($117) returned to 4410e2b1
*** SHOWDOWN ***
4410e2b1 collected $117 from pot
*** SUMMARY ***
Total pot $117
Board [5c 8c 9d 4d 9c]
Seat 1: c1a53500(small blind) folded before Flop
Seat 7: 53b43707 folded on the River
Seat 4: 4c758d8a folded before Flop (didn't bet)
Seat 6: 4410e2b1won ($117) with Nines-High Straight
Seat 5: cd4b6e9f folded before Flop (didn't bet)
Seat 2: Hero(big blind) folded before Flop



Poker Hand #ring_824569570: NLH No Limit ($1/$2) - 2025/04/15 14:59:58
Table 'MR NLH 1/2' 7-max Seat #6 is the button
Seat 1: c1a53500 ($146.41 in chips)
Seat 7: 53b43707 ($402 in chips)
Seat 4: 4c758d8a ($48.59 in chips)
Seat 6: 4410e2b1 ($180.23 in chips)
Seat 5: cd4b6e9f ($426.92 in chips)
Seat 2: Hero ($197.87 in chips)
53b43707: posts small blind $1
c1a53500: posts big blind $2
*** HOLE CARDS ***
Dealt to c1a53500 
Dealt to 53b43707 
Dealt to 4c758d8a 
Dealt to 4410e2b1 
Dealt to cd4b6e9f 
Dealt to Hero [6c 2s]
Hero: folds
4c758d8a: raises $46.59 to $48.59 and is all-in
cd4b6e9f: folds
4410e2b1: folds
53b43707: folds
c1a53500: folds
Uncalled bet ($46.59) returned to 4c758d8a
*** SHOWDOWN ***
4c758d8a collected $5 from pot
*** SUMMARY ***
Total pot $5
Seat 1: c1a53500(big blind) folded before Flop
Seat 7: 53b43707(small blind) folded before Flop
Seat 4: 4c758d8awon ($5)
Seat 6: 4410e2b1 folded before Flop (didn't bet)
Seat 5: cd4b6e9f folded before Flop (didn't bet)
Seat 2: Hero folded before Flop (didn't bet)



Poker Hand #ring_824569064: NLH No Limit ($1/$2) - 2025/04/15 14:59:21
Table 'MR NLH 1/2' 7-max Seat #5 is the button
Seat 1: c1a53500 ($103.52 in chips)
Seat 7: 53b43707 ($404 in chips)
Seat 4: 4c758d8a ($48.59 in chips)
Seat 3: 7a736fd2 ($44.53 in chips)
Seat 6: 4410e2b1 ($181.23 in chips)
Seat 5: cd4b6e9f ($426.92 in chips)
Seat 2: Hero ($197.87 in chips)
4410e2b1: posts small blind $1
53b43707: posts big blind $2
c1a53500: posts big blind $2
*** HOLE CARDS ***
Dealt to c1a53500 
Dealt to 53b43707 
Dealt to 4c758d8a 
Dealt to 7a736fd2 
Dealt to 4410e2b1 
Dealt to cd4b6e9f 
Dealt to Hero [2h 5d]
c1a53500: checks
Hero: folds
7a736fd2: raises $42.53 to $44.53 and is all-in
4c758d8a: folds
cd4b6e9f: folds
4410e2b1: folds
53b43707: folds
c1a53500: calls $42.53
c1a53500: shows [Kh Jh]
7a736fd2: shows [4d 4c]
*** FLOP *** [Js 8d 8h]
*** TURN *** [Js 8d 8h] [7d]
*** RIVER *** [Js 8d 8h 7d] [7s]
*** SHOWDOWN ***
c1a53500 collected $92.06 from pot
*** SUMMARY ***
Total pot $92.06
Board [Js 8d 8h 7d 7s]
Seat 1: c1a53500 showed [Kh Jh] and won ($92.06) with Pair of Jacks and Pair of Eights
Seat 7: 53b43707(big blind) folded before Flop
Seat 4: 4c758d8a folded before Flop (didn't bet)
Seat 3: 7a736fd2 showed [4d 4c] and lost with Pair of Eights and Pair of Sevens
Seat 6: 4410e2b1(small blind) folded before Flop
Seat 5: cd4b6e9f folded before Flop (didn't bet)
Seat 2: Hero folded before Flop (didn't bet)



Poker Hand #ring_824568007: NLH No Limit ($1/$2) - 2025/04/15 14:58:02
Table 'MR NLH 1/2' 7-max Seat #4 is the button
Seat 7: 53b43707 ($404 in chips)
Seat 4: 4c758d8a ($94.05 in chips)
Seat 3: 7a736fd2 ($54.53 in chips)
Seat 6: 4410e2b1 ($183.23 in chips)
Seat 5: cd4b6e9f ($374.59 in chips)
Seat 2: Hero ($197.87 in chips)
cd4b6e9f: posts small blind $1
4410e2b1: posts big blind $2
*** HOLE CARDS ***
Dealt to 53b43707 
Dealt to 4c758d8a 
Dealt to 7a736fd2 
Dealt to 4410e2b1 
Dealt to cd4b6e9f 
Dealt to Hero [Ts 3c]
53b43707: folds
Hero: folds
7a736fd2: calls $2
4c758d8a: calls $2
cd4b6e9f: raises $8 to $10
4410e2b1: folds
7a736fd2: calls $8
4c758d8a: calls $8
*** FLOP *** [Kc Jc 7c]
cd4b6e9f: checks
7a736fd2: checks
4c758d8a: bets $10.56
cd4b6e9f: raises $24.9 to $35.46
7a736fd2: folds
4c758d8a: calls $24.9
*** TURN *** [Kc Jc 7c] [4s]
cd4b6e9f: bets $60
4c758d8a: folds
Uncalled bet ($60) returned to cd4b6e9f
*** SHOWDOWN ***
cd4b6e9f collected $102.92 from pot
*** SUMMARY ***
Total pot $102.92
Board [Kc Jc 7c 4s]
Seat 7: 53b43707 folded before Flop (didn't bet)
Seat 4: 4c758d8a folded on the Turn
Seat 3: 7a736fd2 folded on the Flop
Seat 6: 4410e2b1(big blind) folded before Flop
Seat 5: cd4b6e9f(small blind)won ($102.92) with Pair of Fours
Seat 2: Hero folded before Flop (didn't bet)



Poker Hand #ring_824567685: NLH No Limit ($1/$2) - 2025/04/15 14:57:40
Table 'MR NLH 1/2' 7-max Seat #3 is the button
Seat 7: 53b43707 ($410 in chips)
Seat 4: 4c758d8a ($95.05 in chips)
Seat 3: 7a736fd2 ($45.53 in chips)
Seat 6: 4410e2b1 ($183.23 in chips)
Seat 5: cd4b6e9f ($376.59 in chips)
Seat 2: Hero ($197.87 in chips)
4c758d8a: posts small blind $1
cd4b6e9f: posts big blind $2
*** HOLE CARDS ***
Dealt to 53b43707 
Dealt to 4c758d8a 
Dealt to 7a736fd2 
Dealt to 4410e2b1 
Dealt to cd4b6e9f 
Dealt to Hero [5d As]
4410e2b1: folds
53b43707: raises $4 to $6
Hero: folds
7a736fd2: raises $39.53 to $45.53 and is all-in
4c758d8a: folds
cd4b6e9f: folds
53b43707: folds
Uncalled bet ($39.53) returned to 7a736fd2
*** SHOWDOWN ***
7a736fd2 collected $15 from pot
*** SUMMARY ***
Total pot $15
Seat 7: 53b43707 folded before Flop
Seat 4: 4c758d8a(small blind) folded before Flop
Seat 3: 7a736fd2won ($15)
Seat 6: 4410e2b1 folded before Flop (didn't bet)
Seat 5: cd4b6e9f(big blind) folded before Flop
Seat 2: Hero folded before Flop (didn't bet)



Poker Hand #ring_824565725: NLH No Limit ($1/$2) - 2025/04/15 14:55:22
Table 'MR NLH 1/2' 7-max Seat #2 is the button
Seat 1: 9b11c919 ($105.52 in chips)
Seat 7: 53b43707 ($410 in chips)
Seat 4: 4c758d8a ($103.05 in chips)
Seat 3: 7a736fd2 ($66.53 in chips)
Seat 6: 4410e2b1 ($183.23 in chips)
Seat 5: cd4b6e9f ($376.59 in chips)
Seat 2: Hero ($169.71 in chips)
7a736fd2: posts small blind $1
4c758d8a: posts big blind $2
*** HOLE CARDS ***
Dealt to 9b11c919 
Dealt to 53b43707 
Dealt to 4c758d8a 
Dealt to 7a736fd2 
Dealt to 4410e2b1 
Dealt to cd4b6e9f 
Dealt to Hero [4h 4c]
cd4b6e9f: folds
4410e2b1: folds
53b43707: folds
9b11c919: calls $2
Hero: raises $6 to $8
7a736fd2: calls $7
4c758d8a: calls $6
9b11c919: folds
*** FLOP *** [4s 2h Qc]
7a736fd2: checks
4c758d8a: checks
Hero: checks
*** TURN *** [4s 2h Qc] [6s]
7a736fd2: checks
4c758d8a: checks
Hero: bets $13
7a736fd2: calls $13
4c758d8a: folds
*** RIVER *** [4s 2h Qc 6s] [Kc]
7a736fd2: checks
Hero: bets $52
7a736fd2: folds
Uncalled bet ($52) returned to Hero
*** SHOWDOWN ***
Hero collected $52 from pot
*** SUMMARY ***
Total pot $52
Board [4s 2h Qc 6s Kc]
Seat 1: 9b11c919 folded before Flop
Seat 7: 53b43707 folded before Flop (didn't bet)
Seat 4: 4c758d8a(big blind) folded on the Turn
Seat 3: 7a736fd2(small blind) folded on the River
Seat 6: 4410e2b1 folded before Flop (didn't bet)
Seat 5: cd4b6e9f folded before Flop (didn't bet)
Seat 2: Herowon ($52) with Three Fours



Poker Hand #ring_824564804: NLH No Limit ($1/$2) - 2025/04/15 14:54:16
Table 'MR NLH 1/2' 7-max Seat #1 is the button
Seat 1: 9b11c919 ($105.52 in chips)
Seat 7: 53b43707 ($410 in chips)
Seat 4: 4c758d8a ($115.05 in chips)
Seat 3: 7a736fd2 ($131.74 in chips)
Seat 6: 4410e2b1 ($183.23 in chips)
Seat 5: cd4b6e9f ($305.33 in chips)
Seat 2: Hero ($170.71 in chips)
Hero: posts small blind $1
7a736fd2: posts big blind $2
*** HOLE CARDS ***
Dealt to 9b11c919 
Dealt to 53b43707 
Dealt to 4c758d8a 
Dealt to 7a736fd2 
Dealt to 4410e2b1 
Dealt to cd4b6e9f 
Dealt to Hero [Qd 6d]
4c758d8a: raises $2 to $4
cd4b6e9f: raises $8 to $12
4410e2b1: folds
53b43707: folds
9b11c919: folds
Hero: folds
7a736fd2: calls $10
4c758d8a: calls $8
*** FLOP *** [Qc 8s 2s]
7a736fd2: checks
4c758d8a: checks
cd4b6e9f: bets $12.21
7a736fd2: calls $12.21
4c758d8a: folds
*** TURN *** [Qc 8s 2s] [3c]
7a736fd2: checks
cd4b6e9f: bets $41
7a736fd2: calls $41
*** RIVER *** [Qc 8s 2s 3c] [5s]
7a736fd2: checks
cd4b6e9f: bets $71.71
7a736fd2: folds
Uncalled bet ($71.71) returned to cd4b6e9f
*** SHOWDOWN ***
cd4b6e9f collected $143.42 from pot
*** SUMMARY ***
Total pot $143.42
Board [Qc 8s 2s 3c 5s]
Seat 1: 9b11c919 folded before Flop (didn't bet)
Seat 7: 53b43707 folded before Flop (didn't bet)
Seat 4: 4c758d8a folded on the Flop
Seat 3: 7a736fd2(big blind) folded on the River
Seat 6: 4410e2b1 folded before Flop (didn't bet)
Seat 5: cd4b6e9fwon ($143.42) with King High Flush
Seat 2: Hero(small blind) folded before Flop



Poker Hand #ring_824564291: NLH No Limit ($1/$2) - 2025/04/15 14:53:40
Table 'MR NLH 1/2' 7-max Seat #7 is the button
Seat 1: 9b11c919 ($113.52 in chips)
Seat 7: 53b43707 ($410 in chips)
Seat 4: 4c758d8a ($92.99 in chips)
Seat 6: 4410e2b1 ($191.23 in chips)
Seat 5: cd4b6e9f ($305.33 in chips)
Seat 2: Hero ($178.71 in chips)
9b11c919: posts small blind $1
Hero: posts big blind $2
*** HOLE CARDS ***
Dealt to 9b11c919 
Dealt to 53b43707 
Dealt to 4c758d8a 
Dealt to 4410e2b1 
Dealt to cd4b6e9f 
Dealt to Hero [Tc 9s]
4c758d8a: calls $2
cd4b6e9f: folds
4410e2b1: raises $6 to $8
53b43707: folds
9b11c919: calls $7
Hero: calls $6
4c758d8a: calls $6
*** FLOP *** [7s Qd Qh]
9b11c919: checks
Hero: checks
4c758d8a: bets $16
4410e2b1: folds
9b11c919: folds
Hero: folds
Uncalled bet ($16) returned to 4c758d8a
*** SHOWDOWN ***
4c758d8a collected $32 from pot
*** SUMMARY ***
Total pot $32
Board [7s Qd Qh]
Seat 1: 9b11c919(small blind) folded on the Flop
Seat 7: 53b43707 folded before Flop (didn't bet)
Seat 4: 4c758d8awon ($32) with Pair of Queens and Pair of Sevens
Seat 6: 4410e2b1 folded on the Flop
Seat 5: cd4b6e9f folded before Flop (didn't bet)
Seat 2: Hero(big blind) folded on the Flop



Poker Hand #ring_824563901: NLH No Limit ($1/$2) - 2025/04/15 14:53:13
Table 'MR NLH 1/2' 7-max Seat #6 is the button
Seat 1: 9b11c919 ($115.52 in chips)
Seat 7: 53b43707 ($411 in chips)
Seat 4: 4c758d8a ($89.99 in chips)
Seat 6: 4410e2b1 ($191.23 in chips)
Seat 5: cd4b6e9f ($305.33 in chips)
Seat 2: Hero ($178.71 in chips)
53b43707: posts small blind $1
9b11c919: posts big blind $2
*** HOLE CARDS ***
Dealt to 9b11c919 
Dealt to 53b43707 
Dealt to 4c758d8a 
Dealt to 4410e2b1 
Dealt to cd4b6e9f 
Dealt to Hero [3h 9s]
Hero: folds
4c758d8a: raises $6 to $8
cd4b6e9f: folds
4410e2b1: folds
53b43707: folds
9b11c919: folds
Uncalled bet ($6) returned to 4c758d8a
*** SHOWDOWN ***
4c758d8a collected $5 from pot
*** SUMMARY ***
Total pot $5
Seat 1: 9b11c919(big blind) folded before Flop
Seat 7: 53b43707(small blind) folded before Flop
Seat 4: 4c758d8awon ($5)
Seat 6: 4410e2b1 folded before Flop (didn't bet)
Seat 5: cd4b6e9f folded before Flop (didn't bet)
Seat 2: Hero folded before Flop (didn't bet)



Poker Hand #ring_824563432: NLH No Limit ($1/$2) - 2025/04/15 14:52:40
Table 'MR NLH 1/2' 7-max Seat #5 is the button
Seat 1: 9b11c919 ($115.52 in chips)
Seat 3: c5f79109 ($91.46 in chips)
Seat 7: 53b43707 ($400 in chips)
Seat 4: 4c758d8a ($94.99 in chips)
Seat 6: 4410e2b1 ($192.23 in chips)
Seat 5: cd4b6e9f ($310.33 in chips)
Seat 2: Hero ($178.71 in chips)
4410e2b1: posts small blind $1
53b43707: posts big blind $2
*** HOLE CARDS ***
Dealt to 9b11c919 
Dealt to c5f79109 
Dealt to 53b43707 
Dealt to 4c758d8a 
Dealt to 4410e2b1 
Dealt to cd4b6e9f 
Dealt to Hero [2s 4h]
9b11c919: folds
Hero: folds
c5f79109: folds
4c758d8a: raises $3 to $5
cd4b6e9f: calls $5
4410e2b1: folds
53b43707: raises $95 to $100
4c758d8a: folds
cd4b6e9f: folds
Uncalled bet ($95) returned to 53b43707
53b43707: shows [Tc Th]
*** SHOWDOWN ***
53b43707 collected $16 from pot
*** SUMMARY ***
Total pot $16
Seat 1: 9b11c919 folded before Flop (didn't bet)
Seat 3: c5f79109 folded before Flop (didn't bet)
Seat 7: 53b43707(big blind) showed [Tc Th] and won ($16)
Seat 4: 4c758d8a folded before Flop
Seat 6: 4410e2b1(small blind) folded before Flop
Seat 5: cd4b6e9f folded before Flop
Seat 2: Hero folded before Flop (didn't bet)



Poker Hand #ring_824563009: NLH No Limit ($1/$2) - 2025/04/15 14:52:08
Table 'MR NLH 1/2' 7-max Seat #4 is the button
Seat 1: 9b11c919 ($115.52 in chips)
Seat 3: c5f79109 ($91.46 in chips)
Seat 4: 4c758d8a ($94.99 in chips)
Seat 6: 4410e2b1 ($194.23 in chips)
Seat 5: cd4b6e9f ($302.33 in chips)
Seat 2: Hero ($184.71 in chips)
cd4b6e9f: posts small blind $1
4410e2b1: posts big blind $2
*** HOLE CARDS ***
Dealt to 9b11c919 
Dealt to c5f79109 
Dealt to 4c758d8a 
Dealt to 4410e2b1 
Dealt to cd4b6e9f 
Dealt to Hero [7c Ac]
9b11c919: folds
Hero: raises $4 to $6
c5f79109: folds
4c758d8a: folds
cd4b6e9f: raises $18 to $24
4410e2b1: folds
Hero: folds
Uncalled bet ($18) returned to cd4b6e9f
*** SHOWDOWN ***
cd4b6e9f collected $14 from pot
*** SUMMARY ***
Total pot $14
Seat 1: 9b11c919 folded before Flop (didn't bet)
Seat 3: c5f79109 folded before Flop (didn't bet)
Seat 4: 4c758d8a folded before Flop (didn't bet)
Seat 6: 4410e2b1(big blind) folded before Flop
Seat 5: cd4b6e9f(small blind)won ($14)
Seat 2: Hero folded before Flop



Poker Hand #ring_824562455: NLH No Limit ($1/$2) - 2025/04/15 14:51:29
Table 'MR NLH 1/2' 7-max Seat #3 is the button
Seat 1: 9b11c919 ($110.83 in chips)
Seat 3: c5f79109 ($93.46 in chips)
Seat 4: 4c758d8a ($95.99 in chips)
Seat 6: 4410e2b1 ($194.23 in chips)
Seat 5: cd4b6e9f ($304.33 in chips)
Seat 2: Hero ($184.71 in chips)
4c758d8a: posts small blind $1
cd4b6e9f: posts big blind $2
*** HOLE CARDS ***
Dealt to 9b11c919 
Dealt to c5f79109 
Dealt to 4c758d8a 
Dealt to 4410e2b1 
Dealt to cd4b6e9f 
Dealt to Hero [3c 5d]
4410e2b1: folds
9b11c919: calls $2
Hero: folds
c5f79109: calls $2
4c758d8a: folds
cd4b6e9f: checks
*** FLOP *** [8s 9s 9h]
cd4b6e9f: checks
9b11c919: checks
c5f79109: checks
*** TURN *** [8s 9s 9h] [2h]
cd4b6e9f: checks
9b11c919: bets $5.25
c5f79109: folds
cd4b6e9f: folds
Uncalled bet ($5.25) returned to 9b11c919
*** SHOWDOWN ***
9b11c919 collected $7 from pot
*** SUMMARY ***
Total pot $7
Board [8s 9s 9h 2h]
Seat 1: 9b11c919won ($7) with Pair of Nines and Pair of Fours
Seat 3: c5f79109 folded on the Turn
Seat 4: 4c758d8a(small blind) folded before Flop
Seat 6: 4410e2b1 folded before Flop (didn't bet)
Seat 5: cd4b6e9f(big blind) folded on the Turn
Seat 2: Hero folded before Flop (didn't bet)



Poker Hand #ring_824562075: NLH No Limit ($1/$2) - 2025/04/15 14:51:01
Table 'MR NLH 1/2' 7-max Seat #2 is the button
Seat 1: 9b11c919 ($105.83 in chips)
Seat 3: c5f79109 ($94.46 in chips)
Seat 4: 4c758d8a ($97.99 in chips)
Seat 6: 4410e2b1 ($196.23 in chips)
Seat 5: cd4b6e9f ($304.33 in chips)
Seat 2: Hero ($184.71 in chips)
c5f79109: posts small blind $1
4c758d8a: posts big blind $2
*** HOLE CARDS ***
Dealt to 9b11c919 
Dealt to c5f79109 
Dealt to 4c758d8a 
Dealt to 4410e2b1 
Dealt to cd4b6e9f 
Dealt to Hero [Th 8d]
cd4b6e9f: folds
4410e2b1: calls $2
9b11c919: raises $6 to $8
Hero: folds
c5f79109: folds
4c758d8a: folds
4410e2b1: folds
Uncalled bet ($6) returned to 9b11c919
*** SHOWDOWN ***
9b11c919 collected $7 from pot
*** SUMMARY ***
Total pot $7
Seat 1: 9b11c919won ($7)
Seat 3: c5f79109(small blind) folded before Flop
Seat 4: 4c758d8a(big blind) folded before Flop
Seat 6: 4410e2b1 folded before Flop
Seat 5: cd4b6e9f folded before Flop (didn't bet)
Seat 2: Hero folded before Flop (didn't bet)



Poker Hand #ring_824560891: NLH No Limit ($1/$2) - 2025/04/15 14:49:35
Table 'MR NLH 1/2' 7-max Seat #1 is the button
Seat 1: 9b11c919 ($105.83 in chips)
Seat 3: c5f79109 ($99.46 in chips)
Seat 4: 4c758d8a ($97.99 in chips)
Seat 6: 4410e2b1 ($100 in chips)
Seat 5: cd4b6e9f ($404.33 in chips)
Seat 2: Hero ($185.71 in chips)
Hero: posts small blind $1
c5f79109: posts big blind $2
4410e2b1: posts big blind $2
*** HOLE CARDS ***
Dealt to 9b11c919 
Dealt to c5f79109 
Dealt to 4c758d8a 
Dealt to 4410e2b1 
Dealt to cd4b6e9f 
Dealt to Hero [2s 8d]
4c758d8a: folds
cd4b6e9f: raises $3 to $5
4410e2b1: calls $3
9b11c919: folds
Hero: folds
c5f79109: calls $3
*** FIRST FLOP *** [3h 5s 6h]
c5f79109: checks
cd4b6e9f: bets $5.28
4410e2b1: raises $26.56 to $31.84
c5f79109: folds
cd4b6e9f: raises $39.84 to $71.68
4410e2b1: raises $23.32 to $95 and is all-in
cd4b6e9f: calls $23.32
cd4b6e9f: shows [5c 8c] (Pair of Fives)
4410e2b1: shows [6s Ks] (Pair of Sixes)
*** FIRST TURN *** [3h 5s 6h] [6d]
*** SECOND TURN *** [3h 5s 6h] [Qs]
*** FIRST RIVER *** [3h 5s 6h 6d] [9c]
*** SECOND RIVER *** [3h 5s 6h Qs] [Ah]
*** FIRST SHOWDOWN ***
4410e2b1 collected $103.26 from pot
*** SECOND SHOWDOWN ***
4410e2b1 collected $102.74 from pot
*** SUMMARY ***
Total pot $206
Hand was run two timesFIRST Board [3h 5s 6h 6d 9c]
SECOND Board [Qs Ah]
Seat 1: 9b11c919 folded before Flop (didn't bet)
Seat 3: c5f79109(big blind) folded on the Flop
Seat 4: 4c758d8a folded before Flop (didn't bet)
Seat 6: 4410e2b1 showed [6s Ks] and won ($206) with Three Sixes / Pair of Sixes
Seat 5: cd4b6e9f showed [5c 8c] and lost with Pair of Sixes and Pair of Fives / Pair of Fives
Seat 2: Hero(small blind) folded before Flop



Poker Hand #ring_824560384: NLH No Limit ($1/$2) - 2025/04/15 14:48:59
Table 'MR NLH 1/2' 7-max Seat #5 is the button
Seat 1: 9b11c919 ($106.83 in chips)
Seat 3: c5f79109 ($96.46 in chips)
Seat 4: 4c758d8a ($97.99 in chips)
Seat 5: cd4b6e9f ($404.33 in chips)
Seat 2: Hero ($187.71 in chips)
9b11c919: posts small blind $1
Hero: posts big blind $2
*** HOLE CARDS ***
Dealt to 9b11c919 
Dealt to c5f79109 
Dealt to 4c758d8a 
Dealt to cd4b6e9f 
Dealt to Hero [Qd 4d]
c5f79109: raises $4 to $6
4c758d8a: folds
cd4b6e9f: folds
9b11c919: folds
Hero: folds
Uncalled bet ($4) returned to c5f79109
*** SHOWDOWN ***
c5f79109 collected $5 from pot
*** SUMMARY ***
Total pot $5
Seat 1: 9b11c919(small blind) folded before Flop
Seat 3: c5f79109won ($5)
Seat 4: 4c758d8a folded before Flop (didn't bet)
Seat 5: cd4b6e9f folded before Flop (didn't bet)
Seat 2: Hero(big blind) folded before Flop



Poker Hand #ring_824560033: NLH No Limit ($1/$2) - 2025/04/15 14:48:35
Table 'MR NLH 1/2' 7-max Seat #4 is the button
Seat 1: 9b11c919 ($108.83 in chips)
Seat 3: c5f79109 ($96.46 in chips)
Seat 4: 4c758d8a ($97.99 in chips)
Seat 5: cd4b6e9f ($402.33 in chips)
Seat 2: Hero ($187.71 in chips)
cd4b6e9f: posts small blind $1
9b11c919: posts big blind $2
*** HOLE CARDS ***
Dealt to 9b11c919 
Dealt to c5f79109 
Dealt to 4c758d8a 
Dealt to cd4b6e9f 
Dealt to Hero [4h 9c]
Hero: folds
c5f79109: folds
4c758d8a: folds
cd4b6e9f: raises $5 to $7
9b11c919: folds
Uncalled bet ($5) returned to cd4b6e9f
*** SHOWDOWN ***
cd4b6e9f collected $4 from pot
*** SUMMARY ***
Total pot $4
Seat 1: 9b11c919(big blind) folded before Flop
Seat 3: c5f79109 folded before Flop (didn't bet)
Seat 4: 4c758d8a folded before Flop (didn't bet)
Seat 5: cd4b6e9f(small blind)won ($4)
Seat 2: Hero folded before Flop (didn't bet)



Poker Hand #ring_824559689: NLH No Limit ($1/$2) - 2025/04/15 14:48:08
Table 'MR NLH 1/2' 7-max Seat #3 is the button
Seat 1: 9b11c919 ($110.83 in chips)
Seat 3: c5f79109 ($96.46 in chips)
Seat 4: 4c758d8a ($98.99 in chips)
Seat 5: cd4b6e9f ($399.33 in chips)
Seat 2: Hero ($187.71 in chips)
4c758d8a: posts small blind $1
cd4b6e9f: posts big blind $2
*** HOLE CARDS ***
Dealt to 9b11c919 
Dealt to c5f79109 
Dealt to 4c758d8a 
Dealt to cd4b6e9f 
Dealt to Hero [4h 8s]
9b11c919: calls $2
Hero: folds
c5f79109: folds
4c758d8a: folds
cd4b6e9f: raises $7 to $9
9b11c919: folds
Uncalled bet ($7) returned to cd4b6e9f
*** SHOWDOWN ***
cd4b6e9f collected $5 from pot
*** SUMMARY ***
Total pot $5
Seat 1: 9b11c919 folded before Flop
Seat 3: c5f79109 folded before Flop (didn't bet)
Seat 4: 4c758d8a(small blind) folded before Flop
Seat 5: cd4b6e9f(big blind)won ($5)
Seat 2: Hero folded before Flop (didn't bet)



Poker Hand #ring_824559129: NLH No Limit ($1/$2) - 2025/04/15 14:47:29
Table 'MR NLH 1/2' 7-max Seat #2 is the button
Seat 1: 9b11c919 ($110.83 in chips)
Seat 3: c5f79109 ($101.46 in chips)
Seat 4: 4c758d8a ($103.99 in chips)
Seat 5: cd4b6e9f ($390 in chips)
Seat 2: Hero ($187.71 in chips)
c5f79109: posts small blind $1
4c758d8a: posts big blind $2
*** HOLE CARDS ***
Dealt to 9b11c919 
Dealt to c5f79109 
Dealt to 4c758d8a 
Dealt to cd4b6e9f 
Dealt to Hero [8h Td]
cd4b6e9f: raises $3 to $5
9b11c919: folds
Hero: folds
c5f79109: calls $4
4c758d8a: calls $3
*** FLOP *** [2h 9s 8c]
c5f79109: checks
4c758d8a: checks
cd4b6e9f: bets $4.95
c5f79109: folds
4c758d8a: folds
Uncalled bet ($4.95) returned to cd4b6e9f
*** SHOWDOWN ***
cd4b6e9f collected $15 from pot
*** SUMMARY ***
Total pot $15
Board [2h 9s 8c]
Seat 1: 9b11c919 folded before Flop (didn't bet)
Seat 3: c5f79109(small blind) folded on the Flop
Seat 4: 4c758d8a(big blind) folded on the Flop
Seat 5: cd4b6e9fwon ($15) with Pair of Tens
Seat 2: Hero folded before Flop (didn't bet)



Poker Hand #ring_824558620: NLH No Limit ($1/$2) - 2025/04/15 14:46:51
Table 'MR NLH 1/2' 7-max Seat #1 is the button
Seat 1: 9b11c919 ($107.1 in chips)
Seat 3: c5f79109 ($103.46 in chips)
Seat 4: 4c758d8a ($103.99 in chips)
Seat 5: cd4b6e9f ($390 in chips)
Seat 2: Hero ($189.71 in chips)
Hero: posts small blind $1
c5f79109: posts big blind $2
*** HOLE CARDS ***
Dealt to 9b11c919 
Dealt to c5f79109 
Dealt to 4c758d8a 
Dealt to cd4b6e9f 
Dealt to Hero [Ts 7d]
4c758d8a: folds
cd4b6e9f: folds
9b11c919: calls $2
Hero: calls $1
c5f79109: checks
*** FLOP *** [Qs 3h Td]
Hero: checks
c5f79109: checks
9b11c919: bets $4.5
Hero: folds
c5f79109: folds
Uncalled bet ($4.5) returned to 9b11c919
*** SHOWDOWN ***
9b11c919 collected $6 from pot
*** SUMMARY ***
Total pot $6
Board [Qs 3h Td]
Seat 1: 9b11c919won ($6) with Pair of Queens
Seat 3: c5f79109(big blind) folded on the Flop
Seat 4: 4c758d8a folded before Flop (didn't bet)
Seat 5: cd4b6e9f folded before Flop (didn't bet)
Seat 2: Hero(small blind) folded on the Flop



Poker Hand #ring_824558068: NLH No Limit ($1/$2) - 2025/04/15 14:46:11
Table 'MR NLH 1/2' 7-max Seat #5 is the button
Seat 1: 9b11c919 ($105.28 in chips)
Seat 3: c5f79109 ($103.46 in chips)
Seat 4: 4c758d8a ($103.99 in chips)
Seat 5: cd4b6e9f ($390 in chips)
Seat 2: Hero ($191.71 in chips)
9b11c919: posts small blind $1
Hero: posts big blind $2
*** HOLE CARDS ***
Dealt to 9b11c919 
Dealt to c5f79109 
Dealt to 4c758d8a 
Dealt to cd4b6e9f 
Dealt to Hero [9s 7d]
c5f79109: folds
4c758d8a: folds
cd4b6e9f: folds
9b11c919: calls $1
Hero: checks
*** FLOP *** [3s Kc Jc]
9b11c919: bets $3
Hero: folds
Uncalled bet ($3) returned to 9b11c919
*** SHOWDOWN ***
9b11c919 collected $4 from pot
*** SUMMARY ***
Total pot $4
Board [3s Kc Jc]
Seat 1: 9b11c919(small blind)won ($4) with Pair of Jacks
Seat 3: c5f79109 folded before Flop (didn't bet)
Seat 4: 4c758d8a folded before Flop (didn't bet)
Seat 5: cd4b6e9f folded before Flop (didn't bet)
Seat 2: Hero(big blind) folded on the Flop



Poker Hand #ring_824557290: NLH No Limit ($1/$2) - 2025/04/15 14:45:16
Table 'MR NLH 1/2' 7-max Seat #4 is the button
Seat 1: 9b11c919 ($98 in chips)
Seat 3: c5f79109 ($103.46 in chips)
Seat 4: 4c758d8a ($103.99 in chips)
Seat 5: cd4b6e9f ($398 in chips)
Seat 2: Hero ($191.71 in chips)
cd4b6e9f: posts small blind $1
9b11c919: posts big blind $2
*** HOLE CARDS ***
Dealt to 9b11c919 
Dealt to c5f79109 
Dealt to 4c758d8a 
Dealt to cd4b6e9f 
Dealt to Hero [3c Ks]
Hero: folds
c5f79109: folds
4c758d8a: folds
cd4b6e9f: calls $1
9b11c919: raises $6 to $8
cd4b6e9f: calls $6
*** FLOP *** [Kd 5d 6c]
cd4b6e9f: checks
9b11c919: bets $16
cd4b6e9f: folds
Uncalled bet ($16) returned to 9b11c919
*** SHOWDOWN ***
9b11c919 collected $16 from pot
*** SUMMARY ***
Total pot $16
Board [Kd 5d 6c]
Seat 1: 9b11c919(big blind)won ($16) with Pair of Kings
Seat 3: c5f79109 folded before Flop (didn't bet)
Seat 4: 4c758d8a folded before Flop (didn't bet)
Seat 5: cd4b6e9f(small blind) folded on the Flop
Seat 2: Hero folded before Flop (didn't bet)



Poker Hand #ring_824556902: NLH No Limit ($1/$2) - 2025/04/15 14:44:47
Table 'MR NLH 1/2' 7-max Seat #3 is the button
Seat 1: 9b11c919 ($100 in chips)
Seat 3: c5f79109 ($103.46 in chips)
Seat 4: 4c758d8a ($93.99 in chips)
Seat 5: cd4b6e9f ($400 in chips)
Seat 2: Hero ($97.71 in chips)
4c758d8a: posts small blind $1
cd4b6e9f: posts big blind $2
9b11c919: posts big blind $2
*** HOLE CARDS ***
Dealt to 9b11c919 
Dealt to c5f79109 
Dealt to 4c758d8a 
Dealt to cd4b6e9f 
Dealt to Hero [Jc Kh]
9b11c919: checks
Hero: raises $4 to $6
c5f79109: folds
4c758d8a: raises $87.99 to $93.99 and is all-in
cd4b6e9f: folds
9b11c919: folds
Hero: folds
Uncalled bet ($87.99) returned to 4c758d8a
*** SHOWDOWN ***
4c758d8a collected $16 from pot
*** SUMMARY ***
Total pot $16
Seat 1: 9b11c919 folded before Flop
Seat 3: c5f79109 folded before Flop (didn't bet)
Seat 4: 4c758d8a(small blind)won ($16)
Seat 5: cd4b6e9f(big blind) folded before Flop
Seat 2: Hero folded before Flop



Poker Hand #ring_824556332: NLH No Limit ($1/$2) - 2025/04/15 14:44:07
Table 'MR NLH 1/2' 7-max Seat #2 is the button
Seat 3: c5f79109 ($104.46 in chips)
Seat 4: 4c758d8a ($83.48 in chips)
Seat 2: Hero ($108.21 in chips)
c5f79109: posts small blind $1
4c758d8a: posts big blind $2
*** HOLE CARDS ***
Dealt to c5f79109 
Dealt to 4c758d8a 
Dealt to Hero [4h 5c]
Hero: raises $3 to $5
c5f79109: folds
4c758d8a: calls $3
*** FLOP *** [3h Qd 2h]
4c758d8a: bets $5.5
Hero: calls $5.5
*** TURN *** [3h Qd 2h] [8h]
4c758d8a: bets $16.5
Hero: folds
Uncalled bet ($16.5) returned to 4c758d8a
*** SHOWDOWN ***
4c758d8a collected $22 from pot
*** SUMMARY ***
Total pot $22
Board [3h Qd 2h 8h]
Seat 3: c5f79109(small blind) folded before Flop
Seat 4: 4c758d8a(big blind)won ($22) with Pair of Queens
Seat 2: Hero folded on the Turn



Poker Hand #ring_824555492: NLH No Limit ($1/$2) - 2025/04/15 14:43:08
Table 'MR NLH 1/2' 7-max Seat #4 is the button
Seat 3: c5f79109 ($106.46 in chips)
Seat 4: 4c758d8a ($111.28 in chips)
Seat 2: Hero ($81 in chips)
Hero: posts small blind $1
c5f79109: posts big blind $2
*** HOLE CARDS ***
Dealt to c5f79109 
Dealt to 4c758d8a 
Dealt to Hero [Jd Js]
4c758d8a: raises $3 to $5
Hero: raises $12 to $17
c5f79109: folds
4c758d8a: calls $12
*** FLOP *** [Jc 6c 4h]
Hero: checks
4c758d8a: checks
*** TURN *** [Jc 6c 4h] [5c]
Hero: bets $10.8
4c758d8a: calls $10.8
*** RIVER *** [Jc 6c 4h 5c] [5d]
Hero: bets $28.8
4c758d8a: folds
Uncalled bet ($28.8) returned to Hero
*** SHOWDOWN ***
Hero collected $57.6 from pot
*** SUMMARY ***
Total pot $57.6
Board [Jc 6c 4h 5c 5d]
Seat 3: c5f79109(big blind) folded before Flop
Seat 4: 4c758d8a folded on the River
Seat 2: Hero(small blind)won ($57.6) with Jacks Full over Fives



Poker Hand #ring_824555215: NLH No Limit ($1/$2) - 2025/04/15 14:42:48
Table 'MR NLH 1/2' 7-max Seat #3 is the button
Seat 3: c5f79109 ($106.46 in chips)
Seat 4: 4c758d8a ($109.28 in chips)
Seat 2: Hero ($83 in chips)
4c758d8a: posts small blind $1
Hero: posts big blind $2
*** HOLE CARDS ***
Dealt to c5f79109 
Dealt to 4c758d8a 
Dealt to Hero [5c 7h]
c5f79109: folds
4c758d8a: raises $4 to $6
Hero: folds
Uncalled bet ($4) returned to 4c758d8a
*** SHOWDOWN ***
4c758d8a collected $4 from pot
*** SUMMARY ***
Total pot $4
Seat 3: c5f79109 folded before Flop (didn't bet)
Seat 4: 4c758d8a(small blind)won ($4)
Seat 2: Hero(big blind) folded before Flop



Poker Hand #ring_824554946: NLH No Limit ($1/$2) - 2025/04/15 14:42:30
Table 'MR NLH 1/2' 7-max Seat #2 is the button
Seat 3: c5f79109 ($107.46 in chips)
Seat 4: 4c758d8a ($108.28 in chips)
Seat 2: Hero ($83 in chips)
c5f79109: posts small blind $1
4c758d8a: posts big blind $2
*** HOLE CARDS ***
Dealt to c5f79109 
Dealt to 4c758d8a 
Dealt to Hero [4h 3s]
Hero: folds
c5f79109: folds
*** SHOWDOWN ***
4c758d8a collected $3 from pot
*** SUMMARY ***
Total pot $3
Seat 3: c5f79109(small blind) folded before Flop
Seat 4: 4c758d8a(big blind)won ($3)
Seat 2: Hero folded before Flop (didn't bet)



Poker Hand #ring_824554567: NLH No Limit ($1/$2) - 2025/04/15 14:42:03
Table 'MR NLH 1/2' 7-max Seat #2 is the button
Seat 3: c5f79109 ($109.46 in chips)
Seat 4: 4c758d8a ($100 in chips)
Seat 2: Hero ($90 in chips)
Hero: posts small blind $1
c5f79109: posts big blind $2
4c758d8a: posts big blind $2
*** HOLE CARDS ***
Dealt to c5f79109 
Dealt to 4c758d8a 
Dealt to Hero [Ac 6c]
4c758d8a: raises $5 to $7
Hero: calls $6
c5f79109: folds
*** FLOP *** [Js 4d Qc]
4c758d8a: checks
Hero: checks
*** TURN *** [Js 4d Qc] [9s]
4c758d8a: bets $8
Hero: folds
Uncalled bet ($8) returned to 4c758d8a
*** SHOWDOWN ***
4c758d8a collected $16 from pot
*** SUMMARY ***
Total pot $16
Board [Js 4d Qc 9s]
Seat 3: c5f79109(big blind) folded before Flop
Seat 4: 4c758d8awon ($16) with King-High
Seat 2: Hero(small blind) folded on the Turn



Poker Hand #ring_824553643: NLH No Limit ($1/$2) - 2025/04/15 14:40:59
Table 'MR NLH 1/2' 7-max Seat #3 is the button
Seat 3: c5f79109 ($99.91 in chips)
Seat 2: Hero ($100 in chips)
c5f79109: posts small blind $1
Hero: posts big blind $2
*** HOLE CARDS ***
Dealt to c5f79109 
Dealt to Hero [4d Ks]
c5f79109: calls $1
Hero: checks
*** FLOP *** [2h Kh Ad]
Hero: checks
c5f79109: checks
*** TURN *** [2h Kh Ad] [8c]
Hero: checks
c5f79109: checks
*** RIVER *** [2h Kh Ad 8c] [9s]
Hero: bets $2
c5f79109: raises $6 to $8
Hero: calls $6
Hero: shows [4d Ks]
c5f79109: shows [9d 8s]
*** SHOWDOWN ***
c5f79109 collected $20 from pot
*** SUMMARY ***
Total pot $20
Board [2h Kh Ad 8c 9s]
Seat 3: c5f79109(small blind) showed [9d 8s] and won ($20) with Pair of Nines and Pair of Eights
Seat 2: Hero(big blind) showed [4d Ks] and lost with Pair of Kings



Poker Hand #ring_824553440: NLH No Limit ($1/$2) - 2025/04/15 14:40:45
Table 'MR NLH 1/2' 7-max Seat #2 is the button
Seat 3: c5f79109 ($101.91 in chips)
Seat 2: Hero ($98 in chips)
Hero: posts small blind $1
c5f79109: posts big blind $2
*** HOLE CARDS ***
Dealt to c5f79109 
Dealt to Hero [7d Kd]
Hero: raises $3 to $5
c5f79109: folds
Uncalled bet ($3) returned to Hero
*** SHOWDOWN ***
Hero collected $4 from pot
*** SUMMARY ***
Total pot $4
Seat 3: c5f79109(big blind) folded before Flop
Seat 2: Hero(small blind)won ($4)



Poker Hand #ring_824537466: NLH No Limit ($1/$2) - 2025/04/15 14:40:13
Table 'MR NLH 1/2' 7-max Seat #3 is the button
Seat 3: c5f79109 ($100 in chips)
Seat 2: Hero ($100 in chips)
c5f79109: posts small blind $1
Hero: posts big blind $2
*** HOLE CARDS ***
Dealt to c5f79109 
Dealt to Hero [6s 5c]
c5f79109: calls $1
Hero: checks
*** FLOP *** [Th 3d Qc]
Hero: checks
c5f79109: bets $2.6
Hero: folds
Uncalled bet ($2.6) returned to c5f79109
*** SHOWDOWN ***
c5f79109 collected $4 from pot
*** SUMMARY ***
Total pot $4
Board [Th 3d Qc]
Seat 3: c5f79109(small blind)won ($4) with King-High
Seat 2: Hero(big blind) folded on the Flop



