Poker Hand #ring_839357003: NLH No Limit ($1/$2) - 2025/04/24 01:39:23
Table 'MR NLH 1/2' 7-max Seat #2 is the button
Seat 7: 38026866 ($279.1 in chips)
Seat 3: 5d524431 ($453.17 in chips)
Seat 1: a5d7bc9c ($346.56 in chips)
Seat 6: d14a34e9 ($258.23 in chips)
Seat 2: ffdebced ($204.12 in chips)
Seat 5: Hero ($249.01 in chips)
Seat 4: 65ca637d ($162.33 in chips)
5d524431: posts small blind $1
65ca637d: posts big blind $2
*** HOLE CARDS ***
Dealt to 38026866 
Dealt to 5d524431 
Dealt to a5d7bc9c 
Dealt to d14a34e9 
Dealt to ffdebced 
Dealt to Hero [3d Qc]
Dealt to 65ca637d 
Hero: folds
d14a34e9: calls $2
38026866: folds
a5d7bc9c: folds
ffdebced: raises $4 to $6
5d524431: calls $5
65ca637d: folds
d14a34e9: calls $4
*** FLOP *** [4c 5h Kc]
5d524431: checks
d14a34e9: checks
ffdebced: bets $15
5d524431: folds
d14a34e9: folds
Uncalled bet ($15) returned to ffdebced
*** SHOWDOWN ***
ffdebced collected $20 from pot
*** SUMMARY ***
Total pot $20
Board [4c 5h Kc]
Seat 7: 38026866 folded before Flop (didn't bet)
Seat 3: 5d524431(small blind) folded on the Flop
Seat 1: a5d7bc9c folded before Flop (didn't bet)
Seat 6: d14a34e9 folded on the Flop
Seat 2: ffdebcedwon ($20) with King-High
Seat 5: Hero folded before Flop (didn't bet)
Seat 4: 65ca637d(big blind) folded before Flop



Poker Hand #ring_839356281: NLH No Limit ($1/$2) - 2025/04/24 01:38:55
Table 'MR NLH 1/2' 7-max Seat #1 is the button
Seat 7: 38026866 ($279.1 in chips)
Seat 3: 5d524431 ($455.17 in chips)
Seat 1: a5d7bc9c ($343.56 in chips)
Seat 6: d14a34e9 ($258.23 in chips)
Seat 2: ffdebced ($205.12 in chips)
Seat 5: Hero ($249.01 in chips)
Seat 4: 65ca637d ($162.33 in chips)
ffdebced: posts small blind $1
5d524431: posts big blind $2
*** HOLE CARDS ***
Dealt to 38026866 
Dealt to 5d524431 
Dealt to a5d7bc9c 
Dealt to d14a34e9 
Dealt to ffdebced 
Dealt to Hero [8s 2c]
Dealt to 65ca637d 
65ca637d: folds
Hero: folds
d14a34e9: folds
38026866: folds
a5d7bc9c: raises $3 to $5
ffdebced: folds
5d524431: folds
Uncalled bet ($3) returned to a5d7bc9c
*** SHOWDOWN ***
a5d7bc9c collected $5 from pot
*** SUMMARY ***
Total pot $5
Seat 7: 38026866 folded before Flop (didn't bet)
Seat 3: 5d524431(big blind) folded before Flop
Seat 1: a5d7bc9cwon ($5)
Seat 6: d14a34e9 folded before Flop (didn't bet)
Seat 2: ffdebced(small blind) folded before Flop
Seat 5: Hero folded before Flop (didn't bet)
Seat 4: 65ca637d folded before Flop (didn't bet)



Poker Hand #ring_839355490: NLH No Limit ($1/$2) - 2025/04/24 01:38:26
Table 'MR NLH 1/2' 7-max Seat #7 is the button
Seat 7: 38026866 ($279.1 in chips)
Seat 3: 5d524431 ($455.17 in chips)
Seat 1: a5d7bc9c ($344.56 in chips)
Seat 6: d14a34e9 ($249.99 in chips)
Seat 2: ffdebced ($213.12 in chips)
Seat 5: Hero ($249.01 in chips)
Seat 4: 65ca637d ($162.33 in chips)
a5d7bc9c: posts small blind $1
ffdebced: posts big blind $2
*** HOLE CARDS ***
Dealt to 38026866 
Dealt to 5d524431 
Dealt to a5d7bc9c 
Dealt to d14a34e9 
Dealt to ffdebced 
Dealt to Hero [2h 8h]
Dealt to 65ca637d 
5d524431: folds
65ca637d: folds
Hero: folds
d14a34e9: raises $6 to $8
38026866: folds
a5d7bc9c: folds
ffdebced: calls $6
*** FLOP *** [6h 4d As]
ffdebced: checks
d14a34e9: bets $17
ffdebced: folds
Uncalled bet ($17) returned to d14a34e9
*** SHOWDOWN ***
d14a34e9 collected $17 from pot
*** SUMMARY ***
Total pot $17
Board [6h 4d As]
Seat 7: 38026866 folded before Flop (didn't bet)
Seat 3: 5d524431 folded before Flop (didn't bet)
Seat 1: a5d7bc9c(small blind) folded before Flop
Seat 6: d14a34e9won ($17) with Pair of Aces
Seat 2: ffdebced(big blind) folded on the Flop
Seat 5: Hero folded before Flop (didn't bet)
Seat 4: 65ca637d folded before Flop (didn't bet)



Poker Hand #ring_839354852: NLH No Limit ($1/$2) - 2025/04/24 01:38:02
Table 'MR NLH 1/2' 7-max Seat #6 is the button
Seat 7: 38026866 ($280.1 in chips)
Seat 3: 5d524431 ($455.17 in chips)
Seat 1: a5d7bc9c ($346.56 in chips)
Seat 6: d14a34e9 ($249.99 in chips)
Seat 2: ffdebced ($213.12 in chips)
Seat 5: Hero ($246.01 in chips)
Seat 4: 65ca637d ($162.33 in chips)
38026866: posts small blind $1
a5d7bc9c: posts big blind $2
*** HOLE CARDS ***
Dealt to 38026866 
Dealt to 5d524431 
Dealt to a5d7bc9c 
Dealt to d14a34e9 
Dealt to ffdebced 
Dealt to Hero [5s As]
Dealt to 65ca637d 
ffdebced: folds
5d524431: folds
65ca637d: folds
Hero: raises $3 to $5
d14a34e9: folds
38026866: folds
a5d7bc9c: folds
Uncalled bet ($3) returned to Hero
*** SHOWDOWN ***
Hero collected $5 from pot
*** SUMMARY ***
Total pot $5
Seat 7: 38026866(small blind) folded before Flop
Seat 3: 5d524431 folded before Flop (didn't bet)
Seat 1: a5d7bc9c(big blind) folded before Flop
Seat 6: d14a34e9 folded before Flop (didn't bet)
Seat 2: ffdebced folded before Flop (didn't bet)
Seat 5: Herowon ($5)
Seat 4: 65ca637d folded before Flop (didn't bet)



Poker Hand #ring_839354351: NLH No Limit ($1/$2) - 2025/04/24 01:37:43
Table 'MR NLH 1/2' 7-max Seat #5 is the button
Seat 7: 38026866 ($282.1 in chips)
Seat 3: 5d524431 ($455.17 in chips)
Seat 1: a5d7bc9c ($346.56 in chips)
Seat 6: d14a34e9 ($250.99 in chips)
Seat 2: ffdebced ($210.12 in chips)
Seat 5: Hero ($246.01 in chips)
Seat 4: 65ca637d ($162.33 in chips)
d14a34e9: posts small blind $1
38026866: posts big blind $2
*** HOLE CARDS ***
Dealt to 38026866 
Dealt to 5d524431 
Dealt to a5d7bc9c 
Dealt to d14a34e9 
Dealt to ffdebced 
Dealt to Hero [8s 2s]
Dealt to 65ca637d 
a5d7bc9c: folds
ffdebced: raises $59.29 to $61.29
5d524431: folds
65ca637d: folds
Hero: folds
d14a34e9: folds
38026866: folds
Uncalled bet ($59.29) returned to ffdebced
*** SHOWDOWN ***
ffdebced collected $5 from pot
*** SUMMARY ***
Total pot $5
Seat 7: 38026866(big blind) folded before Flop
Seat 3: 5d524431 folded before Flop (didn't bet)
Seat 1: a5d7bc9c folded before Flop (didn't bet)
Seat 6: d14a34e9(small blind) folded before Flop
Seat 2: ffdebcedwon ($5)
Seat 5: Hero folded before Flop (didn't bet)
Seat 4: 65ca637d folded before Flop (didn't bet)



Poker Hand #ring_839353614: NLH No Limit ($1/$2) - 2025/04/24 01:37:15
Table 'MR NLH 1/2' 7-max Seat #4 is the button
Seat 7: 38026866 ($282.1 in chips)
Seat 3: 5d524431 ($455.17 in chips)
Seat 1: a5d7bc9c ($346.56 in chips)
Seat 6: d14a34e9 ($255.39 in chips)
Seat 2: ffdebced ($210.12 in chips)
Seat 5: Hero ($242 in chips)
Seat 4: 65ca637d ($162.33 in chips)
Hero: posts small blind $1
d14a34e9: posts big blind $2
*** HOLE CARDS ***
Dealt to 38026866 
Dealt to 5d524431 
Dealt to a5d7bc9c 
Dealt to d14a34e9 
Dealt to ffdebced 
Dealt to Hero [8c Td]
Dealt to 65ca637d 
38026866: folds
a5d7bc9c: folds
ffdebced: folds
5d524431: folds
65ca637d: folds
Hero: raises $2.4 to $4.4
d14a34e9: calls $2.4
*** FLOP *** [Qd 9d Kh]
Hero: bets $4.4
d14a34e9: folds
Uncalled bet ($4.4) returned to Hero
*** SHOWDOWN ***
Hero collected $8.8 from pot
*** SUMMARY ***
Total pot $8.8
Board [Qd 9d Kh]
Seat 7: 38026866 folded before Flop (didn't bet)
Seat 3: 5d524431 folded before Flop (didn't bet)
Seat 1: a5d7bc9c folded before Flop (didn't bet)
Seat 6: d14a34e9(big blind) folded on the Flop
Seat 2: ffdebced folded before Flop (didn't bet)
Seat 5: Hero(small blind)won ($8.8) with King-High
Seat 4: 65ca637d folded before Flop (didn't bet)



Poker Hand #ring_839351746: NLH No Limit ($1/$2) - 2025/04/24 01:36:06
Table 'MR NLH 1/2' 7-max Seat #3 is the button
Seat 7: 38026866 ($282.1 in chips)
Seat 3: 5d524431 ($455.17 in chips)
Seat 1: a5d7bc9c ($265.54 in chips)
Seat 6: d14a34e9 ($265.39 in chips)
Seat 2: ffdebced ($266.12 in chips)
Seat 5: Hero ($244 in chips)
Seat 4: 65ca637d ($182.33 in chips)
65ca637d: posts small blind $1
Hero: posts big blind $2
*** HOLE CARDS ***
Dealt to 38026866 
Dealt to 5d524431 
Dealt to a5d7bc9c 
Dealt to d14a34e9 
Dealt to ffdebced 
Dealt to Hero [7d Qs]
Dealt to 65ca637d 
d14a34e9: calls $2
38026866: folds
a5d7bc9c: raises $8 to $10
ffdebced: calls $10
5d524431: folds
65ca637d: calls $9
Hero: folds
d14a34e9: calls $8
*** FLOP *** [As 7s Tc]
65ca637d: checks
d14a34e9: checks
a5d7bc9c: bets $10
ffdebced: calls $10
65ca637d: calls $10
d14a34e9: folds
*** TURN *** [As 7s Tc] [Jd]
65ca637d: checks
a5d7bc9c: bets $36
ffdebced: calls $36
65ca637d: folds
*** RIVER *** [As 7s Tc Jd] [6c]
a5d7bc9c: checks
ffdebced: checks
a5d7bc9c: shows [Jh Ad]
ffdebced: shows [Ah Qc]
*** SHOWDOWN ***
a5d7bc9c collected $144 from pot
*** SUMMARY ***
Total pot $144
Board [As 7s Tc Jd 6c]
Seat 7: 38026866 folded before Flop (didn't bet)
Seat 3: 5d524431 folded before Flop (didn't bet)
Seat 1: a5d7bc9c showed [Jh Ad] and won ($144) with Pair of Aces and Pair of Jacks
Seat 6: d14a34e9 folded on the Flop
Seat 2: ffdebced showed [Ah Qc] and lost with Pair of Aces
Seat 5: Hero(big blind) folded before Flop
Seat 4: 65ca637d(small blind) folded on the Turn



