Poker Hand #ring_828827744: NLH No Limit ($2/$4) - 2025/04/18 00:11:43
Table 'MR NLH 2/4' 7-max Seat #1 is the button
Seat 5: a6db68b1 ($318.36 in chips)
Seat 1: e185fa4 ($755.47 in chips)
Seat 2: d987e96d ($260.86 in chips)
Seat 7: b6a438c1 ($988.95 in chips)
Seat 6: b486ea5d ($882.97 in chips)
Seat 4: Hero ($420.46 in chips)
Seat 3: ca5376e8 ($853.59 in chips)
d987e96d: posts small blind $2
ca5376e8: posts big blind $4
*** HOLE CARDS ***
Dealt to a6db68b1 
Dealt to e185fa4 
Dealt to d987e96d 
Dealt to b6a438c1 
Dealt to b486ea5d 
Dealt to Hero [8c Js]
Dealt to ca5376e8 
Hero: folds
a6db68b1: folds
b486ea5d: folds
b6a438c1: folds
e185fa4: folds
d987e96d: calls $2
ca5376e8: raises $12 to $16
d987e96d: folds
Uncalled bet ($12) returned to ca5376e8
*** SHOWDOWN ***
ca5376e8 collected $8 from pot
*** SUMMARY ***
Total pot $8
Seat 5: a6db68b1 folded before Flop (didn't bet)
Seat 1: e185fa4 folded before Flop (didn't bet)
Seat 2: d987e96d(small blind) folded before Flop
Seat 7: b6a438c1 folded before Flop (didn't bet)
Seat 6: b486ea5d folded before Flop (didn't bet)
Seat 4: Hero folded before Flop (didn't bet)
Seat 3: ca5376e8(big blind)won ($8)



Poker Hand #ring_828826366: NLH No Limit ($2/$4) - 2025/04/18 00:10:50
Table 'MR NLH 2/4' 7-max Seat #7 is the button
Seat 5: a6db68b1 ($330.36 in chips)
Seat 1: e185fa4 ($740.73 in chips)
Seat 2: d987e96d ($264.86 in chips)
Seat 7: b6a438c1 ($988.95 in chips)
Seat 6: b486ea5d ($882.97 in chips)
Seat 4: Hero ($420.46 in chips)
Seat 3: ca5376e8 ($853.59 in chips)
e185fa4: posts small blind $2
d987e96d: posts big blind $4
*** HOLE CARDS ***
Dealt to a6db68b1 
Dealt to e185fa4 
Dealt to d987e96d 
Dealt to b6a438c1 
Dealt to b486ea5d 
Dealt to Hero [Jd 9h]
Dealt to ca5376e8 
ca5376e8: folds
Hero: folds
a6db68b1: raises $8 to $12
b486ea5d: folds
b6a438c1: folds
e185fa4: calls $10
d987e96d: folds
*** FLOP *** [Th 4s 6s]
e185fa4: checks
a6db68b1: checks
*** TURN *** [Th 4s 6s] [2d]
e185fa4: checks
a6db68b1: checks
*** RIVER *** [Th 4s 6s 2d] [5s]
e185fa4: checks
a6db68b1: checks
e185fa4: shows [Ah Kh]
a6db68b1: shows [Kd Qh]
*** SHOWDOWN ***
e185fa4 collected $28 from pot
*** SUMMARY ***
Total pot $28
Board [Th 4s 6s 2d 5s]
Seat 5: a6db68b1 showed [Kd Qh] and lost with King-High
Seat 1: e185fa4(small blind) showed [Ah Kh] and won ($28) with Ace-High
Seat 2: d987e96d(big blind) folded before Flop
Seat 7: b6a438c1 folded before Flop (didn't bet)
Seat 6: b486ea5d folded before Flop (didn't bet)
Seat 4: Hero folded before Flop (didn't bet)
Seat 3: ca5376e8 folded before Flop (didn't bet)



Poker Hand #ring_828825580: NLH No Limit ($2/$4) - 2025/04/18 00:10:20
Table 'MR NLH 2/4' 7-max Seat #6 is the button
Seat 5: a6db68b1 ($330.36 in chips)
Seat 1: e185fa4 ($744.73 in chips)
Seat 2: d987e96d ($264.86 in chips)
Seat 7: b6a438c1 ($990.95 in chips)
Seat 6: b486ea5d ($882.97 in chips)
Seat 4: Hero ($420.46 in chips)
Seat 3: ca5376e8 ($847.59 in chips)
b6a438c1: posts small blind $2
e185fa4: posts big blind $4
*** HOLE CARDS ***
Dealt to a6db68b1 
Dealt to e185fa4 
Dealt to d987e96d 
Dealt to b6a438c1 
Dealt to b486ea5d 
Dealt to Hero [3d Js]
Dealt to ca5376e8 
d987e96d: folds
ca5376e8: raises $8 to $12
Hero: folds
a6db68b1: folds
b486ea5d: folds
b6a438c1: folds
e185fa4: folds
Uncalled bet ($8) returned to ca5376e8
*** SHOWDOWN ***
ca5376e8 collected $10 from pot
*** SUMMARY ***
Total pot $10
Seat 5: a6db68b1 folded before Flop (didn't bet)
Seat 1: e185fa4(big blind) folded before Flop
Seat 2: d987e96d folded before Flop (didn't bet)
Seat 7: b6a438c1(small blind) folded before Flop
Seat 6: b486ea5d folded before Flop (didn't bet)
Seat 4: Hero folded before Flop (didn't bet)
Seat 3: ca5376e8won ($10)



Poker Hand #ring_828824387: NLH No Limit ($2/$4) - 2025/04/18 00:09:36
Table 'MR NLH 2/4' 7-max Seat #5 is the button
Seat 5: a6db68b1 ($338.36 in chips)
Seat 1: e185fa4 ($744.73 in chips)
Seat 2: d987e96d ($251.85 in chips)
Seat 7: b6a438c1 ($994.95 in chips)
Seat 6: b486ea5d ($884.97 in chips)
Seat 4: Hero ($420.46 in chips)
Seat 3: ca5376e8 ($847.59 in chips)
b486ea5d: posts small blind $2
b6a438c1: posts big blind $4
*** HOLE CARDS ***
Dealt to a6db68b1 
Dealt to e185fa4 
Dealt to d987e96d 
Dealt to b6a438c1 
Dealt to b486ea5d 
Dealt to Hero [6h 3d]
Dealt to ca5376e8 
e185fa4: folds
d987e96d: raises $4 to $8
ca5376e8: folds
Hero: folds
a6db68b1: calls $8
b486ea5d: folds
b6a438c1: folds
*** FLOP *** [Jh 9c Qh]
d987e96d: bets $7.26
a6db68b1: folds
Uncalled bet ($7.26) returned to d987e96d
*** SHOWDOWN ***
d987e96d collected $22 from pot
*** SUMMARY ***
Total pot $22
Board [Jh 9c Qh]
Seat 5: a6db68b1 folded on the Flop
Seat 1: e185fa4 folded before Flop (didn't bet)
Seat 2: d987e96dwon ($22) with Ace-High
Seat 7: b6a438c1(big blind) folded before Flop
Seat 6: b486ea5d(small blind) folded before Flop
Seat 4: Hero folded before Flop (didn't bet)
Seat 3: ca5376e8 folded before Flop (didn't bet)



Poker Hand #ring_828821891: NLH No Limit ($2/$4) - 2025/04/18 00:08:03
Table 'MR NLH 2/4' 7-max Seat #4 is the button
Seat 5: a6db68b1 ($377.36 in chips)
Seat 1: e185fa4 ($744.73 in chips)
Seat 2: d987e96d ($251.85 in chips)
Seat 7: b6a438c1 ($994.95 in chips)
Seat 6: b486ea5d ($896.97 in chips)
Seat 4: Hero ($420.46 in chips)
Seat 3: ca5376e8 ($801.64 in chips)
a6db68b1: posts small blind $2
b486ea5d: posts big blind $4
*** HOLE CARDS ***
Dealt to a6db68b1 
Dealt to e185fa4 
Dealt to d987e96d 
Dealt to b6a438c1 
Dealt to b486ea5d 
Dealt to Hero [Jh 4c]
Dealt to ca5376e8 
b6a438c1: folds
e185fa4: folds
d987e96d: folds
ca5376e8: raises $8 to $12
Hero: folds
a6db68b1: calls $10
b486ea5d: calls $8
*** FLOP *** [4d Tc Jd]
a6db68b1: checks
b486ea5d: checks
ca5376e8: bets $27
a6db68b1: calls $27
b486ea5d: folds
*** TURN *** [4d Tc Jd] [8h]
a6db68b1: checks
ca5376e8: bets $67.5
a6db68b1: folds
Uncalled bet ($67.5) returned to ca5376e8
*** SHOWDOWN ***
ca5376e8 collected $90 from pot
*** SUMMARY ***
Total pot $90
Board [4d Tc Jd 8h]
Seat 5: a6db68b1(small blind) folded on the Turn
Seat 1: e185fa4 folded before Flop (didn't bet)
Seat 2: d987e96d folded before Flop (didn't bet)
Seat 7: b6a438c1 folded before Flop (didn't bet)
Seat 6: b486ea5d(big blind) folded on the Flop
Seat 4: Hero folded before Flop (didn't bet)
Seat 3: ca5376e8won ($90) with Three Tens



Poker Hand #ring_828819693: NLH No Limit ($2/$4) - 2025/04/18 00:06:41
Table 'MR NLH 2/4' 7-max Seat #3 is the button
Seat 5: a6db68b1 ($381.36 in chips)
Seat 1: e185fa4 ($737.27 in chips)
Seat 2: d987e96d ($251.85 in chips)
Seat 7: b6a438c1 ($994.95 in chips)
Seat 6: b486ea5d ($896.97 in chips)
Seat 4: Hero ($424.46 in chips)
Seat 3: ca5376e8 ($801.64 in chips)
Hero: posts small blind $2
a6db68b1: posts big blind $4
*** HOLE CARDS ***
Dealt to a6db68b1 
Dealt to e185fa4 
Dealt to d987e96d 
Dealt to b6a438c1 
Dealt to b486ea5d 
Dealt to Hero [Kd 5d]
Dealt to ca5376e8 
b486ea5d: folds
b6a438c1: folds
e185fa4: calls $4
d987e96d: folds
ca5376e8: folds
Hero: calls $2
a6db68b1: checks
*** FLOP *** [4s 9s 4h]
Hero: checks
a6db68b1: checks
e185fa4: checks
*** TURN *** [4s 9s 4h] [7s]
Hero: checks
a6db68b1: checks
e185fa4: bets $6
Hero: folds
a6db68b1: folds
Uncalled bet ($6) returned to e185fa4
*** SHOWDOWN ***
e185fa4 collected $12 from pot
*** SUMMARY ***
Total pot $12
Board [4s 9s 4h 7s]
Seat 5: a6db68b1(big blind) folded on the Turn
Seat 1: e185fa4won ($12) with Pair of Fives and Pair of Fours
Seat 2: d987e96d folded before Flop (didn't bet)
Seat 7: b6a438c1 folded before Flop (didn't bet)
Seat 6: b486ea5d folded before Flop (didn't bet)
Seat 4: Hero(small blind) folded on the Turn
Seat 3: ca5376e8 folded before Flop (didn't bet)



Poker Hand #ring_828818434: NLH No Limit ($2/$4) - 2025/04/18 00:05:53
Table 'MR NLH 2/4' 7-max Seat #2 is the button
Seat 5: a6db68b1 ($371.99 in chips)
Seat 1: e185fa4 ($737.27 in chips)
Seat 2: d987e96d ($255.85 in chips)
Seat 7: b6a438c1 ($994.95 in chips)
Seat 6: b486ea5d ($896.97 in chips)
Seat 4: Hero ($428.46 in chips)
Seat 3: ca5376e8 ($803.64 in chips)
ca5376e8: posts small blind $2
Hero: posts big blind $4
*** HOLE CARDS ***
Dealt to a6db68b1 
Dealt to e185fa4 
Dealt to d987e96d 
Dealt to b6a438c1 
Dealt to b486ea5d 
Dealt to Hero [Kd 5d]
Dealt to ca5376e8 
a6db68b1: calls $4
b486ea5d: folds
b6a438c1: folds
e185fa4: folds
d987e96d: calls $4
ca5376e8: folds
Hero: checks
*** FLOP *** [4c Js Ad]
Hero: checks
a6db68b1: checks
d987e96d: checks
*** TURN *** [4c Js Ad] [Ah]
Hero: checks
a6db68b1: bets $7
d987e96d: folds
Hero: folds
Uncalled bet ($7) returned to a6db68b1
a6db68b1: shows [9s]
*** SHOWDOWN ***
a6db68b1 collected $14 from pot
*** SUMMARY ***
Total pot $14
Board [4c Js Ad Ah]
Seat 5: a6db68b1 showed [9s] and won ($14) with Three Aces
Seat 1: e185fa4 folded before Flop (didn't bet)
Seat 2: d987e96d folded on the Turn
Seat 7: b6a438c1 folded before Flop (didn't bet)
Seat 6: b486ea5d folded before Flop (didn't bet)
Seat 4: Hero(big blind) folded on the Turn
Seat 3: ca5376e8(small blind) folded before Flop



Poker Hand #ring_828816947: NLH No Limit ($2/$4) - 2025/04/18 00:04:58
Table 'MR NLH 2/4' 7-max Seat #1 is the button
Seat 5: a6db68b1 ($371.99 in chips)
Seat 1: e185fa4 ($737.27 in chips)
Seat 2: d987e96d ($259.85 in chips)
Seat 7: b6a438c1 ($994.95 in chips)
Seat 6: b486ea5d ($896.97 in chips)
Seat 4: Hero ($428.46 in chips)
Seat 3: ca5376e8 ($800 in chips)
d987e96d: posts small blind $2
ca5376e8: posts big blind $4
*** HOLE CARDS ***
Dealt to a6db68b1 
Dealt to e185fa4 
Dealt to d987e96d 
Dealt to b6a438c1 
Dealt to b486ea5d 
Dealt to Hero [7h 3c]
Dealt to ca5376e8 
Hero: folds
a6db68b1: folds
b486ea5d: folds
b6a438c1: folds
e185fa4: folds
d987e96d: calls $2
ca5376e8: checks
*** FLOP *** [6h 2d 9d]
d987e96d: checks
ca5376e8: checks
*** TURN *** [6h 2d 9d] [2c]
d987e96d: checks
ca5376e8: checks
*** RIVER *** [6h 2d 9d 2c] [Qc]
d987e96d: checks
ca5376e8: bets $4
d987e96d: folds
Uncalled bet ($4) returned to ca5376e8
*** SHOWDOWN ***
ca5376e8 collected $8 from pot
*** SUMMARY ***
Total pot $8
Board [6h 2d 9d 2c Qc]
Seat 5: a6db68b1 folded before Flop (didn't bet)
Seat 1: e185fa4 folded before Flop (didn't bet)
Seat 2: d987e96d(small blind) folded on the River
Seat 7: b6a438c1 folded before Flop (didn't bet)
Seat 6: b486ea5d folded before Flop (didn't bet)
Seat 4: Hero folded before Flop (didn't bet)
Seat 3: ca5376e8(big blind)won ($8) with Pair of Queens and Pair of Twos



Poker Hand #ring_828812793: NLH No Limit ($2/$4) - 2025/04/18 00:02:22
Table 'MR NLH 2/4' 7-max Seat #7 is the button
Seat 5: a6db68b1 ($371.99 in chips)
Seat 1: e185fa4 ($739.27 in chips)
Seat 2: d987e96d ($263.85 in chips)
Seat 7: b6a438c1 ($994.95 in chips)
Seat 6: b486ea5d ($985.97 in chips)
Seat 4: Hero ($294.99 in chips)
Seat 3: ca5376e8 ($806.11 in chips)
e185fa4: posts small blind $2
d987e96d: posts big blind $4
*** HOLE CARDS ***
Dealt to a6db68b1 
Dealt to e185fa4 
Dealt to d987e96d 
Dealt to b6a438c1 
Dealt to b486ea5d 
Dealt to Hero [7s 7h]
Dealt to ca5376e8 
ca5376e8: raises $8 to $12
Hero: calls $12
a6db68b1: folds
b486ea5d: raises $38 to $50
b6a438c1: folds
e185fa4: folds
d987e96d: folds
ca5376e8: calls $38
Hero: calls $38
*** FLOP *** [Jc 5d 5s]
ca5376e8: checks
Hero: checks
b486ea5d: bets $39
ca5376e8: folds
Hero: calls $39
*** TURN *** [Jc 5d 5s] [Kh]
Hero: checks
b486ea5d: checks
*** RIVER *** [Jc 5d 5s Kh] [Qd]
Hero: bets $100
b486ea5d: folds
Uncalled bet ($100) returned to Hero
*** SHOWDOWN ***
Hero collected $234 from pot
*** SUMMARY ***
Total pot $234
Board [Jc 5d 5s Kh Qd]
Seat 5: a6db68b1 folded before Flop (didn't bet)
Seat 1: e185fa4(small blind) folded before Flop
Seat 2: d987e96d(big blind) folded before Flop
Seat 7: b6a438c1 folded before Flop (didn't bet)
Seat 6: b486ea5d folded on the River
Seat 4: Herowon ($234) with Pair of Sevens and Pair of Fives
Seat 3: ca5376e8 folded on the Flop



Poker Hand #ring_828810459: NLH No Limit ($2/$4) - 2025/04/18 00:00:56
Table 'MR NLH 2/4' 7-max Seat #6 is the button
Seat 5: a6db68b1 ($345.51 in chips)
Seat 1: e185fa4 ($743.27 in chips)
Seat 2: d987e96d ($263.85 in chips)
Seat 7: b6a438c1 ($1,020.95 in chips)
Seat 6: b486ea5d ($985.97 in chips)
Seat 4: Hero ($294.99 in chips)
Seat 3: ca5376e8 ($806.11 in chips)
b6a438c1: posts small blind $2
e185fa4: posts big blind $4
*** HOLE CARDS ***
Dealt to a6db68b1 
Dealt to e185fa4 
Dealt to d987e96d 
Dealt to b6a438c1 
Dealt to b486ea5d 
Dealt to Hero [8c 9d]
Dealt to ca5376e8 
d987e96d: folds
ca5376e8: folds
Hero: folds
a6db68b1: raises $8 to $12
b486ea5d: folds
b6a438c1: calls $10
e185fa4: folds
*** FLOP *** [6d 3d Th]
b6a438c1: checks
a6db68b1: bets $14
b6a438c1: calls $14
*** TURN *** [6d 3d Th] [7s]
b6a438c1: checks
a6db68b1: checks
*** RIVER *** [6d 3d Th 7s] [Ac]
b6a438c1: checks
a6db68b1: checks
a6db68b1: shows [Ah Kd]
b6a438c1: shows [9s 6s]
*** SHOWDOWN ***
a6db68b1 collected $56 from pot
*** SUMMARY ***
Total pot $56
Board [6d 3d Th 7s Ac]
Seat 5: a6db68b1 showed [Ah Kd] and won ($56) with Pair of Aces
Seat 1: e185fa4(big blind) folded before Flop
Seat 2: d987e96d folded before Flop (didn't bet)
Seat 7: b6a438c1(small blind) showed [9s 6s] and lost with Pair of Sixes
Seat 6: b486ea5d folded before Flop (didn't bet)
Seat 4: Hero folded before Flop (didn't bet)
Seat 3: ca5376e8 folded before Flop (didn't bet)



Poker Hand #ring_828808743: NLH No Limit ($2/$4) - 2025/04/17 23:59:52
Table 'MR NLH 2/4' 7-max Seat #5 is the button
Seat 5: a6db68b1 ($345.51 in chips)
Seat 1: e185fa4 ($753.27 in chips)
Seat 2: d987e96d ($232.16 in chips)
Seat 7: b6a438c1 ($1,024.95 in chips)
Seat 6: b486ea5d ($1,007.19 in chips)
Seat 4: Hero ($294.99 in chips)
Seat 3: ca5376e8 ($806.11 in chips)
b486ea5d: posts small blind $2
b6a438c1: posts big blind $4
*** HOLE CARDS ***
Dealt to a6db68b1 
Dealt to e185fa4 
Dealt to d987e96d 
Dealt to b6a438c1 
Dealt to b486ea5d 
Dealt to Hero [Ts Ad]
Dealt to ca5376e8 
e185fa4: calls $4
d987e96d: raises $6 to $10
ca5376e8: folds
Hero: folds
a6db68b1: folds
b486ea5d: calls $8
b6a438c1: folds
e185fa4: calls $6
*** FLOP *** [6h Jh 2d]
b486ea5d: checks
e185fa4: checks
d987e96d: bets $11.22
b486ea5d: calls $11.22
e185fa4: folds
*** TURN *** [6h Jh 2d] [Tc]
b486ea5d: checks
d987e96d: bets $42.33
b486ea5d: folds
Uncalled bet ($42.33) returned to d987e96d
*** SHOWDOWN ***
d987e96d collected $56.44 from pot
*** SUMMARY ***
Total pot $56.44
Board [6h Jh 2d Tc]
Seat 5: a6db68b1 folded before Flop (didn't bet)
Seat 1: e185fa4 folded on the Flop
Seat 2: d987e96dwon ($56.44) with Ace-High
Seat 7: b6a438c1(big blind) folded before Flop
Seat 6: b486ea5d(small blind) folded on the Turn
Seat 4: Hero folded before Flop (didn't bet)
Seat 3: ca5376e8 folded before Flop (didn't bet)



Poker Hand #ring_828807748: NLH No Limit ($2/$4) - 2025/04/17 23:59:15
Table 'MR NLH 2/4' 7-max Seat #4 is the button
Seat 5: a6db68b1 ($341.51 in chips)
Seat 1: e185fa4 ($753.27 in chips)
Seat 2: d987e96d ($232.16 in chips)
Seat 7: b6a438c1 ($1,024.95 in chips)
Seat 6: b486ea5d ($1,011.19 in chips)
Seat 4: Hero ($294.99 in chips)
Seat 3: ca5376e8 ($806.11 in chips)
a6db68b1: posts small blind $2
b486ea5d: posts big blind $4
*** HOLE CARDS ***
Dealt to a6db68b1 
Dealt to e185fa4 
Dealt to d987e96d 
Dealt to b6a438c1 
Dealt to b486ea5d 
Dealt to Hero [Js 8c]
Dealt to ca5376e8 
b6a438c1: folds
e185fa4: folds
d987e96d: folds
ca5376e8: folds
Hero: folds
a6db68b1: raises $7 to $11
b486ea5d: folds
Uncalled bet ($7) returned to a6db68b1
*** SHOWDOWN ***
a6db68b1 collected $8 from pot
*** SUMMARY ***
Total pot $8
Seat 5: a6db68b1(small blind)won ($8)
Seat 1: e185fa4 folded before Flop (didn't bet)
Seat 2: d987e96d folded before Flop (didn't bet)
Seat 7: b6a438c1 folded before Flop (didn't bet)
Seat 6: b486ea5d(big blind) folded before Flop
Seat 4: Hero folded before Flop (didn't bet)
Seat 3: ca5376e8 folded before Flop (didn't bet)



Poker Hand #ring_828806498: NLH No Limit ($2/$4) - 2025/04/17 23:58:29
Table 'MR NLH 2/4' 7-max Seat #3 is the button
Seat 5: a6db68b1 ($331.51 in chips)
Seat 1: e185fa4 ($753.27 in chips)
Seat 2: d987e96d ($232.16 in chips)
Seat 7: b6a438c1 ($1,024.95 in chips)
Seat 6: b486ea5d ($1,011.19 in chips)
Seat 4: Hero ($304.99 in chips)
Seat 3: ca5376e8 ($806.11 in chips)
Hero: posts small blind $2
a6db68b1: posts big blind $4
*** HOLE CARDS ***
Dealt to a6db68b1 
Dealt to e185fa4 
Dealt to d987e96d 
Dealt to b6a438c1 
Dealt to b486ea5d 
Dealt to Hero [8c Kc]
Dealt to ca5376e8 
b486ea5d: folds
b6a438c1: folds
e185fa4: folds
d987e96d: folds
ca5376e8: folds
Hero: raises $6 to $10
a6db68b1: raises $25 to $35
Hero: folds
Uncalled bet ($25) returned to a6db68b1
*** SHOWDOWN ***
a6db68b1 collected $20 from pot
*** SUMMARY ***
Total pot $20
Seat 5: a6db68b1(big blind)won ($20)
Seat 1: e185fa4 folded before Flop (didn't bet)
Seat 2: d987e96d folded before Flop (didn't bet)
Seat 7: b6a438c1 folded before Flop (didn't bet)
Seat 6: b486ea5d folded before Flop (didn't bet)
Seat 4: Hero(small blind) folded before Flop
Seat 3: ca5376e8 folded before Flop (didn't bet)



Poker Hand #ring_828804684: NLH No Limit ($2/$4) - 2025/04/17 23:57:22
Table 'MR NLH 2/4' 7-max Seat #2 is the button
Seat 5: a6db68b1 ($331.51 in chips)
Seat 1: e185fa4 ($753.27 in chips)
Seat 2: d987e96d ($172.1 in chips)
Seat 7: b6a438c1 ($1,024.95 in chips)
Seat 6: b486ea5d ($1,011.19 in chips)
Seat 4: Hero ($369.99 in chips)
Seat 3: ca5376e8 ($808.11 in chips)
ca5376e8: posts small blind $2
Hero: posts big blind $4
*** HOLE CARDS ***
Dealt to a6db68b1 
Dealt to e185fa4 
Dealt to d987e96d 
Dealt to b6a438c1 
Dealt to b486ea5d 
Dealt to Hero [9h 8h]
Dealt to ca5376e8 
a6db68b1: folds
b486ea5d: folds
b6a438c1: folds
e185fa4: folds
d987e96d: raises $4 to $8
ca5376e8: folds
Hero: calls $4
*** FLOP *** [6c Ts 9s]
Hero: checks
d987e96d: bets $5.94
Hero: raises $18.06 to $24
d987e96d: calls $18.06
*** TURN *** [6c Ts 9s] [Qc]
Hero: checks
d987e96d: checks
*** RIVER *** [6c Ts 9s Qc] [8c]
Hero: bets $33
d987e96d: calls $33
d987e96d: shows [7s 4s]
Hero: shows [9h 8h]
*** SHOWDOWN ***
d987e96d collected $132 from pot
*** SUMMARY ***
Total pot $132
Board [6c Ts 9s Qc 8c]
Seat 5: a6db68b1 folded before Flop (didn't bet)
Seat 1: e185fa4 folded before Flop (didn't bet)
Seat 2: d987e96d showed [7s 4s] and won ($132) with Tens-High Straight
Seat 7: b6a438c1 folded before Flop (didn't bet)
Seat 6: b486ea5d folded before Flop (didn't bet)
Seat 4: Hero(big blind) showed [9h 8h] and lost with Pair of Nines and Pair of Eights
Seat 3: ca5376e8(small blind) folded before Flop



Poker Hand #ring_828802831: NLH No Limit ($2/$4) - 2025/04/17 23:56:14
Table 'MR NLH 2/4' 7-max Seat #1 is the button
Seat 5: a6db68b1 ($331.51 in chips)
Seat 1: e185fa4 ($753.27 in chips)
Seat 2: d987e96d ($192 in chips)
Seat 7: b6a438c1 ($1,024.95 in chips)
Seat 6: b486ea5d ($1,011.19 in chips)
Seat 4: Hero ($361.88 in chips)
Seat 3: ca5376e8 ($800 in chips)
d987e96d: posts small blind $2
ca5376e8: posts big blind $4
*** HOLE CARDS ***
Dealt to a6db68b1 
Dealt to e185fa4 
Dealt to d987e96d 
Dealt to b6a438c1 
Dealt to b486ea5d 
Dealt to Hero [Qd Kh]
Dealt to ca5376e8 
Hero: raises $6 to $10
a6db68b1: folds
b486ea5d: folds
b6a438c1: folds
e185fa4: folds
d987e96d: calls $8
ca5376e8: calls $6
*** FLOP *** [7c Js As]
d987e96d: checks
ca5376e8: checks
Hero: checks
*** TURN *** [7c Js As] [Qh]
d987e96d: checks
ca5376e8: bets $9.9
Hero: calls $9.9
d987e96d: calls $9.9
*** RIVER *** [7c Js As Qh] [9d]
d987e96d: checks
ca5376e8: checks
Hero: checks
d987e96d: shows [9s 8s]
ca5376e8: shows [Qs Kd]
Hero: shows [Qd Kh]
*** SHOWDOWN ***
ca5376e8 collected $29.85 from pot
Hero collected $29.85 from pot
*** SUMMARY ***
Total pot $59.7
Board [7c Js As Qh 9d]
Seat 5: a6db68b1 folded before Flop (didn't bet)
Seat 1: e185fa4 folded before Flop (didn't bet)
Seat 2: d987e96d(small blind) showed [9s 8s] and lost with Pair of Nines
Seat 7: b6a438c1 folded before Flop (didn't bet)
Seat 6: b486ea5d folded before Flop (didn't bet)
Seat 4: Hero showed [Qd Kh] and won ($29.85) with Pair of Queens
Seat 3: ca5376e8(big blind) showed [Qs Kd] and won ($29.85) with Pair of Queens



Poker Hand #ring_828802055: NLH No Limit ($2/$4) - 2025/04/17 23:55:46
Table 'MR NLH 2/4' 7-max Seat #7 is the button
Seat 5: a6db68b1 ($331.51 in chips)
Seat 1: e185fa4 ($755.27 in chips)
Seat 2: d987e96d ($196 in chips)
Seat 7: b6a438c1 ($1,018.95 in chips)
Seat 6: b486ea5d ($1,011.19 in chips)
Seat 4: Hero ($361.88 in chips)
Seat 3: ca5376e8 ($800 in chips)
e185fa4: posts small blind $2
d987e96d: posts big blind $4
*** HOLE CARDS ***
Dealt to a6db68b1 
Dealt to e185fa4 
Dealt to d987e96d 
Dealt to b6a438c1 
Dealt to b486ea5d 
Dealt to Hero [9d 5h]
Dealt to ca5376e8 
ca5376e8: folds
Hero: folds
a6db68b1: folds
b486ea5d: folds
b6a438c1: raises $12 to $16
e185fa4: folds
d987e96d: folds
Uncalled bet ($12) returned to b6a438c1
*** SHOWDOWN ***
b6a438c1 collected $10 from pot
*** SUMMARY ***
Total pot $10
Seat 5: a6db68b1 folded before Flop (didn't bet)
Seat 1: e185fa4(small blind) folded before Flop
Seat 2: d987e96d(big blind) folded before Flop
Seat 7: b6a438c1won ($10)
Seat 6: b486ea5d folded before Flop (didn't bet)
Seat 4: Hero folded before Flop (didn't bet)
Seat 3: ca5376e8 folded before Flop (didn't bet)



Poker Hand #ring_828801078: NLH No Limit ($2/$4) - 2025/04/17 23:55:09
Table 'MR NLH 2/4' 7-max Seat #6 is the button
Seat 5: a6db68b1 ($331.51 in chips)
Seat 1: e185fa4 ($759.27 in chips)
Seat 2: d987e96d ($196 in chips)
Seat 7: b6a438c1 ($1,020.95 in chips)
Seat 6: b486ea5d ($993.19 in chips)
Seat 4: Hero ($361.88 in chips)
Seat 3: ca5376e8 ($806 in chips)
b6a438c1: posts small blind $2
e185fa4: posts big blind $4
*** HOLE CARDS ***
Dealt to a6db68b1 
Dealt to e185fa4 
Dealt to d987e96d 
Dealt to b6a438c1 
Dealt to b486ea5d 
Dealt to Hero [5s 7d]
Dealt to ca5376e8 
d987e96d: folds
ca5376e8: raises $8 to $12
Hero: folds
a6db68b1: folds
b486ea5d: raises $28 to $40
b6a438c1: folds
e185fa4: folds
ca5376e8: folds
Uncalled bet ($28) returned to b486ea5d
*** SHOWDOWN ***
b486ea5d collected $30 from pot
*** SUMMARY ***
Total pot $30
Seat 5: a6db68b1 folded before Flop (didn't bet)
Seat 1: e185fa4(big blind) folded before Flop
Seat 2: d987e96d folded before Flop (didn't bet)
Seat 7: b6a438c1(small blind) folded before Flop
Seat 6: b486ea5dwon ($30)
Seat 4: Hero folded before Flop (didn't bet)
Seat 3: ca5376e8 folded before Flop



Poker Hand #ring_828799314: NLH No Limit ($2/$4) - 2025/04/17 23:54:04
Table 'MR NLH 2/4' 7-max Seat #5 is the button
Seat 5: a6db68b1 ($331.51 in chips)
Seat 1: e185fa4 ($816.27 in chips)
Seat 2: d987e96d ($196 in chips)
Seat 7: b6a438c1 ($1,024.95 in chips)
Seat 6: b486ea5d ($995.19 in chips)
Seat 4: Hero ($305.28 in chips)
Seat 3: ca5376e8 ($806 in chips)
b486ea5d: posts small blind $2
b6a438c1: posts big blind $4
*** HOLE CARDS ***
Dealt to a6db68b1 
Dealt to e185fa4 
Dealt to d987e96d 
Dealt to b6a438c1 
Dealt to b486ea5d 
Dealt to Hero [Td Jd]
Dealt to ca5376e8 
e185fa4: calls $4
d987e96d: folds
ca5376e8: folds
Hero: raises $8 to $12
a6db68b1: folds
b486ea5d: folds
b6a438c1: folds
e185fa4: calls $8
*** FLOP *** [Ad Qd 6d]
e185fa4: checks
Hero: checks
*** TURN *** [Ad Qd 6d] [Jh]
e185fa4: checks
Hero: bets $15
e185fa4: calls $15
*** RIVER *** [Ad Qd 6d Jh] [Qs]
e185fa4: checks
Hero: bets $30
e185fa4: calls $30
e185fa4: shows [4s As]
Hero: shows [Td Jd]
*** SHOWDOWN ***
Hero collected $120 from pot
*** SUMMARY ***
Total pot $120
Board [Ad Qd 6d Jh Qs]
Seat 5: a6db68b1 folded before Flop (didn't bet)
Seat 1: e185fa4 showed [4s As] and lost with Pair of Aces and Pair of Queens
Seat 2: d987e96d folded before Flop (didn't bet)
Seat 7: b6a438c1(big blind) folded before Flop
Seat 6: b486ea5d(small blind) folded before Flop
Seat 4: Hero showed [Td Jd] and won ($120) with Ace High Flush
Seat 3: ca5376e8 folded before Flop (didn't bet)



Poker Hand #ring_828798351: NLH No Limit ($2/$4) - 2025/04/17 23:53:29
Table 'MR NLH 2/4' 7-max Seat #4 is the button
Seat 5: a6db68b1 ($333.51 in chips)
Seat 1: e185fa4 ($816.27 in chips)
Seat 2: d987e96d ($196 in chips)
Seat 7: b6a438c1 ($1,024.95 in chips)
Seat 6: b486ea5d ($999.19 in chips)
Seat 4: Hero ($305.28 in chips)
Seat 3: ca5376e8 ($800 in chips)
a6db68b1: posts small blind $2
b486ea5d: posts big blind $4
*** HOLE CARDS ***
Dealt to a6db68b1 
Dealt to e185fa4 
Dealt to d987e96d 
Dealt to b6a438c1 
Dealt to b486ea5d 
Dealt to Hero [Qd 5h]
Dealt to ca5376e8 
b6a438c1: folds
e185fa4: folds
d987e96d: folds
ca5376e8: raises $8 to $12
Hero: folds
a6db68b1: folds
b486ea5d: folds
Uncalled bet ($8) returned to ca5376e8
*** SHOWDOWN ***
ca5376e8 collected $10 from pot
*** SUMMARY ***
Total pot $10
Seat 5: a6db68b1(small blind) folded before Flop
Seat 1: e185fa4 folded before Flop (didn't bet)
Seat 2: d987e96d folded before Flop (didn't bet)
Seat 7: b6a438c1 folded before Flop (didn't bet)
Seat 6: b486ea5d(big blind) folded before Flop
Seat 4: Hero folded before Flop (didn't bet)
Seat 3: ca5376e8won ($10)



Poker Hand #ring_828797167: NLH No Limit ($2/$4) - 2025/04/17 23:52:45
Table 'MR NLH 2/4' 7-max Seat #3 is the button
Seat 5: a6db68b1 ($337.51 in chips)
Seat 1: e185fa4 ($816.27 in chips)
Seat 2: d987e96d ($200 in chips)
Seat 7: b6a438c1 ($1,024.95 in chips)
Seat 6: b486ea5d ($999.19 in chips)
Seat 4: Hero ($297.82 in chips)
Seat 3: ca5376e8 ($800 in chips)
Hero: posts small blind $2
a6db68b1: posts big blind $4
d987e96d: posts big blind $4
*** HOLE CARDS ***
Dealt to a6db68b1 
Dealt to e185fa4 
Dealt to d987e96d 
Dealt to b6a438c1 
Dealt to b486ea5d 
Dealt to Hero [6s 3d]
Dealt to ca5376e8 
b486ea5d: folds
b6a438c1: folds
e185fa4: folds
d987e96d: checks
ca5376e8: folds
Hero: calls $2
a6db68b1: checks
*** FLOP *** [5s 4h 7c]
Hero: bets $6
a6db68b1: folds
d987e96d: folds
Uncalled bet ($6) returned to Hero
*** SHOWDOWN ***
Hero collected $12 from pot
*** SUMMARY ***
Total pot $12
Board [5s 4h 7c]
Seat 5: a6db68b1(big blind) folded on the Flop
Seat 1: e185fa4 folded before Flop (didn't bet)
Seat 2: d987e96d folded on the Flop
Seat 7: b6a438c1 folded before Flop (didn't bet)
Seat 6: b486ea5d folded before Flop (didn't bet)
Seat 4: Hero(small blind)won ($12) with Sevens-High Straight
Seat 3: ca5376e8 folded before Flop (didn't bet)



Poker Hand #ring_828795154: NLH No Limit ($2/$4) - 2025/04/17 23:51:31
Table 'MR NLH 2/4' 7-max Seat #1 is the button
Seat 5: a6db68b1 ($341.51 in chips)
Seat 1: e185fa4 ($816.27 in chips)
Seat 7: b6a438c1 ($1,024.95 in chips)
Seat 6: b486ea5d ($999.19 in chips)
Seat 4: Hero ($284.9 in chips)
Seat 3: ca5376e8 ($800 in chips)
ca5376e8: posts small blind $2
Hero: posts big blind $4
*** HOLE CARDS ***
Dealt to a6db68b1 
Dealt to e185fa4 
Dealt to b6a438c1 
Dealt to b486ea5d 
Dealt to Hero [Ah 2s]
Dealt to ca5376e8 
a6db68b1: calls $4
b486ea5d: folds
b6a438c1: folds
e185fa4: folds
ca5376e8: calls $2
Hero: checks
*** FLOP *** [6c 3c As]
ca5376e8: bets $6
Hero: calls $6
a6db68b1: folds
*** TURN *** [6c 3c As] [7c]
ca5376e8: checks
Hero: checks
*** RIVER *** [6c 3c As 7c] [5h]
ca5376e8: checks
Hero: checks
ca5376e8: shows [8s 8h]
Hero: shows [Ah 2s]
*** SHOWDOWN ***
Hero collected $24 from pot
*** SUMMARY ***
Total pot $24
Board [6c 3c As 7c 5h]
Seat 5: a6db68b1 folded on the Flop
Seat 1: e185fa4 folded before Flop (didn't bet)
Seat 7: b6a438c1 folded before Flop (didn't bet)
Seat 6: b486ea5d folded before Flop (didn't bet)
Seat 4: Hero(big blind) showed [Ah 2s] and won ($24) with Pair of Aces
Seat 3: ca5376e8(small blind) showed [8s 8h] and lost with Pair of Eights



Poker Hand #ring_828792926: NLH No Limit ($2/$4) - 2025/04/17 23:50:08
Table 'MR NLH 2/4' 7-max Seat #7 is the button
Seat 5: a6db68b1 ($341.51 in chips)
Seat 1: e185fa4 ($818.27 in chips)
Seat 7: b6a438c1 ($995.37 in chips)
Seat 6: b486ea5d ($999.19 in chips)
Seat 4: Hero ($284.9 in chips)
Seat 3: ca5376e8 ($816.65 in chips)
e185fa4: posts small blind $2
ca5376e8: posts big blind $4
*** HOLE CARDS ***
Dealt to a6db68b1 
Dealt to e185fa4 
Dealt to b6a438c1 
Dealt to b486ea5d 
Dealt to Hero [Qs 3c]
Dealt to ca5376e8 
Hero: folds
a6db68b1: folds
b486ea5d: folds
b6a438c1: raises $8 to $12
e185fa4: folds
ca5376e8: calls $8
*** FLOP *** [5c 8h Ts]
ca5376e8: checks
b6a438c1: bets $19.5
ca5376e8: calls $19.5
*** TURN *** [5c 8h Ts] [Jc]
ca5376e8: checks
b6a438c1: checks
*** RIVER *** [5c 8h Ts Jc] [Qh]
ca5376e8: checks
b6a438c1: bets $48.75
ca5376e8: folds
Uncalled bet ($48.75) returned to b6a438c1
*** SHOWDOWN ***
b6a438c1 collected $65 from pot
*** SUMMARY ***
Total pot $65
Board [5c 8h Ts Jc Qh]
Seat 5: a6db68b1 folded before Flop (didn't bet)
Seat 1: e185fa4(small blind) folded before Flop
Seat 7: b6a438c1won ($65) with Pair of Fours
Seat 6: b486ea5d folded before Flop (didn't bet)
Seat 4: Hero folded before Flop (didn't bet)
Seat 3: ca5376e8(big blind) folded on the River



Poker Hand #ring_828792402: NLH No Limit ($2/$4) - 2025/04/17 23:49:49
Table 'MR NLH 2/4' 7-max Seat #6 is the button
Seat 5: a6db68b1 ($341.51 in chips)
Seat 1: e185fa4 ($816.27 in chips)
Seat 7: b6a438c1 ($997.37 in chips)
Seat 6: b486ea5d ($999.19 in chips)
Seat 4: Hero ($284.9 in chips)
Seat 3: ca5376e8 ($816.65 in chips)
b6a438c1: posts small blind $2
e185fa4: posts big blind $4
*** HOLE CARDS ***
Dealt to a6db68b1 
Dealt to e185fa4 
Dealt to b6a438c1 
Dealt to b486ea5d 
Dealt to Hero [Jh 6c]
Dealt to ca5376e8 
ca5376e8: folds
Hero: folds
a6db68b1: folds
b486ea5d: folds
b6a438c1: folds
*** SHOWDOWN ***
e185fa4 collected $6 from pot
*** SUMMARY ***
Total pot $6
Seat 5: a6db68b1 folded before Flop (didn't bet)
Seat 1: e185fa4(big blind)won ($6)
Seat 7: b6a438c1(small blind) folded before Flop
Seat 6: b486ea5d folded before Flop (didn't bet)
Seat 4: Hero folded before Flop (didn't bet)
Seat 3: ca5376e8 folded before Flop (didn't bet)



Poker Hand #ring_828791461: NLH No Limit ($2/$4) - 2025/04/17 23:49:14
Table 'MR NLH 2/4' 7-max Seat #5 is the button
Seat 5: a6db68b1 ($341.51 in chips)
Seat 1: e185fa4 ($828.27 in chips)
Seat 7: b6a438c1 ($1,001.37 in chips)
Seat 6: b486ea5d ($1,001.19 in chips)
Seat 4: Hero ($284.9 in chips)
Seat 3: ca5376e8 ($800 in chips)
b486ea5d: posts small blind $2
b6a438c1: posts big blind $4
*** HOLE CARDS ***
Dealt to a6db68b1 
Dealt to e185fa4 
Dealt to b6a438c1 
Dealt to b486ea5d 
Dealt to Hero [6h Js]
Dealt to ca5376e8 
e185fa4: calls $4
ca5376e8: raises $8 to $12
Hero: folds
a6db68b1: folds
b486ea5d: folds
b6a438c1: folds
e185fa4: calls $8
*** FLOP *** [2s Td 2d]
e185fa4: checks
ca5376e8: bets $9.9
e185fa4: folds
Uncalled bet ($9.9) returned to ca5376e8
*** SHOWDOWN ***
ca5376e8 collected $30 from pot
*** SUMMARY ***
Total pot $30
Board [2s Td 2d]
Seat 5: a6db68b1 folded before Flop (didn't bet)
Seat 1: e185fa4 folded on the Flop
Seat 7: b6a438c1(big blind) folded before Flop
Seat 6: b486ea5d(small blind) folded before Flop
Seat 4: Hero folded before Flop (didn't bet)
Seat 3: ca5376e8won ($30) with Pair of Twos



Poker Hand #ring_828789895: NLH No Limit ($2/$4) - 2025/04/17 23:48:17
Table 'MR NLH 2/4' 7-max Seat #4 is the button
Seat 2: f3f6e151 ($774 in chips)
Seat 5: a6db68b1 ($278 in chips)
Seat 1: e185fa4 ($840.27 in chips)
Seat 7: b6a438c1 ($1,001.37 in chips)
Seat 6: b486ea5d ($1,005.19 in chips)
Seat 4: Hero ($284.9 in chips)
Seat 3: ca5376e8 ($808 in chips)
a6db68b1: posts small blind $2
b486ea5d: posts big blind $4
ca5376e8: posts big blind $0
ca5376e8: posts small blind $2
*** HOLE CARDS ***
Dealt to f3f6e151 
Dealt to a6db68b1 
Dealt to e185fa4 
Dealt to b6a438c1 
Dealt to b486ea5d 
Dealt to Hero [2d 9c]
Dealt to ca5376e8 
b6a438c1: folds
e185fa4: raises $8 to $12
f3f6e151: folds
ca5376e8: calls $12
Hero: folds
a6db68b1: raises $40 to $52
b486ea5d: folds
e185fa4: folds
ca5376e8: calls $40
*** FLOP *** [4c 3c 8d]
a6db68b1: bets $90
ca5376e8: folds
Uncalled bet ($90) returned to a6db68b1
*** SHOWDOWN ***
a6db68b1 collected $122 from pot
*** SUMMARY ***
Total pot $120
Board [4c 3c 8d]
Seat 2: f3f6e151 folded before Flop (didn't bet)
Seat 5: a6db68b1(small blind)won ($122) with Pair of Kings
Seat 1: e185fa4 folded before Flop
Seat 7: b6a438c1 folded before Flop (didn't bet)
Seat 6: b486ea5d(big blind) folded before Flop
Seat 4: Hero folded before Flop (didn't bet)
Seat 3: ca5376e8 folded on the Flop



Poker Hand #ring_828788066: NLH No Limit ($2/$4) - 2025/04/17 23:47:08
Table 'MR NLH 2/4' 7-max Seat #0 is the button
Seat 2: f3f6e151 ($774 in chips)
Seat 5: a6db68b1 ($288 in chips)
Seat 1: e185fa4 ($840.27 in chips)
Seat 7: b6a438c1 ($1,001.37 in chips)
Seat 6: b486ea5d ($1,005.19 in chips)
Seat 4: Hero ($275.8 in chips)
Hero: posts small blind $2
a6db68b1: posts big blind $4
*** HOLE CARDS ***
Dealt to f3f6e151 
Dealt to a6db68b1 
Dealt to e185fa4 
Dealt to b6a438c1 
Dealt to b486ea5d 
Dealt to Hero [Kd 5h]
b486ea5d: folds
b6a438c1: folds
e185fa4: folds
f3f6e151: folds
Hero: raises $6 to $10
a6db68b1: calls $6
*** FLOP *** [Qh Ts 8d]
Hero: checks
a6db68b1: checks
*** TURN *** [Qh Ts 8d] [5s]
Hero: bets $6
a6db68b1: folds
Uncalled bet ($6) returned to Hero
*** SHOWDOWN ***
Hero collected $20 from pot
*** SUMMARY ***
Total pot $20
Board [Qh Ts 8d 5s]
Seat 2: f3f6e151 folded before Flop (didn't bet)
Seat 5: a6db68b1(big blind) folded on the Turn
Seat 1: e185fa4 folded before Flop (didn't bet)
Seat 7: b6a438c1 folded before Flop (didn't bet)
Seat 6: b486ea5d folded before Flop (didn't bet)
Seat 4: Hero(small blind)won ($20) with Pair of Fives



Poker Hand #ring_828787538: NLH No Limit ($2/$4) - 2025/04/17 23:46:49
Table 'MR NLH 2/4' 7-max Seat #2 is the button
Seat 2: f3f6e151 ($774 in chips)
Seat 5: a6db68b1 ($288 in chips)
Seat 1: e185fa4 ($840.27 in chips)
Seat 7: b6a438c1 ($1,001.37 in chips)
Seat 6: b486ea5d ($1,005.19 in chips)
Seat 4: Hero ($275.8 in chips)
Hero: posts big blind $4
*** HOLE CARDS ***
Dealt to f3f6e151 
Dealt to a6db68b1 
Dealt to e185fa4 
Dealt to b6a438c1 
Dealt to b486ea5d 
Dealt to Hero [7h 7c]
a6db68b1: folds
b486ea5d: folds
b6a438c1: folds
e185fa4: folds
f3f6e151: folds
Uncalled bet ($4) returned to Hero
*** SHOWDOWN ***
Hero collected $0 from pot
*** SUMMARY ***
Total pot $0
Seat 2: f3f6e151 folded before Flop (didn't bet)
Seat 5: a6db68b1 folded before Flop (didn't bet)
Seat 1: e185fa4 folded before Flop (didn't bet)
Seat 7: b6a438c1 folded before Flop (didn't bet)
Seat 6: b486ea5d folded before Flop (didn't bet)
Seat 4: Hero(big blind)lost



Poker Hand #ring_828786425: NLH No Limit ($2/$4) - 2025/04/17 23:46:07
Table 'MR NLH 2/4' 7-max Seat #1 is the button
Seat 2: f3f6e151 ($776 in chips)
Seat 5: a6db68b1 ($288 in chips)
Seat 1: e185fa4 ($840.27 in chips)
Seat 7: b6a438c1 ($1,001.37 in chips)
Seat 6: b486ea5d ($999.19 in chips)
Seat 4: Hero ($275.8 in chips)
Seat 3: ca5376e8 ($812 in chips)
f3f6e151: posts small blind $2
ca5376e8: posts big blind $4
*** HOLE CARDS ***
Dealt to f3f6e151 
Dealt to a6db68b1 
Dealt to e185fa4 
Dealt to b6a438c1 
Dealt to b486ea5d 
Dealt to Hero [3h 8c]
Dealt to ca5376e8 
Hero: folds
a6db68b1: folds
b486ea5d: raises $6 to $10
b6a438c1: folds
e185fa4: folds
f3f6e151: folds
ca5376e8: folds
Uncalled bet ($6) returned to b486ea5d
*** SHOWDOWN ***
b486ea5d collected $10 from pot
*** SUMMARY ***
Total pot $10
Seat 2: f3f6e151(small blind) folded before Flop
Seat 5: a6db68b1 folded before Flop (didn't bet)
Seat 1: e185fa4 folded before Flop (didn't bet)
Seat 7: b6a438c1 folded before Flop (didn't bet)
Seat 6: b486ea5dwon ($10)
Seat 4: Hero folded before Flop (didn't bet)
Seat 3: ca5376e8(big blind) folded before Flop



Poker Hand #ring_828785793: NLH No Limit ($2/$4) - 2025/04/17 23:45:43
Table 'MR NLH 2/4' 7-max Seat #7 is the button
Seat 2: f3f6e151 ($780 in chips)
Seat 5: a6db68b1 ($288 in chips)
Seat 1: e185fa4 ($842.27 in chips)
Seat 7: b6a438c1 ($1,001.37 in chips)
Seat 6: b486ea5d ($999.19 in chips)
Seat 4: Hero ($269.8 in chips)
Seat 3: ca5376e8 ($812 in chips)
e185fa4: posts small blind $2
f3f6e151: posts big blind $4
*** HOLE CARDS ***
Dealt to f3f6e151 
Dealt to a6db68b1 
Dealt to e185fa4 
Dealt to b6a438c1 
Dealt to b486ea5d 
Dealt to Hero [As 7s]
Dealt to ca5376e8 
ca5376e8: folds
Hero: raises $6 to $10
a6db68b1: folds
b486ea5d: folds
b6a438c1: folds
e185fa4: folds
f3f6e151: folds
Uncalled bet ($6) returned to Hero
*** SHOWDOWN ***
Hero collected $10 from pot
*** SUMMARY ***
Total pot $10
Seat 2: f3f6e151(big blind) folded before Flop
Seat 5: a6db68b1 folded before Flop (didn't bet)
Seat 1: e185fa4(small blind) folded before Flop
Seat 7: b6a438c1 folded before Flop (didn't bet)
Seat 6: b486ea5d folded before Flop (didn't bet)
Seat 4: Herowon ($10)
Seat 3: ca5376e8 folded before Flop (didn't bet)



Poker Hand #ring_828784944: NLH No Limit ($2/$4) - 2025/04/17 23:45:11
Table 'MR NLH 2/4' 7-max Seat #6 is the button
Seat 2: f3f6e151 ($780 in chips)
Seat 5: a6db68b1 ($282 in chips)
Seat 1: e185fa4 ($846.27 in chips)
Seat 7: b6a438c1 ($1,003.37 in chips)
Seat 6: b486ea5d ($999.19 in chips)
Seat 4: Hero ($269.8 in chips)
Seat 3: ca5376e8 ($812 in chips)
b6a438c1: posts small blind $2
e185fa4: posts big blind $4
*** HOLE CARDS ***
Dealt to f3f6e151 
Dealt to a6db68b1 
Dealt to e185fa4 
Dealt to b6a438c1 
Dealt to b486ea5d 
Dealt to Hero [Qd 5s]
Dealt to ca5376e8 
f3f6e151: folds
ca5376e8: folds
Hero: folds
a6db68b1: raises $8 to $12
b486ea5d: folds
b6a438c1: folds
e185fa4: folds
Uncalled bet ($8) returned to a6db68b1
*** SHOWDOWN ***
a6db68b1 collected $10 from pot
*** SUMMARY ***
Total pot $10
Seat 2: f3f6e151 folded before Flop (didn't bet)
Seat 5: a6db68b1won ($10)
Seat 1: e185fa4(big blind) folded before Flop
Seat 7: b6a438c1(small blind) folded before Flop
Seat 6: b486ea5d folded before Flop (didn't bet)
Seat 4: Hero folded before Flop (didn't bet)
Seat 3: ca5376e8 folded before Flop (didn't bet)



Poker Hand #ring_828783632: NLH No Limit ($2/$4) - 2025/04/17 23:44:21
Table 'MR NLH 2/4' 7-max Seat #5 is the button
Seat 2: f3f6e151 ($780 in chips)
Seat 5: a6db68b1 ($286 in chips)
Seat 1: e185fa4 ($850.27 in chips)
Seat 7: b6a438c1 ($994 in chips)
Seat 6: b486ea5d ($1,001.19 in chips)
Seat 4: Hero ($269.8 in chips)
Seat 3: ca5376e8 ($812 in chips)
b486ea5d: posts small blind $2
b6a438c1: posts big blind $4
*** HOLE CARDS ***
Dealt to f3f6e151 
Dealt to a6db68b1 
Dealt to e185fa4 
Dealt to b6a438c1 
Dealt to b486ea5d 
Dealt to Hero [3s 7s]
Dealt to ca5376e8 
e185fa4: calls $4
f3f6e151: folds
ca5376e8: folds
Hero: folds
a6db68b1: calls $4
b486ea5d: folds
b6a438c1: checks
*** FLOP *** [6d 3h 5c]
b6a438c1: checks
e185fa4: checks
a6db68b1: checks
*** TURN *** [6d 3h 5c] [2d]
b6a438c1: checks
e185fa4: checks
a6db68b1: checks
*** RIVER *** [6d 3h 5c 2d] [2c]
b6a438c1: bets $4.62
e185fa4: folds
a6db68b1: folds
Uncalled bet ($4.62) returned to b6a438c1
*** SHOWDOWN ***
b6a438c1 collected $14 from pot
*** SUMMARY ***
Total pot $14
Board [6d 3h 5c 2d 2c]
Seat 2: f3f6e151 folded before Flop (didn't bet)
Seat 5: a6db68b1 folded on the River
Seat 1: e185fa4 folded on the River
Seat 7: b6a438c1(big blind)won ($14) with Pair of Treys and Pair of Twos
Seat 6: b486ea5d(small blind) folded before Flop
Seat 4: Hero folded before Flop (didn't bet)
Seat 3: ca5376e8 folded before Flop (didn't bet)



Poker Hand #ring_828782972: NLH No Limit ($2/$4) - 2025/04/17 23:43:56
Table 'MR NLH 2/4' 7-max Seat #4 is the button
Seat 2: f3f6e151 ($780 in chips)
Seat 5: a6db68b1 ($288 in chips)
Seat 1: e185fa4 ($850.27 in chips)
Seat 7: b6a438c1 ($994 in chips)
Seat 6: b486ea5d ($1,005.19 in chips)
Seat 4: Hero ($269.8 in chips)
Seat 3: ca5376e8 ($806 in chips)
a6db68b1: posts small blind $2
b486ea5d: posts big blind $4
*** HOLE CARDS ***
Dealt to f3f6e151 
Dealt to a6db68b1 
Dealt to e185fa4 
Dealt to b6a438c1 
Dealt to b486ea5d 
Dealt to Hero [Kd 4h]
Dealt to ca5376e8 
b6a438c1: folds
e185fa4: folds
f3f6e151: folds
ca5376e8: raises $8 to $12
Hero: folds
a6db68b1: folds
b486ea5d: folds
Uncalled bet ($8) returned to ca5376e8
*** SHOWDOWN ***
ca5376e8 collected $10 from pot
*** SUMMARY ***
Total pot $10
Seat 2: f3f6e151 folded before Flop (didn't bet)
Seat 5: a6db68b1(small blind) folded before Flop
Seat 1: e185fa4 folded before Flop (didn't bet)
Seat 7: b6a438c1 folded before Flop (didn't bet)
Seat 6: b486ea5d(big blind) folded before Flop
Seat 4: Hero folded before Flop (didn't bet)
Seat 3: ca5376e8won ($10)



Poker Hand #ring_828781972: NLH No Limit ($2/$4) - 2025/04/17 23:43:19
Table 'MR NLH 2/4' 7-max Seat #3 is the button
Seat 2: f3f6e151 ($780 in chips)
Seat 5: a6db68b1 ($292 in chips)
Seat 1: e185fa4 ($850.27 in chips)
Seat 7: b6a438c1 ($994 in chips)
Seat 6: b486ea5d ($1,005.19 in chips)
Seat 4: Hero ($271.8 in chips)
Seat 3: ca5376e8 ($800 in chips)
Hero: posts small blind $2
a6db68b1: posts big blind $4
*** HOLE CARDS ***
Dealt to f3f6e151 
Dealt to a6db68b1 
Dealt to e185fa4 
Dealt to b6a438c1 
Dealt to b486ea5d 
Dealt to Hero [7s Jd]
Dealt to ca5376e8 
b486ea5d: folds
b6a438c1: folds
e185fa4: folds
f3f6e151: folds
ca5376e8: raises $8 to $12
Hero: folds
a6db68b1: folds
Uncalled bet ($8) returned to ca5376e8
*** SHOWDOWN ***
ca5376e8 collected $10 from pot
*** SUMMARY ***
Total pot $10
Seat 2: f3f6e151 folded before Flop (didn't bet)
Seat 5: a6db68b1(big blind) folded before Flop
Seat 1: e185fa4 folded before Flop (didn't bet)
Seat 7: b6a438c1 folded before Flop (didn't bet)
Seat 6: b486ea5d folded before Flop (didn't bet)
Seat 4: Hero(small blind) folded before Flop
Seat 3: ca5376e8won ($10)



Poker Hand #ring_828780307: NLH No Limit ($2/$4) - 2025/04/17 23:42:17
Table 'MR NLH 2/4' 7-max Seat #2 is the button
Seat 2: f3f6e151 ($780 in chips)
Seat 5: a6db68b1 ($292 in chips)
Seat 1: e185fa4 ($818.84 in chips)
Seat 7: b6a438c1 ($994 in chips)
Seat 6: b486ea5d ($1,005.19 in chips)
Seat 4: Hero ($305.33 in chips)
Seat 3: ca5376e8 ($802 in chips)
ca5376e8: posts small blind $2
Hero: posts big blind $4
*** HOLE CARDS ***
Dealt to f3f6e151 
Dealt to a6db68b1 
Dealt to e185fa4 
Dealt to b6a438c1 
Dealt to b486ea5d 
Dealt to Hero [9h Js]
Dealt to ca5376e8 
a6db68b1: folds
b486ea5d: folds
b6a438c1: folds
e185fa4: raises $8 to $12
f3f6e151: folds
ca5376e8: folds
Hero: calls $8
*** FLOP *** [Kc Qh Qc]
Hero: checks
e185fa4: bets $8.58
Hero: calls $8.58
*** TURN *** [Kc Qh Qc] [Ks]
Hero: checks
e185fa4: checks
*** RIVER *** [Kc Qh Qc Ks] [7d]
Hero: bets $12.95
e185fa4: calls $12.95
e185fa4: shows [As 6c]
Hero: shows [9h Js]
*** SHOWDOWN ***
e185fa4 collected $69.06 from pot
*** SUMMARY ***
Total pot $69.06
Board [Kc Qh Qc Ks 7d]
Seat 2: f3f6e151 folded before Flop (didn't bet)
Seat 5: a6db68b1 folded before Flop (didn't bet)
Seat 1: e185fa4 showed [As 6c] and won ($69.06) with Pair of Kings and Pair of Queens
Seat 7: b6a438c1 folded before Flop (didn't bet)
Seat 6: b486ea5d folded before Flop (didn't bet)
Seat 4: Hero(big blind) showed [9h Js] and lost with Pair of Kings and Pair of Queens
Seat 3: ca5376e8(small blind) folded before Flop



Poker Hand #ring_828779795: NLH No Limit ($2/$4) - 2025/04/17 23:41:57
Table 'MR NLH 2/4' 7-max Seat #1 is the button
Seat 2: f3f6e151 ($782 in chips)
Seat 5: a6db68b1 ($292 in chips)
Seat 1: e185fa4 ($818.84 in chips)
Seat 7: b6a438c1 ($994 in chips)
Seat 6: b486ea5d ($999.19 in chips)
Seat 4: Hero ($305.33 in chips)
Seat 3: ca5376e8 ($806 in chips)
f3f6e151: posts small blind $2
ca5376e8: posts big blind $4
*** HOLE CARDS ***
Dealt to f3f6e151 
Dealt to a6db68b1 
Dealt to e185fa4 
Dealt to b6a438c1 
Dealt to b486ea5d 
Dealt to Hero [Kh 6h]
Dealt to ca5376e8 
Hero: folds
a6db68b1: folds
b486ea5d: raises $6 to $10
b6a438c1: folds
e185fa4: folds
f3f6e151: folds
ca5376e8: folds
Uncalled bet ($6) returned to b486ea5d
*** SHOWDOWN ***
b486ea5d collected $10 from pot
*** SUMMARY ***
Total pot $10
Seat 2: f3f6e151(small blind) folded before Flop
Seat 5: a6db68b1 folded before Flop (didn't bet)
Seat 1: e185fa4 folded before Flop (didn't bet)
Seat 7: b6a438c1 folded before Flop (didn't bet)
Seat 6: b486ea5dwon ($10)
Seat 4: Hero folded before Flop (didn't bet)
Seat 3: ca5376e8(big blind) folded before Flop



Poker Hand #ring_828778727: NLH No Limit ($2/$4) - 2025/04/17 23:41:17
Table 'MR NLH 2/4' 7-max Seat #7 is the button
Seat 2: f3f6e151 ($794 in chips)
Seat 5: a6db68b1 ($292 in chips)
Seat 1: e185fa4 ($820.84 in chips)
Seat 7: b6a438c1 ($981.17 in chips)
Seat 6: b486ea5d ($999.19 in chips)
Seat 4: Hero ($305.33 in chips)
Seat 3: ca5376e8 ($806 in chips)
e185fa4: posts small blind $2
f3f6e151: posts big blind $4
*** HOLE CARDS ***
Dealt to f3f6e151 
Dealt to a6db68b1 
Dealt to e185fa4 
Dealt to b6a438c1 
Dealt to b486ea5d 
Dealt to Hero [Qc 3c]
Dealt to ca5376e8 
ca5376e8: folds
Hero: folds
a6db68b1: folds
b486ea5d: folds
b6a438c1: raises $8 to $12
e185fa4: folds
f3f6e151: calls $8
*** FLOP *** [7h 9c 2s]
f3f6e151: checks
b6a438c1: checks
*** TURN *** [7h 9c 2s] [5d]
f3f6e151: checks
b6a438c1: bets $13
f3f6e151: folds
Uncalled bet ($13) returned to b6a438c1
*** SHOWDOWN ***
b6a438c1 collected $26 from pot
*** SUMMARY ***
Total pot $26
Board [7h 9c 2s 5d]
Seat 2: f3f6e151(big blind) folded on the Turn
Seat 5: a6db68b1 folded before Flop (didn't bet)
Seat 1: e185fa4(small blind) folded before Flop
Seat 7: b6a438c1won ($26) with Pair of Nines
Seat 6: b486ea5d folded before Flop (didn't bet)
Seat 4: Hero folded before Flop (didn't bet)
Seat 3: ca5376e8 folded before Flop (didn't bet)



Poker Hand #ring_828777931: NLH No Limit ($2/$4) - 2025/04/17 23:40:48
Table 'MR NLH 2/4' 7-max Seat #6 is the button
Seat 2: f3f6e151 ($794 in chips)
Seat 5: a6db68b1 ($292 in chips)
Seat 1: e185fa4 ($817.2 in chips)
Seat 7: b6a438c1 ($985.17 in chips)
Seat 6: b486ea5d ($999.19 in chips)
Seat 4: Hero ($305.33 in chips)
Seat 3: ca5376e8 ($806 in chips)
b6a438c1: posts small blind $2
e185fa4: posts big blind $4
*** HOLE CARDS ***
Dealt to f3f6e151 
Dealt to a6db68b1 
Dealt to e185fa4 
Dealt to b6a438c1 
Dealt to b486ea5d 
Dealt to Hero [Tc 5d]
Dealt to ca5376e8 
f3f6e151: folds
ca5376e8: folds
Hero: folds
a6db68b1: folds
b486ea5d: folds
b6a438c1: calls $2
e185fa4: checks
*** FLOP *** [3s 5c Js]
b6a438c1: checks
e185fa4: checks
*** TURN *** [3s 5c Js] [6d]
b6a438c1: checks
e185fa4: bets $8
b6a438c1: folds
Uncalled bet ($8) returned to e185fa4
*** SHOWDOWN ***
e185fa4 collected $8 from pot
*** SUMMARY ***
Total pot $8
Board [3s 5c Js 6d]
Seat 2: f3f6e151 folded before Flop (didn't bet)
Seat 5: a6db68b1 folded before Flop (didn't bet)
Seat 1: e185fa4(big blind)won ($8) with Sevens-High Straight
Seat 7: b6a438c1(small blind) folded on the Turn
Seat 6: b486ea5d folded before Flop (didn't bet)
Seat 4: Hero folded before Flop (didn't bet)
Seat 3: ca5376e8 folded before Flop (didn't bet)



Poker Hand #ring_828776565: NLH No Limit ($2/$4) - 2025/04/17 23:39:57
Table 'MR NLH 2/4' 7-max Seat #5 is the button
Seat 2: f3f6e151 ($794 in chips)
Seat 5: a6db68b1 ($302 in chips)
Seat 1: e185fa4 ($817.2 in chips)
Seat 7: b6a438c1 ($989.17 in chips)
Seat 6: b486ea5d ($975.19 in chips)
Seat 4: Hero ($315.33 in chips)
Seat 3: ca5376e8 ($806 in chips)
b486ea5d: posts small blind $2
b6a438c1: posts big blind $4
*** HOLE CARDS ***
Dealt to f3f6e151 
Dealt to a6db68b1 
Dealt to e185fa4 
Dealt to b6a438c1 
Dealt to b486ea5d 
Dealt to Hero [8h 8d]
Dealt to ca5376e8 
e185fa4: folds
f3f6e151: folds
ca5376e8: folds
Hero: raises $6 to $10
a6db68b1: calls $10
b486ea5d: raises $52 to $62
b6a438c1: folds
Hero: folds
a6db68b1: folds
Uncalled bet ($52) returned to b486ea5d
*** SHOWDOWN ***
b486ea5d collected $34 from pot
*** SUMMARY ***
Total pot $34
Seat 2: f3f6e151 folded before Flop (didn't bet)
Seat 5: a6db68b1 folded before Flop
Seat 1: e185fa4 folded before Flop (didn't bet)
Seat 7: b6a438c1(big blind) folded before Flop
Seat 6: b486ea5d(small blind)won ($34)
Seat 4: Hero folded before Flop
Seat 3: ca5376e8 folded before Flop (didn't bet)



Poker Hand #ring_828775887: NLH No Limit ($2/$4) - 2025/04/17 23:39:32
Table 'MR NLH 2/4' 7-max Seat #4 is the button
Seat 2: f3f6e151 ($794 in chips)
Seat 5: a6db68b1 ($304 in chips)
Seat 1: e185fa4 ($817.2 in chips)
Seat 7: b6a438c1 ($989.17 in chips)
Seat 6: b486ea5d ($979.19 in chips)
Seat 4: Hero ($315.33 in chips)
Seat 3: ca5376e8 ($800 in chips)
a6db68b1: posts small blind $2
b486ea5d: posts big blind $4
*** HOLE CARDS ***
Dealt to f3f6e151 
Dealt to a6db68b1 
Dealt to e185fa4 
Dealt to b6a438c1 
Dealt to b486ea5d 
Dealt to Hero [Kd 6c]
Dealt to ca5376e8 
b6a438c1: folds
e185fa4: folds
f3f6e151: folds
ca5376e8: raises $8 to $12
Hero: folds
a6db68b1: folds
b486ea5d: folds
Uncalled bet ($8) returned to ca5376e8
*** SHOWDOWN ***
ca5376e8 collected $10 from pot
*** SUMMARY ***
Total pot $10
Seat 2: f3f6e151 folded before Flop (didn't bet)
Seat 5: a6db68b1(small blind) folded before Flop
Seat 1: e185fa4 folded before Flop (didn't bet)
Seat 7: b6a438c1 folded before Flop (didn't bet)
Seat 6: b486ea5d(big blind) folded before Flop
Seat 4: Hero folded before Flop (didn't bet)
Seat 3: ca5376e8won ($10)



Poker Hand #ring_828775191: NLH No Limit ($2/$4) - 2025/04/17 23:39:06
Table 'MR NLH 2/4' 7-max Seat #3 is the button
Seat 2: f3f6e151 ($794 in chips)
Seat 5: a6db68b1 ($308 in chips)
Seat 1: e185fa4 ($817.2 in chips)
Seat 7: b6a438c1 ($989.17 in chips)
Seat 6: b486ea5d ($973.19 in chips)
Seat 4: Hero ($317.33 in chips)
Seat 3: ca5376e8 ($800 in chips)
Hero: posts small blind $2
a6db68b1: posts big blind $4
*** HOLE CARDS ***
Dealt to f3f6e151 
Dealt to a6db68b1 
Dealt to e185fa4 
Dealt to b6a438c1 
Dealt to b486ea5d 
Dealt to Hero [4s 8c]
Dealt to ca5376e8 
b486ea5d: raises $6 to $10
b6a438c1: folds
e185fa4: folds
f3f6e151: folds
ca5376e8: folds
Hero: folds
a6db68b1: folds
Uncalled bet ($6) returned to b486ea5d
*** SHOWDOWN ***
b486ea5d collected $10 from pot
*** SUMMARY ***
Total pot $10
Seat 2: f3f6e151 folded before Flop (didn't bet)
Seat 5: a6db68b1(big blind) folded before Flop
Seat 1: e185fa4 folded before Flop (didn't bet)
Seat 7: b6a438c1 folded before Flop (didn't bet)
Seat 6: b486ea5dwon ($10)
Seat 4: Hero(small blind) folded before Flop
Seat 3: ca5376e8 folded before Flop (didn't bet)



Poker Hand #ring_828774428: NLH No Limit ($2/$4) - 2025/04/17 23:38:37
Table 'MR NLH 2/4' 7-max Seat #2 is the button
Seat 2: f3f6e151 ($794 in chips)
Seat 5: a6db68b1 ($308 in chips)
Seat 1: e185fa4 ($811.2 in chips)
Seat 6: b486ea5d ($973.19 in chips)
Seat 4: Hero ($321.33 in chips)
Seat 3: ca5376e8 ($802 in chips)
ca5376e8: posts small blind $2
Hero: posts big blind $4
*** HOLE CARDS ***
Dealt to f3f6e151 
Dealt to a6db68b1 
Dealt to e185fa4 
Dealt to b486ea5d 
Dealt to Hero [7c Jd]
Dealt to ca5376e8 
a6db68b1: folds
b486ea5d: folds
e185fa4: raises $8 to $12
f3f6e151: folds
ca5376e8: folds
Hero: folds
Uncalled bet ($8) returned to e185fa4
e185fa4: shows [Ah As]
*** SHOWDOWN ***
e185fa4 collected $10 from pot
*** SUMMARY ***
Total pot $10
Seat 2: f3f6e151 folded before Flop (didn't bet)
Seat 5: a6db68b1 folded before Flop (didn't bet)
Seat 1: e185fa4 showed [Ah As] and won ($10)
Seat 6: b486ea5d folded before Flop (didn't bet)
Seat 4: Hero(big blind) folded before Flop
Seat 3: ca5376e8(small blind) folded before Flop



Poker Hand #ring_828773879: NLH No Limit ($2/$4) - 2025/04/17 23:38:16
Table 'MR NLH 2/4' 7-max Seat #1 is the button
Seat 2: f3f6e151 ($796 in chips)
Seat 5: a6db68b1 ($308 in chips)
Seat 1: e185fa4 ($811.2 in chips)
Seat 6: b486ea5d ($973.19 in chips)
Seat 4: Hero ($321.33 in chips)
Seat 3: ca5376e8 ($800 in chips)
f3f6e151: posts small blind $2
ca5376e8: posts big blind $4
*** HOLE CARDS ***
Dealt to f3f6e151 
Dealt to a6db68b1 
Dealt to e185fa4 
Dealt to b486ea5d 
Dealt to Hero [5c 8s]
Dealt to ca5376e8 
Hero: folds
a6db68b1: folds
b486ea5d: folds
e185fa4: folds
f3f6e151: folds
*** SHOWDOWN ***
ca5376e8 collected $6 from pot
*** SUMMARY ***
Total pot $6
Seat 2: f3f6e151(small blind) folded before Flop
Seat 5: a6db68b1 folded before Flop (didn't bet)
Seat 1: e185fa4 folded before Flop (didn't bet)
Seat 6: b486ea5d folded before Flop (didn't bet)
Seat 4: Hero folded before Flop (didn't bet)
Seat 3: ca5376e8(big blind)won ($6)



Poker Hand #ring_828772992: NLH No Limit ($2/$4) - 2025/04/17 23:37:42
Table 'MR NLH 2/4' 7-max Seat #0 is the button
Seat 2: f3f6e151 ($806 in chips)
Seat 5: a6db68b1 ($308 in chips)
Seat 1: e185fa4 ($802.1 in chips)
Seat 6: b486ea5d ($973.19 in chips)
Seat 4: Hero ($321.33 in chips)
e185fa4: posts small blind $2
f3f6e151: posts big blind $4
*** HOLE CARDS ***
Dealt to f3f6e151 
Dealt to a6db68b1 
Dealt to e185fa4 
Dealt to b486ea5d 
Dealt to Hero [7d 3h]
Hero: folds
a6db68b1: folds
b486ea5d: folds
e185fa4: calls $2
f3f6e151: checks
*** FLOP *** [2s Kh 6c]
e185fa4: checks
f3f6e151: checks
*** TURN *** [2s Kh 6c] [4c]
e185fa4: bets $6
f3f6e151: calls $6
*** RIVER *** [2s Kh 6c 4c] [As]
e185fa4: bets $20
f3f6e151: folds
Uncalled bet ($20) returned to e185fa4
*** SHOWDOWN ***
e185fa4 collected $20 from pot
*** SUMMARY ***
Total pot $20
Board [2s Kh 6c 4c As]
Seat 2: f3f6e151(big blind) folded on the River
Seat 5: a6db68b1 folded before Flop (didn't bet)
Seat 1: e185fa4(small blind)won ($20) with Pair of Aces
Seat 6: b486ea5d folded before Flop (didn't bet)
Seat 4: Hero folded before Flop (didn't bet)



Poker Hand #ring_828772087: NLH No Limit ($2/$4) - 2025/04/17 23:37:08
Table 'MR NLH 2/4' 7-max Seat #6 is the button
Seat 2: f3f6e151 ($800 in chips)
Seat 5: a6db68b1 ($308 in chips)
Seat 1: e185fa4 ($806.1 in chips)
Seat 7: b6a438c1 ($991.17 in chips)
Seat 6: b486ea5d ($973.19 in chips)
Seat 4: Hero ($321.33 in chips)
b6a438c1: posts small blind $2
e185fa4: posts big blind $4
*** HOLE CARDS ***
Dealt to f3f6e151 
Dealt to a6db68b1 
Dealt to e185fa4 
Dealt to b6a438c1 
Dealt to b486ea5d 
Dealt to Hero [6h Qc]
f3f6e151: raises $6 to $10
Hero: folds
a6db68b1: folds
b486ea5d: folds
b6a438c1: folds
e185fa4: folds
Uncalled bet ($6) returned to f3f6e151
*** SHOWDOWN ***
f3f6e151 collected $10 from pot
*** SUMMARY ***
Total pot $10
Seat 2: f3f6e151won ($10)
Seat 5: a6db68b1 folded before Flop (didn't bet)
Seat 1: e185fa4(big blind) folded before Flop
Seat 7: b6a438c1(small blind) folded before Flop
Seat 6: b486ea5d folded before Flop (didn't bet)
Seat 4: Hero folded before Flop (didn't bet)



Poker Hand #ring_828770839: NLH No Limit ($2/$4) - 2025/04/17 23:36:21
Table 'MR NLH 2/4' 7-max Seat #5 is the button
Seat 2: f3f6e151 ($83.93 in chips)
Seat 5: a6db68b1 ($308 in chips)
Seat 1: e185fa4 ($796 in chips)
Seat 7: b6a438c1 ($1,000.17 in chips)
Seat 6: b486ea5d ($975.19 in chips)
Seat 4: Hero ($321.33 in chips)
b486ea5d: posts small blind $2
b6a438c1: posts big blind $4
*** HOLE CARDS ***
Dealt to f3f6e151 
Dealt to a6db68b1 
Dealt to e185fa4 
Dealt to b6a438c1 
Dealt to b486ea5d 
Dealt to Hero [4h 5c]
e185fa4: calls $4
f3f6e151: folds
Hero: folds
a6db68b1: folds
b486ea5d: folds
b6a438c1: checks
*** FLOP *** [9h Qc 2s]
b6a438c1: checks
e185fa4: checks
*** TURN *** [9h Qc 2s] [Kd]
b6a438c1: bets $5
e185fa4: raises $15 to $20
b6a438c1: folds
Uncalled bet ($15) returned to e185fa4
*** SHOWDOWN ***
e185fa4 collected $20 from pot
*** SUMMARY ***
Total pot $20
Board [9h Qc 2s Kd]
Seat 2: f3f6e151 folded before Flop (didn't bet)
Seat 5: a6db68b1 folded before Flop (didn't bet)
Seat 1: e185fa4won ($20) with Pair of Kings
Seat 7: b6a438c1(big blind) folded on the Turn
Seat 6: b486ea5d(small blind) folded before Flop
Seat 4: Hero folded before Flop (didn't bet)



Poker Hand #ring_828769609: NLH No Limit ($2/$4) - 2025/04/17 23:35:35
Table 'MR NLH 2/4' 7-max Seat #4 is the button
Seat 2: f3f6e151 ($117.93 in chips)
Seat 5: a6db68b1 ($310 in chips)
Seat 1: e185fa4 ($796 in chips)
Seat 7: b6a438c1 ($1,000.17 in chips)
Seat 6: b486ea5d ($943.34 in chips)
Seat 4: Hero ($321.33 in chips)
a6db68b1: posts small blind $2
b486ea5d: posts big blind $4
*** HOLE CARDS ***
Dealt to f3f6e151 
Dealt to a6db68b1 
Dealt to e185fa4 
Dealt to b6a438c1 
Dealt to b486ea5d 
Dealt to Hero [2s Ts]
b6a438c1: folds
e185fa4: folds
f3f6e151: raises $4.8 to $8.8
Hero: folds
a6db68b1: folds
b486ea5d: raises $25.2 to $34
f3f6e151: calls $25.2
*** FLOP *** [5d 3c 7s]
b486ea5d: bets $909.34 and is all-in
f3f6e151: folds
Uncalled bet ($909.34) returned to b486ea5d
*** SHOWDOWN ***
b486ea5d collected $70 from pot
*** SUMMARY ***
Total pot $70
Board [5d 3c 7s]
Seat 2: f3f6e151 folded on the Flop
Seat 5: a6db68b1(small blind) folded before Flop
Seat 1: e185fa4 folded before Flop (didn't bet)
Seat 7: b6a438c1 folded before Flop (didn't bet)
Seat 6: b486ea5d(big blind)won ($70) with Pair of Jacks
Seat 4: Hero folded before Flop (didn't bet)



Poker Hand #ring_828767992: NLH No Limit ($2/$4) - 2025/04/17 23:34:33
Table 'MR NLH 2/4' 7-max Seat #2 is the button
Seat 2: f3f6e151 ($133.93 in chips)
Seat 5: a6db68b1 ($314 in chips)
Seat 1: e185fa4 ($800 in chips)
Seat 7: b6a438c1 ($1,000.17 in chips)
Seat 6: b486ea5d ($943.34 in chips)
Seat 4: Hero ($300.13 in chips)
Hero: posts small blind $2
a6db68b1: posts big blind $4
*** HOLE CARDS ***
Dealt to f3f6e151 
Dealt to a6db68b1 
Dealt to e185fa4 
Dealt to b6a438c1 
Dealt to b486ea5d 
Dealt to Hero [Qs Kc]
b486ea5d: folds
b6a438c1: folds
e185fa4: calls $4
f3f6e151: calls $4
Hero: raises $12 to $16
a6db68b1: folds
e185fa4: folds
f3f6e151: calls $12
*** FLOP *** [3d Jd Js]
Hero: checks
f3f6e151: checks
*** TURN *** [3d Jd Js] [Qd]
Hero: bets $12
f3f6e151: folds
Uncalled bet ($12) returned to Hero
*** SHOWDOWN ***
Hero collected $40 from pot
*** SUMMARY ***
Total pot $40
Board [3d Jd Js Qd]
Seat 2: f3f6e151 folded on the Turn
Seat 5: a6db68b1(big blind) folded before Flop
Seat 1: e185fa4 folded before Flop
Seat 7: b6a438c1 folded before Flop (didn't bet)
Seat 6: b486ea5d folded before Flop (didn't bet)
Seat 4: Hero(small blind)won ($40) with Pair of Queens and Pair of Jacks



Poker Hand #ring_828765929: NLH No Limit ($2/$4) - 2025/04/17 23:33:15
Table 'MR NLH 2/4' 7-max Seat #1 is the button
Seat 2: f3f6e151 ($656.1 in chips)
Seat 5: a6db68b1 ($314 in chips)
Seat 1: e185fa4 ($668.42 in chips)
Seat 7: b6a438c1 ($522.17 in chips)
Seat 6: b486ea5d ($943.34 in chips)
Seat 4: Hero ($304.13 in chips)
f3f6e151: posts small blind $2
Hero: posts big blind $4
*** HOLE CARDS ***
Dealt to f3f6e151 
Dealt to a6db68b1 
Dealt to e185fa4 
Dealt to b6a438c1 
Dealt to b486ea5d 
Dealt to Hero [9c 6s]
a6db68b1: folds
b486ea5d: folds
b6a438c1: calls $4
e185fa4: folds
f3f6e151: raises $8 to $12
Hero: folds
b6a438c1: calls $8
*** FLOP *** [9h Jd 7c]
f3f6e151: checks
b6a438c1: checks
*** TURN *** [9h Jd 7c] [Ac]
f3f6e151: bets $14
b6a438c1: raises $28 to $42
f3f6e151: raises $56 to $98
b6a438c1: raises $412.17 to $510.17 and is all-in
f3f6e151: calls $412.17
f3f6e151: shows [9d 9s]
b6a438c1: shows [Th 8h]
*** RIVER *** [9h Jd 7c Ac] [5h]
*** SHOWDOWN ***
b6a438c1 collected $1,048.34 from pot
*** SUMMARY ***
Total pot $1,048.34
Board [9h Jd 7c Ac 5h]
Seat 2: f3f6e151(small blind) showed [9d 9s] and lost with Three Nines
Seat 5: a6db68b1 folded before Flop (didn't bet)
Seat 1: e185fa4 folded before Flop (didn't bet)
Seat 7: b6a438c1 showed [Th 8h] and won ($1,048.34) with Jacks-High Straight
Seat 6: b486ea5d folded before Flop (didn't bet)
Seat 4: Hero(big blind) folded before Flop



Poker Hand #ring_828763453: NLH No Limit ($2/$4) - 2025/04/17 23:31:41
Table 'MR NLH 2/4' 7-max Seat #7 is the button
Seat 2: f3f6e151 ($800.82 in chips)
Seat 5: a6db68b1 ($314 in chips)
Seat 1: e185fa4 ($670.42 in chips)
Seat 3: fb94d9ae ($605.65 in chips)
Seat 7: b6a438c1 ($522.17 in chips)
Seat 6: b486ea5d ($810.73 in chips)
Seat 4: Hero ($304.13 in chips)
e185fa4: posts small blind $2
f3f6e151: posts big blind $4
*** HOLE CARDS ***
Dealt to f3f6e151 
Dealt to a6db68b1 
Dealt to e185fa4 
Dealt to fb94d9ae 
Dealt to b6a438c1 
Dealt to b486ea5d 
Dealt to Hero [6s 9d]
fb94d9ae: folds
Hero: folds
a6db68b1: folds
b486ea5d: raises $6 to $10
b6a438c1: folds
e185fa4: folds
f3f6e151: calls $6
*** FLOP *** [2d 2s 4d]
f3f6e151: checks
b486ea5d: bets $7.26
f3f6e151: raises $18.26 to $25.52
b486ea5d: calls $18.26
*** TURN *** [2d 2s 4d] [6d]
f3f6e151: bets $36.52
b486ea5d: raises $72.68 to $109.2
f3f6e151: calls $72.68
*** RIVER *** [2d 2s 4d 6d] [Qc]
f3f6e151: checks
b486ea5d: bets $666.01 and is all-in
f3f6e151: folds
Uncalled bet ($666.01) returned to b486ea5d
*** SHOWDOWN ***
b486ea5d collected $291.44 from pot
*** SUMMARY ***
Total pot $291.44
Board [2d 2s 4d 6d Qc]
Seat 2: f3f6e151(big blind) folded on the River
Seat 5: a6db68b1 folded before Flop (didn't bet)
Seat 1: e185fa4(small blind) folded before Flop
Seat 3: fb94d9ae folded before Flop (didn't bet)
Seat 7: b6a438c1 folded before Flop (didn't bet)
Seat 6: b486ea5dwon ($291.44) with Ace High Flush
Seat 4: Hero folded before Flop (didn't bet)



Poker Hand #ring_828762014: NLH No Limit ($2/$4) - 2025/04/17 23:30:48
Table 'MR NLH 2/4' 7-max Seat #6 is the button
Seat 2: f3f6e151 ($800.82 in chips)
Seat 5: a6db68b1 ($314 in chips)
Seat 1: e185fa4 ($702.92 in chips)
Seat 3: fb94d9ae ($605.65 in chips)
Seat 7: b6a438c1 ($484.04 in chips)
Seat 6: b486ea5d ($820.73 in chips)
Seat 4: Hero ($304.13 in chips)
b6a438c1: posts small blind $2
e185fa4: posts big blind $4
*** HOLE CARDS ***
Dealt to f3f6e151 
Dealt to a6db68b1 
Dealt to e185fa4 
Dealt to fb94d9ae 
Dealt to b6a438c1 
Dealt to b486ea5d 
Dealt to Hero [Kd 6h]
f3f6e151: folds
fb94d9ae: folds
Hero: folds
a6db68b1: folds
b486ea5d: raises $6 to $10
b6a438c1: calls $8
e185fa4: calls $6
*** FLOP *** [7c 3c 5c]
b6a438c1: checks
e185fa4: checks
b486ea5d: checks
*** TURN *** [7c 3c 5c] [7d]
b6a438c1: checks
e185fa4: bets $22.5
b486ea5d: folds
b6a438c1: calls $22.5
*** RIVER *** [7c 3c 5c 7d] [Th]
b6a438c1: checks
e185fa4: checks
e185fa4: shows [5s 2s]
b6a438c1: shows [Kc Ts]
*** SHOWDOWN ***
b6a438c1 collected $75 from pot
*** SUMMARY ***
Total pot $75
Board [7c 3c 5c 7d Th]
Seat 2: f3f6e151 folded before Flop (didn't bet)
Seat 5: a6db68b1 folded before Flop (didn't bet)
Seat 1: e185fa4(big blind) showed [5s 2s] and lost with Pair of Sevens and Pair of Fives
Seat 3: fb94d9ae folded before Flop (didn't bet)
Seat 7: b6a438c1(small blind) showed [Kc Ts] and won ($75) with Pair of Tens and Pair of Sevens
Seat 6: b486ea5d folded on the Turn
Seat 4: Hero folded before Flop (didn't bet)



Poker Hand #ring_828761367: NLH No Limit ($2/$4) - 2025/04/17 23:30:23
Table 'MR NLH 2/4' 7-max Seat #5 is the button
Seat 2: f3f6e151 ($800.82 in chips)
Seat 5: a6db68b1 ($314 in chips)
Seat 1: e185fa4 ($702.92 in chips)
Seat 3: fb94d9ae ($605.65 in chips)
Seat 7: b6a438c1 ($488.04 in chips)
Seat 6: b486ea5d ($822.73 in chips)
Seat 4: Hero ($298.13 in chips)
b486ea5d: posts small blind $2
b6a438c1: posts big blind $4
*** HOLE CARDS ***
Dealt to f3f6e151 
Dealt to a6db68b1 
Dealt to e185fa4 
Dealt to fb94d9ae 
Dealt to b6a438c1 
Dealt to b486ea5d 
Dealt to Hero [6c Ac]
e185fa4: folds
f3f6e151: folds
fb94d9ae: folds
Hero: raises $6 to $10
a6db68b1: folds
b486ea5d: folds
b6a438c1: folds
Uncalled bet ($6) returned to Hero
*** SHOWDOWN ***
Hero collected $10 from pot
*** SUMMARY ***
Total pot $10
Seat 2: f3f6e151 folded before Flop (didn't bet)
Seat 5: a6db68b1 folded before Flop (didn't bet)
Seat 1: e185fa4 folded before Flop (didn't bet)
Seat 3: fb94d9ae folded before Flop (didn't bet)
Seat 7: b6a438c1(big blind) folded before Flop
Seat 6: b486ea5d(small blind) folded before Flop
Seat 4: Herowon ($10)



Poker Hand #ring_828759973: NLH No Limit ($2/$4) - 2025/04/17 23:29:31
Table 'MR NLH 2/4' 7-max Seat #4 is the button
Seat 2: f3f6e151 ($759.05 in chips)
Seat 5: a6db68b1 ($316 in chips)
Seat 1: e185fa4 ($706.92 in chips)
Seat 3: fb94d9ae ($642.15 in chips)
Seat 7: b6a438c1 ($488.04 in chips)
Seat 6: b486ea5d ($826.73 in chips)
Seat 4: Hero ($298.13 in chips)
a6db68b1: posts small blind $2
b486ea5d: posts big blind $4
*** HOLE CARDS ***
Dealt to f3f6e151 
Dealt to a6db68b1 
Dealt to e185fa4 
Dealt to fb94d9ae 
Dealt to b6a438c1 
Dealt to b486ea5d 
Dealt to Hero [7c 9d]
b6a438c1: folds
e185fa4: calls $4
f3f6e151: raises $16 to $20
fb94d9ae: calls $20
Hero: folds
a6db68b1: folds
b486ea5d: folds
e185fa4: folds
*** FLOP *** [8c 7s 4d]
f3f6e151: bets $16.5
fb94d9ae: calls $16.5
*** TURN *** [8c 7s 4d] [5s]
f3f6e151: bets $66.4
fb94d9ae: folds
Uncalled bet ($66.4) returned to f3f6e151
a6db68b1: shows [6c]
*** SHOWDOWN ***
f3f6e151 collected $83 from pot
*** SUMMARY ***
Total pot $83
Board [8c 7s 4d 5s]
Seat 2: f3f6e151won ($83) with Pair of Aces
Seat 5: a6db68b1(small blind) folded before Flop
Seat 1: e185fa4 folded before Flop
Seat 3: fb94d9ae folded on the Turn
Seat 7: b6a438c1 folded before Flop (didn't bet)
Seat 6: b486ea5d(big blind) folded before Flop
Seat 4: Hero folded before Flop (didn't bet)



Poker Hand #ring_828758742: NLH No Limit ($2/$4) - 2025/04/17 23:28:45
Table 'MR NLH 2/4' 7-max Seat #3 is the button
Seat 2: f3f6e151 ($759.05 in chips)
Seat 5: a6db68b1 ($326 in chips)
Seat 1: e185fa4 ($706.92 in chips)
Seat 3: fb94d9ae ($642.15 in chips)
Seat 7: b6a438c1 ($488.04 in chips)
Seat 6: b486ea5d ($815.72 in chips)
Seat 4: Hero ($300.13 in chips)
Hero: posts small blind $2
a6db68b1: posts big blind $4
*** HOLE CARDS ***
Dealt to f3f6e151 
Dealt to a6db68b1 
Dealt to e185fa4 
Dealt to fb94d9ae 
Dealt to b6a438c1 
Dealt to b486ea5d 
Dealt to Hero [3s 6c]
b486ea5d: raises $6 to $10
b6a438c1: folds
e185fa4: folds
f3f6e151: folds
fb94d9ae: folds
Hero: folds
a6db68b1: calls $6
*** FLOP *** [Ad Qc 5d]
a6db68b1: checks
b486ea5d: bets $7.26
a6db68b1: folds
Uncalled bet ($7.26) returned to b486ea5d
*** SHOWDOWN ***
b486ea5d collected $22 from pot
*** SUMMARY ***
Total pot $22
Board [Ad Qc 5d]
Seat 2: f3f6e151 folded before Flop (didn't bet)
Seat 5: a6db68b1(big blind) folded on the Flop
Seat 1: e185fa4 folded before Flop (didn't bet)
Seat 3: fb94d9ae folded before Flop (didn't bet)
Seat 7: b6a438c1 folded before Flop (didn't bet)
Seat 6: b486ea5dwon ($22) with Pair of Jacks
Seat 4: Hero(small blind) folded before Flop



Poker Hand #ring_828758199: NLH No Limit ($2/$4) - 2025/04/17 23:28:25
Table 'MR NLH 2/4' 7-max Seat #2 is the button
Seat 2: f3f6e151 ($759.05 in chips)
Seat 5: a6db68b1 ($326 in chips)
Seat 1: e185fa4 ($706.92 in chips)
Seat 3: fb94d9ae ($644.15 in chips)
Seat 7: b6a438c1 ($488.04 in chips)
Seat 6: b486ea5d ($815.72 in chips)
Seat 4: Hero ($298.13 in chips)
fb94d9ae: posts small blind $2
Hero: posts big blind $4
*** HOLE CARDS ***
Dealt to f3f6e151 
Dealt to a6db68b1 
Dealt to e185fa4 
Dealt to fb94d9ae 
Dealt to b6a438c1 
Dealt to b486ea5d 
Dealt to Hero [Ah 9d]
a6db68b1: folds
b486ea5d: folds
b6a438c1: folds
e185fa4: folds
f3f6e151: folds
fb94d9ae: folds
*** SHOWDOWN ***
Hero collected $6 from pot
*** SUMMARY ***
Total pot $6
Seat 2: f3f6e151 folded before Flop (didn't bet)
Seat 5: a6db68b1 folded before Flop (didn't bet)
Seat 1: e185fa4 folded before Flop (didn't bet)
Seat 3: fb94d9ae(small blind) folded before Flop
Seat 7: b6a438c1 folded before Flop (didn't bet)
Seat 6: b486ea5d folded before Flop (didn't bet)
Seat 4: Hero(big blind)won ($6)



Poker Hand #ring_828757085: NLH No Limit ($2/$4) - 2025/04/17 23:27:44
Table 'MR NLH 2/4' 7-max Seat #1 is the button
Seat 2: f3f6e151 ($771.05 in chips)
Seat 5: a6db68b1 ($326 in chips)
Seat 1: e185fa4 ($706.92 in chips)
Seat 3: fb94d9ae ($631.15 in chips)
Seat 7: b6a438c1 ($473.3 in chips)
Seat 6: b486ea5d ($815.72 in chips)
Seat 4: Hero ($298.13 in chips)
f3f6e151: posts small blind $2
fb94d9ae: posts big blind $4
*** HOLE CARDS ***
Dealt to f3f6e151 
Dealt to a6db68b1 
Dealt to e185fa4 
Dealt to fb94d9ae 
Dealt to b6a438c1 
Dealt to b486ea5d 
Dealt to Hero [Kc 8s]
Hero: folds
a6db68b1: folds
b486ea5d: folds
b6a438c1: raises $8 to $12
e185fa4: folds
f3f6e151: calls $10
fb94d9ae: folds
*** FLOP *** [6s Ks Qs]
f3f6e151: checks
b6a438c1: checks
*** TURN *** [6s Ks Qs] [2s]
f3f6e151: checks
b6a438c1: bets $14
f3f6e151: folds
Uncalled bet ($14) returned to b6a438c1
*** SHOWDOWN ***
b6a438c1 collected $28 from pot
*** SUMMARY ***
Total pot $28
Board [6s Ks Qs 2s]
Seat 2: f3f6e151(small blind) folded on the Turn
Seat 5: a6db68b1 folded before Flop (didn't bet)
Seat 1: e185fa4 folded before Flop (didn't bet)
Seat 3: fb94d9ae(big blind) folded before Flop
Seat 7: b6a438c1won ($28) with Ace-High
Seat 6: b486ea5d folded before Flop (didn't bet)
Seat 4: Hero folded before Flop (didn't bet)



Poker Hand #ring_828755887: NLH No Limit ($2/$4) - 2025/04/17 23:26:59
Table 'MR NLH 2/4' 7-max Seat #7 is the button
Seat 2: f3f6e151 ($791.63 in chips)
Seat 5: a6db68b1 ($326 in chips)
Seat 1: e185fa4 ($708.92 in chips)
Seat 3: fb94d9ae ($611.51 in chips)
Seat 7: b6a438c1 ($473.3 in chips)
Seat 6: b486ea5d ($815.72 in chips)
Seat 4: Hero ($298.13 in chips)
e185fa4: posts small blind $2
f3f6e151: posts big blind $4
*** HOLE CARDS ***
Dealt to f3f6e151 
Dealt to a6db68b1 
Dealt to e185fa4 
Dealt to fb94d9ae 
Dealt to b6a438c1 
Dealt to b486ea5d 
Dealt to Hero [6c Ac]
fb94d9ae: raises $8 to $12
Hero: folds
a6db68b1: folds
b486ea5d: folds
b6a438c1: folds
e185fa4: folds
f3f6e151: calls $8
*** FLOP *** [Kd Qd 7s]
f3f6e151: checks
fb94d9ae: bets $8.58
f3f6e151: calls $8.58
*** TURN *** [Kd Qd 7s] [8c]
f3f6e151: checks
fb94d9ae: checks
*** RIVER *** [Kd Qd 7s 8c] [4c]
f3f6e151: checks
fb94d9ae: checks
f3f6e151: shows [7h 6h]
fb94d9ae: shows [Ts Th]
*** SHOWDOWN ***
fb94d9ae collected $43.16 from pot
*** SUMMARY ***
Total pot $43.16
Board [Kd Qd 7s 8c 4c]
Seat 2: f3f6e151(big blind) showed [7h 6h] and lost with Pair of Sevens
Seat 5: a6db68b1 folded before Flop (didn't bet)
Seat 1: e185fa4(small blind) folded before Flop
Seat 3: fb94d9ae showed [Ts Th] and won ($43.16) with Pair of Tens
Seat 7: b6a438c1 folded before Flop (didn't bet)
Seat 6: b486ea5d folded before Flop (didn't bet)
Seat 4: Hero folded before Flop (didn't bet)



Poker Hand #ring_828755288: NLH No Limit ($2/$4) - 2025/04/17 23:26:37
Table 'MR NLH 2/4' 7-max Seat #6 is the button
Seat 2: f3f6e151 ($791.63 in chips)
Seat 5: a6db68b1 ($326 in chips)
Seat 1: e185fa4 ($712.92 in chips)
Seat 3: fb94d9ae ($611.51 in chips)
Seat 7: b6a438c1 ($475.3 in chips)
Seat 6: b486ea5d ($815.72 in chips)
Seat 4: Hero ($292.13 in chips)
b6a438c1: posts small blind $2
e185fa4: posts big blind $4
*** HOLE CARDS ***
Dealt to f3f6e151 
Dealt to a6db68b1 
Dealt to e185fa4 
Dealt to fb94d9ae 
Dealt to b6a438c1 
Dealt to b486ea5d 
Dealt to Hero [Ac Ks]
f3f6e151: folds
fb94d9ae: folds
Hero: raises $8 to $12
a6db68b1: folds
b486ea5d: folds
b6a438c1: folds
e185fa4: folds
Uncalled bet ($8) returned to Hero
*** SHOWDOWN ***
Hero collected $10 from pot
*** SUMMARY ***
Total pot $10
Seat 2: f3f6e151 folded before Flop (didn't bet)
Seat 5: a6db68b1 folded before Flop (didn't bet)
Seat 1: e185fa4(big blind) folded before Flop
Seat 3: fb94d9ae folded before Flop (didn't bet)
Seat 7: b6a438c1(small blind) folded before Flop
Seat 6: b486ea5d folded before Flop (didn't bet)
Seat 4: Herowon ($10)



Poker Hand #ring_828753875: NLH No Limit ($2/$4) - 2025/04/17 23:25:43
Table 'MR NLH 2/4' 7-max Seat #5 is the button
Seat 2: f3f6e151 ($687.52 in chips)
Seat 5: a6db68b1 ($326 in chips)
Seat 1: e185fa4 ($712.92 in chips)
Seat 3: fb94d9ae ($611.51 in chips)
Seat 7: b6a438c1 ($588.7 in chips)
Seat 6: b486ea5d ($817.72 in chips)
Seat 4: Hero ($292.13 in chips)
b486ea5d: posts small blind $2
b6a438c1: posts big blind $4
*** HOLE CARDS ***
Dealt to f3f6e151 
Dealt to a6db68b1 
Dealt to e185fa4 
Dealt to fb94d9ae 
Dealt to b6a438c1 
Dealt to b486ea5d 
Dealt to Hero [5h 2s]
e185fa4: folds
f3f6e151: raises $6 to $10
fb94d9ae: folds
Hero: folds
a6db68b1: folds
b486ea5d: folds
b6a438c1: calls $6
*** FLOP *** [Tc 7c 6s]
b6a438c1: checks
f3f6e151: bets $11
b6a438c1: calls $11
*** TURN *** [Tc 7c 6s] [8c]
b6a438c1: checks
f3f6e151: bets $22
b6a438c1: calls $22
*** RIVER *** [Tc 7c 6s 8c] [5d]
b6a438c1: checks
f3f6e151: bets $70.4
b6a438c1: calls $70.4
f3f6e151: shows [5c Ac]
b6a438c1: shows [9c Kd]
*** SHOWDOWN ***
f3f6e151 collected $228.8 from pot
*** SUMMARY ***
Total pot $228.8
Board [Tc 7c 6s 8c 5d]
Seat 2: f3f6e151 showed [5c Ac] and won ($228.8) with Ace High Flush
Seat 5: a6db68b1 folded before Flop (didn't bet)
Seat 1: e185fa4 folded before Flop (didn't bet)
Seat 3: fb94d9ae folded before Flop (didn't bet)
Seat 7: b6a438c1(big blind) showed [9c Kd] and lost with Tens-High Straight
Seat 6: b486ea5d(small blind) folded before Flop
Seat 4: Hero folded before Flop (didn't bet)



Poker Hand #ring_828751798: NLH No Limit ($2/$4) - 2025/04/17 23:24:23
Table 'MR NLH 2/4' 7-max Seat #4 is the button
Seat 2: f3f6e151 ($644.75 in chips)
Seat 5: a6db68b1 ($328 in chips)
Seat 1: e185fa4 ($712.92 in chips)
Seat 3: fb94d9ae ($611.51 in chips)
Seat 7: b6a438c1 ($588.7 in chips)
Seat 6: b486ea5d ($863.72 in chips)
Seat 4: Hero ($292.13 in chips)
a6db68b1: posts small blind $2
b486ea5d: posts big blind $4
*** HOLE CARDS ***
Dealt to f3f6e151 
Dealt to a6db68b1 
Dealt to e185fa4 
Dealt to fb94d9ae 
Dealt to b6a438c1 
Dealt to b486ea5d 
Dealt to Hero [4d 8s]
b6a438c1: folds
e185fa4: folds
f3f6e151: raises $6 to $10
fb94d9ae: folds
Hero: folds
a6db68b1: folds
b486ea5d: raises $36 to $46
f3f6e151: calls $36
*** FLOP *** [8c Qd 5d]
b486ea5d: checks
f3f6e151: checks
*** TURN *** [8c Qd 5d] [Ad]
b486ea5d: checks
f3f6e151: checks
*** RIVER *** [8c Qd 5d Ad] [Jh]
b486ea5d: checks
f3f6e151: checks
f3f6e151: shows [Ah 7h]
b486ea5d: shows [Kc Kh]
*** SHOWDOWN ***
f3f6e151 collected $94 from pot
*** SUMMARY ***
Total pot $94
Board [8c Qd 5d Ad Jh]
Seat 2: f3f6e151 showed [Ah 7h] and won ($94) with Pair of Aces
Seat 5: a6db68b1(small blind) folded before Flop
Seat 1: e185fa4 folded before Flop (didn't bet)
Seat 3: fb94d9ae folded before Flop (didn't bet)
Seat 7: b6a438c1 folded before Flop (didn't bet)
Seat 6: b486ea5d(big blind) showed [Kc Kh] and lost with Pair of Kings
Seat 4: Hero folded before Flop (didn't bet)



Poker Hand #ring_828751044: NLH No Limit ($2/$4) - 2025/04/17 23:23:55
Table 'MR NLH 2/4' 7-max Seat #3 is the button
Seat 2: f3f6e151 ($644.75 in chips)
Seat 5: a6db68b1 ($332 in chips)
Seat 1: e185fa4 ($712.92 in chips)
Seat 3: fb94d9ae ($605.51 in chips)
Seat 7: b6a438c1 ($588.7 in chips)
Seat 6: b486ea5d ($863.72 in chips)
Seat 4: Hero ($294.13 in chips)
Hero: posts small blind $2
a6db68b1: posts big blind $4
*** HOLE CARDS ***
Dealt to f3f6e151 
Dealt to a6db68b1 
Dealt to e185fa4 
Dealt to fb94d9ae 
Dealt to b6a438c1 
Dealt to b486ea5d 
Dealt to Hero [Th 3h]
b486ea5d: folds
b6a438c1: folds
e185fa4: folds
f3f6e151: folds
fb94d9ae: raises $8 to $12
Hero: folds
a6db68b1: folds
Uncalled bet ($8) returned to fb94d9ae
*** SHOWDOWN ***
fb94d9ae collected $10 from pot
*** SUMMARY ***
Total pot $10
Seat 2: f3f6e151 folded before Flop (didn't bet)
Seat 5: a6db68b1(big blind) folded before Flop
Seat 1: e185fa4 folded before Flop (didn't bet)
Seat 3: fb94d9aewon ($10)
Seat 7: b6a438c1 folded before Flop (didn't bet)
Seat 6: b486ea5d folded before Flop (didn't bet)
Seat 4: Hero(small blind) folded before Flop



Poker Hand #ring_828749764: NLH No Limit ($2/$4) - 2025/04/17 23:23:06
Table 'MR NLH 2/4' 7-max Seat #2 is the button
Seat 2: f3f6e151 ($644.75 in chips)
Seat 1: e185fa4 ($680.08 in chips)
Seat 3: fb94d9ae ($617.51 in chips)
Seat 7: b6a438c1 ($600.7 in chips)
Seat 6: b486ea5d ($863.72 in chips)
Seat 4: Hero ($306.13 in chips)
fb94d9ae: posts small blind $2
Hero: posts big blind $4
*** HOLE CARDS ***
Dealt to f3f6e151 
Dealt to e185fa4 
Dealt to fb94d9ae 
Dealt to b6a438c1 
Dealt to b486ea5d 
Dealt to Hero [Jd 3d]
b486ea5d: folds
b6a438c1: calls $4
e185fa4: raises $8 to $12
f3f6e151: folds
fb94d9ae: calls $10
Hero: calls $8
b6a438c1: calls $8
*** FLOP *** [Js 8d Kc]
fb94d9ae: checks
Hero: checks
b6a438c1: checks
e185fa4: bets $48
fb94d9ae: folds
Hero: folds
b6a438c1: folds
Uncalled bet ($48) returned to e185fa4
*** SHOWDOWN ***
e185fa4 collected $48 from pot
*** SUMMARY ***
Total pot $48
Board [Js 8d Kc]
Seat 2: f3f6e151 folded before Flop (didn't bet)
Seat 1: e185fa4won ($48) with Three Kings
Seat 3: fb94d9ae(small blind) folded on the Flop
Seat 7: b6a438c1 folded on the Flop
Seat 6: b486ea5d folded before Flop (didn't bet)
Seat 4: Hero(big blind) folded on the Flop



Poker Hand #ring_828748913: NLH No Limit ($2/$4) - 2025/04/17 23:22:33
Table 'MR NLH 2/4' 7-max Seat #1 is the button
Seat 2: f3f6e151 ($646.75 in chips)
Seat 1: e185fa4 ($700.08 in chips)
Seat 3: fb94d9ae ($598.4 in chips)
Seat 7: b6a438c1 ($600.7 in chips)
Seat 6: b486ea5d ($863.72 in chips)
Seat 4: Hero ($306.13 in chips)
f3f6e151: posts small blind $2
fb94d9ae: posts big blind $4
*** HOLE CARDS ***
Dealt to f3f6e151 
Dealt to e185fa4 
Dealt to fb94d9ae 
Dealt to b6a438c1 
Dealt to b486ea5d 
Dealt to Hero [Kd Ts]
Hero: folds
b486ea5d: folds
b6a438c1: folds
e185fa4: calls $4
f3f6e151: folds
fb94d9ae: raises $16 to $20
e185fa4: calls $16
*** FLOP *** [Qd 6d Ah]
fb94d9ae: bets $31.5
e185fa4: folds
Uncalled bet ($31.5) returned to fb94d9ae
*** SHOWDOWN ***
fb94d9ae collected $42 from pot
*** SUMMARY ***
Total pot $42
Board [Qd 6d Ah]
Seat 2: f3f6e151(small blind) folded before Flop
Seat 1: e185fa4 folded on the Flop
Seat 3: fb94d9ae(big blind)won ($42) with Pair of Kings
Seat 7: b6a438c1 folded before Flop (didn't bet)
Seat 6: b486ea5d folded before Flop (didn't bet)
Seat 4: Hero folded before Flop (didn't bet)



Poker Hand #ring_828748279: NLH No Limit ($2/$4) - 2025/04/17 23:22:09
Table 'MR NLH 2/4' 7-max Seat #7 is the button
Seat 2: f3f6e151 ($650.75 in chips)
Seat 1: e185fa4 ($702.08 in chips)
Seat 5: fb35a508 ($184.52 in chips)
Seat 3: fb94d9ae ($598.4 in chips)
Seat 7: b6a438c1 ($594.7 in chips)
Seat 6: b486ea5d ($863.72 in chips)
Seat 4: Hero ($306.13 in chips)
e185fa4: posts small blind $2
f3f6e151: posts big blind $4
*** HOLE CARDS ***
Dealt to f3f6e151 
Dealt to e185fa4 
Dealt to fb35a508 
Dealt to fb94d9ae 
Dealt to b6a438c1 
Dealt to b486ea5d 
Dealt to Hero [5c Qc]
fb94d9ae: folds
Hero: folds
fb35a508: folds
b486ea5d: folds
b6a438c1: raises $12 to $16
e185fa4: folds
f3f6e151: folds
Uncalled bet ($12) returned to b6a438c1
*** SHOWDOWN ***
b6a438c1 collected $10 from pot
*** SUMMARY ***
Total pot $10
Seat 2: f3f6e151(big blind) folded before Flop
Seat 1: e185fa4(small blind) folded before Flop
Seat 5: fb35a508 folded before Flop (didn't bet)
Seat 3: fb94d9ae folded before Flop (didn't bet)
Seat 7: b6a438c1won ($10)
Seat 6: b486ea5d folded before Flop (didn't bet)
Seat 4: Hero folded before Flop (didn't bet)



Poker Hand #ring_828746901: NLH No Limit ($2/$4) - 2025/04/17 23:21:16
Table 'MR NLH 2/4' 7-max Seat #6 is the button
Seat 2: f3f6e151 ($650.75 in chips)
Seat 1: e185fa4 ($706.08 in chips)
Seat 5: fb35a508 ($184.52 in chips)
Seat 3: fb94d9ae ($572.74 in chips)
Seat 7: b6a438c1 ($596.7 in chips)
Seat 6: b486ea5d ($863.72 in chips)
Seat 4: Hero ($329.13 in chips)
b6a438c1: posts small blind $2
e185fa4: posts big blind $4
*** HOLE CARDS ***
Dealt to f3f6e151 
Dealt to e185fa4 
Dealt to fb35a508 
Dealt to fb94d9ae 
Dealt to b6a438c1 
Dealt to b486ea5d 
Dealt to Hero [Ac Qc]
f3f6e151: folds
fb94d9ae: raises $6 to $10
Hero: calls $10
fb35a508: folds
b486ea5d: folds
b6a438c1: folds
e185fa4: folds
*** FLOP *** [6c Td 7d]
fb94d9ae: checks
Hero: checks
*** TURN *** [6c Td 7d] [7c]
fb94d9ae: bets $13
Hero: calls $13
*** RIVER *** [6c Td 7d 7c] [4h]
fb94d9ae: checks
Hero: checks
fb94d9ae: shows [As Kh]
Hero: shows [Ac Qc]
*** SHOWDOWN ***
fb94d9ae collected $52 from pot
*** SUMMARY ***
Total pot $52
Board [6c Td 7d 7c 4h]
Seat 2: f3f6e151 folded before Flop (didn't bet)
Seat 1: e185fa4(big blind) folded before Flop
Seat 5: fb35a508 folded before Flop (didn't bet)
Seat 3: fb94d9ae showed [As Kh] and won ($52) with Pair of Sevens
Seat 7: b6a438c1(small blind) folded before Flop
Seat 6: b486ea5d folded before Flop (didn't bet)
Seat 4: Hero showed [Ac Qc] and lost with Pair of Sevens



Poker Hand #ring_828744868: NLH No Limit ($2/$4) - 2025/04/17 23:19:59
Table 'MR NLH 2/4' 7-max Seat #5 is the button
Seat 2: f3f6e151 ($650.75 in chips)
Seat 1: e185fa4 ($718.08 in chips)
Seat 5: fb35a508 ($184.52 in chips)
Seat 3: fb94d9ae ($572.74 in chips)
Seat 7: b6a438c1 ($620.1 in chips)
Seat 6: b486ea5d ($865.72 in chips)
Seat 4: Hero ($295.46 in chips)
b486ea5d: posts small blind $2
b6a438c1: posts big blind $4
*** HOLE CARDS ***
Dealt to f3f6e151 
Dealt to e185fa4 
Dealt to fb35a508 
Dealt to fb94d9ae 
Dealt to b6a438c1 
Dealt to b486ea5d 
Dealt to Hero [7h 8h]
e185fa4: raises $8 to $12
f3f6e151: folds
fb94d9ae: folds
Hero: calls $12
fb35a508: folds
b486ea5d: folds
b6a438c1: calls $8
*** FLOP *** [3h 2d 7d]
b6a438c1: checks
e185fa4: checks
Hero: bets $11.4
b6a438c1: calls $11.4
e185fa4: folds
*** TURN *** [3h 2d 7d] [Th]
b6a438c1: checks
Hero: bets $69.92
b6a438c1: folds
Uncalled bet ($69.92) returned to Hero
*** SHOWDOWN ***
Hero collected $60.8 from pot
*** SUMMARY ***
Total pot $60.8
Board [3h 2d 7d Th]
Seat 2: f3f6e151 folded before Flop (didn't bet)
Seat 1: e185fa4 folded on the Flop
Seat 5: fb35a508 folded before Flop (didn't bet)
Seat 3: fb94d9ae folded before Flop (didn't bet)
Seat 7: b6a438c1(big blind) folded on the Turn
Seat 6: b486ea5d(small blind) folded before Flop
Seat 4: Herowon ($60.8) with Pair of Sevens



Poker Hand #ring_828743530: NLH No Limit ($2/$4) - 2025/04/17 23:19:07
Table 'MR NLH 2/4' 7-max Seat #4 is the button
Seat 2: f3f6e151 ($650.75 in chips)
Seat 1: e185fa4 ($718.08 in chips)
Seat 5: fb35a508 ($158.04 in chips)
Seat 3: fb94d9ae ($598.74 in chips)
Seat 7: b6a438c1 ($620.1 in chips)
Seat 6: b486ea5d ($869.72 in chips)
Seat 4: Hero ($295.46 in chips)
fb35a508: posts small blind $2
b486ea5d: posts big blind $4
*** HOLE CARDS ***
Dealt to f3f6e151 
Dealt to e185fa4 
Dealt to fb35a508 
Dealt to fb94d9ae 
Dealt to b6a438c1 
Dealt to b486ea5d 
Dealt to Hero [5d Qc]
b6a438c1: folds
e185fa4: folds
f3f6e151: folds
fb94d9ae: raises $8 to $12
Hero: folds
fb35a508: calls $10
b486ea5d: folds
*** FLOP *** [3h Ac 3d]
fb35a508: checks
fb94d9ae: bets $14
fb35a508: calls $14
*** TURN *** [3h Ac 3d] [7h]
fb35a508: checks
fb94d9ae: checks
*** RIVER *** [3h Ac 3d 7h] [6h]
fb35a508: checks
fb94d9ae: checks
fb94d9ae: shows [5c 5s]
fb35a508: shows [Kc As]
*** SHOWDOWN ***
fb35a508 collected $56 from pot
*** SUMMARY ***
Total pot $56
Board [3h Ac 3d 7h 6h]
Seat 2: f3f6e151 folded before Flop (didn't bet)
Seat 1: e185fa4 folded before Flop (didn't bet)
Seat 5: fb35a508(small blind) showed [Kc As] and won ($56) with Pair of Aces and Pair of Treys
Seat 3: fb94d9ae showed [5c 5s] and lost with Pair of Fives and Pair of Treys
Seat 7: b6a438c1 folded before Flop (didn't bet)
Seat 6: b486ea5d(big blind) folded before Flop
Seat 4: Hero folded before Flop (didn't bet)



Poker Hand #ring_828742688: NLH No Limit ($2/$4) - 2025/04/17 23:18:36
Table 'MR NLH 2/4' 7-max Seat #3 is the button
Seat 2: f3f6e151 ($650.75 in chips)
Seat 1: e185fa4 ($718.08 in chips)
Seat 5: fb35a508 ($162.04 in chips)
Seat 3: fb94d9ae ($598.74 in chips)
Seat 7: b6a438c1 ($620.1 in chips)
Seat 6: b486ea5d ($869.72 in chips)
Seat 4: Hero ($291.46 in chips)
Hero: posts small blind $2
fb35a508: posts big blind $4
*** HOLE CARDS ***
Dealt to f3f6e151 
Dealt to e185fa4 
Dealt to fb35a508 
Dealt to fb94d9ae 
Dealt to b6a438c1 
Dealt to b486ea5d 
Dealt to Hero [Jc Ac]
b486ea5d: folds
b6a438c1: folds
e185fa4: folds
f3f6e151: folds
fb94d9ae: folds
Hero: raises $6 to $10
fb35a508: folds
Uncalled bet ($6) returned to Hero
*** SHOWDOWN ***
Hero collected $8 from pot
*** SUMMARY ***
Total pot $8
Seat 2: f3f6e151 folded before Flop (didn't bet)
Seat 1: e185fa4 folded before Flop (didn't bet)
Seat 5: fb35a508(big blind) folded before Flop
Seat 3: fb94d9ae folded before Flop (didn't bet)
Seat 7: b6a438c1 folded before Flop (didn't bet)
Seat 6: b486ea5d folded before Flop (didn't bet)
Seat 4: Hero(small blind)won ($8)



Poker Hand #ring_828741256: NLH No Limit ($2/$4) - 2025/04/17 23:17:40
Table 'MR NLH 2/4' 7-max Seat #2 is the button
Seat 2: f3f6e151 ($650.75 in chips)
Seat 1: e185fa4 ($722.08 in chips)
Seat 5: fb35a508 ($162.04 in chips)
Seat 3: fb94d9ae ($602.74 in chips)
Seat 7: b6a438c1 ($620.1 in chips)
Seat 6: b486ea5d ($869.72 in chips)
Seat 4: Hero ($284 in chips)
fb94d9ae: posts small blind $2
Hero: posts big blind $4
*** HOLE CARDS ***
Dealt to f3f6e151 
Dealt to e185fa4 
Dealt to fb35a508 
Dealt to fb94d9ae 
Dealt to b6a438c1 
Dealt to b486ea5d 
Dealt to Hero [4c Jc]
fb35a508: folds
b486ea5d: folds
b6a438c1: folds
e185fa4: calls $4
f3f6e151: folds
fb94d9ae: calls $2
Hero: checks
*** FLOP *** [6d 3s Qd]
fb94d9ae: checks
Hero: checks
e185fa4: checks
*** TURN *** [6d 3s Qd] [5c]
fb94d9ae: checks
Hero: checks
e185fa4: checks
*** RIVER *** [6d 3s Qd 5c] [Kh]
fb94d9ae: checks
Hero: bets $6
e185fa4: folds
fb94d9ae: folds
Uncalled bet ($6) returned to Hero
*** SHOWDOWN ***
Hero collected $12 from pot
*** SUMMARY ***
Total pot $12
Board [6d 3s Qd 5c Kh]
Seat 2: f3f6e151 folded before Flop (didn't bet)
Seat 1: e185fa4 folded on the River
Seat 5: fb35a508 folded before Flop (didn't bet)
Seat 3: fb94d9ae(small blind) folded on the River
Seat 7: b6a438c1 folded before Flop (didn't bet)
Seat 6: b486ea5d folded before Flop (didn't bet)
Seat 4: Hero(big blind)won ($12) with King-High



Poker Hand #ring_828740559: NLH No Limit ($2/$4) - 2025/04/17 23:17:15
Table 'MR NLH 2/4' 7-max Seat #1 is the button
Seat 2: f3f6e151 ($652.75 in chips)
Seat 1: e185fa4 ($722.08 in chips)
Seat 5: fb35a508 ($162.04 in chips)
Seat 3: fb94d9ae ($606.74 in chips)
Seat 7: b6a438c1 ($614.1 in chips)
Seat 6: b486ea5d ($869.72 in chips)
Seat 4: Hero ($284 in chips)
f3f6e151: posts small blind $2
fb94d9ae: posts big blind $4
*** HOLE CARDS ***
Dealt to f3f6e151 
Dealt to e185fa4 
Dealt to fb35a508 
Dealt to fb94d9ae 
Dealt to b6a438c1 
Dealt to b486ea5d 
Dealt to Hero [3s Ts]
Hero: folds
fb35a508: folds
b486ea5d: folds
b6a438c1: raises $8 to $12
e185fa4: folds
f3f6e151: folds
fb94d9ae: folds
Uncalled bet ($8) returned to b6a438c1
*** SHOWDOWN ***
b6a438c1 collected $10 from pot
*** SUMMARY ***
Total pot $10
Seat 2: f3f6e151(small blind) folded before Flop
Seat 1: e185fa4 folded before Flop (didn't bet)
Seat 5: fb35a508 folded before Flop (didn't bet)
Seat 3: fb94d9ae(big blind) folded before Flop
Seat 7: b6a438c1won ($10)
Seat 6: b486ea5d folded before Flop (didn't bet)
Seat 4: Hero folded before Flop (didn't bet)



Poker Hand #ring_828738747: NLH No Limit ($2/$4) - 2025/04/17 23:16:06
Table 'MR NLH 2/4' 7-max Seat #7 is the button
Seat 2: f3f6e151 ($656.75 in chips)
Seat 1: e185fa4 ($699.24 in chips)
Seat 5: fb35a508 ($162.04 in chips)
Seat 3: fb94d9ae ($628.74 in chips)
Seat 7: b6a438c1 ($614.1 in chips)
Seat 6: b486ea5d ($869.72 in chips)
Seat 4: Hero ($284 in chips)
e185fa4: posts small blind $2
f3f6e151: posts big blind $4
*** HOLE CARDS ***
Dealt to f3f6e151 
Dealt to e185fa4 
Dealt to fb35a508 
Dealt to fb94d9ae 
Dealt to b6a438c1 
Dealt to b486ea5d 
Dealt to Hero [2s Kh]
fb94d9ae: raises $6 to $10
Hero: folds
fb35a508: folds
b486ea5d: folds
b6a438c1: folds
e185fa4: calls $8
f3f6e151: folds
*** FLOP *** [5h 8d As]
e185fa4: bets $12
fb94d9ae: calls $12
*** TURN *** [5h 8d As] [3s]
e185fa4: checks
fb94d9ae: checks
*** RIVER *** [5h 8d As 3s] [Qc]
e185fa4: bets $24
fb94d9ae: folds
Uncalled bet ($24) returned to e185fa4
*** SHOWDOWN ***
e185fa4 collected $48 from pot
*** SUMMARY ***
Total pot $48
Board [5h 8d As 3s Qc]
Seat 2: f3f6e151(big blind) folded before Flop
Seat 1: e185fa4(small blind)won ($48) with Pair of Aces
Seat 5: fb35a508 folded before Flop (didn't bet)
Seat 3: fb94d9ae folded on the River
Seat 7: b6a438c1 folded before Flop (didn't bet)
Seat 6: b486ea5d folded before Flop (didn't bet)
Seat 4: Hero folded before Flop (didn't bet)



Poker Hand #ring_828738115: NLH No Limit ($2/$4) - 2025/04/17 23:15:43
Table 'MR NLH 2/4' 7-max Seat #6 is the button
Seat 2: f3f6e151 ($656.75 in chips)
Seat 1: e185fa4 ($697.24 in chips)
Seat 5: fb35a508 ($162.04 in chips)
Seat 3: fb94d9ae ($628.74 in chips)
Seat 7: b6a438c1 ($616.1 in chips)
Seat 6: b486ea5d ($869.72 in chips)
Seat 4: Hero ($284 in chips)
b6a438c1: posts small blind $2
e185fa4: posts big blind $4
*** HOLE CARDS ***
Dealt to f3f6e151 
Dealt to e185fa4 
Dealt to fb35a508 
Dealt to fb94d9ae 
Dealt to b6a438c1 
Dealt to b486ea5d 
Dealt to Hero [2h 9h]
f3f6e151: folds
fb94d9ae: folds
Hero: folds
fb35a508: folds
b486ea5d: folds
b6a438c1: folds
*** SHOWDOWN ***
e185fa4 collected $6 from pot
*** SUMMARY ***
Total pot $6
Seat 2: f3f6e151 folded before Flop (didn't bet)
Seat 1: e185fa4(big blind)won ($6)
Seat 5: fb35a508 folded before Flop (didn't bet)
Seat 3: fb94d9ae folded before Flop (didn't bet)
Seat 7: b6a438c1(small blind) folded before Flop
Seat 6: b486ea5d folded before Flop (didn't bet)
Seat 4: Hero folded before Flop (didn't bet)



Poker Hand #ring_828736294: NLH No Limit ($2/$4) - 2025/04/17 23:14:37
Table 'MR NLH 2/4' 7-max Seat #5 is the button
Seat 2: f3f6e151 ($656.75 in chips)
Seat 1: e185fa4 ($709.24 in chips)
Seat 5: fb35a508 ($162.04 in chips)
Seat 3: fb94d9ae ($628.74 in chips)
Seat 7: b6a438c1 ($591.81 in chips)
Seat 6: b486ea5d ($871.72 in chips)
Seat 4: Hero ($296 in chips)
b486ea5d: posts small blind $2
b6a438c1: posts big blind $4
*** HOLE CARDS ***
Dealt to f3f6e151 
Dealt to e185fa4 
Dealt to fb35a508 
Dealt to fb94d9ae 
Dealt to b6a438c1 
Dealt to b486ea5d 
Dealt to Hero [5h 5c]
e185fa4: calls $4
f3f6e151: folds
fb94d9ae: folds
Hero: raises $8 to $12
fb35a508: folds
b486ea5d: folds
b6a438c1: calls $8
e185fa4: calls $8
*** FLOP *** [Qc 8d 9h]
b6a438c1: checks
e185fa4: checks
Hero: checks
*** TURN *** [Qc 8d 9h] [Ts]
b6a438c1: checks
e185fa4: checks
Hero: checks
*** RIVER *** [Qc 8d 9h Ts] [6d]
b6a438c1: checks
e185fa4: checks
Hero: checks
e185fa4: shows [Qh Ks]
Hero: shows [5h 5c]
b6a438c1: shows [5s 7s]
*** SHOWDOWN ***
b6a438c1 collected $38 from pot
*** SUMMARY ***
Total pot $38
Board [Qc 8d 9h Ts 6d]
Seat 2: f3f6e151 folded before Flop (didn't bet)
Seat 1: e185fa4 showed [Qh Ks] and lost with Pair of Queens
Seat 5: fb35a508 folded before Flop (didn't bet)
Seat 3: fb94d9ae folded before Flop (didn't bet)
Seat 7: b6a438c1(big blind) showed [5s 7s] and won ($38) with Tens-High Straight
Seat 6: b486ea5d(small blind) folded before Flop
Seat 4: Hero showed [5h 5c] and lost with Pair of Fives



Poker Hand #ring_828735502: NLH No Limit ($2/$4) - 2025/04/17 23:14:08
Table 'MR NLH 2/4' 7-max Seat #4 is the button
Seat 2: f3f6e151 ($656.75 in chips)
Seat 1: e185fa4 ($709.24 in chips)
Seat 5: fb35a508 ($164.04 in chips)
Seat 3: fb94d9ae ($628.74 in chips)
Seat 7: b6a438c1 ($591.81 in chips)
Seat 6: b486ea5d ($875.72 in chips)
Seat 4: Hero ($290 in chips)
fb35a508: posts small blind $2
b486ea5d: posts big blind $4
*** HOLE CARDS ***
Dealt to f3f6e151 
Dealt to e185fa4 
Dealt to fb35a508 
Dealt to fb94d9ae 
Dealt to b6a438c1 
Dealt to b486ea5d 
Dealt to Hero [Kc 9h]
b6a438c1: folds
e185fa4: folds
f3f6e151: folds
fb94d9ae: folds
Hero: raises $6 to $10
fb35a508: folds
b486ea5d: folds
Uncalled bet ($6) returned to Hero
*** SHOWDOWN ***
Hero collected $10 from pot
*** SUMMARY ***
Total pot $10
Seat 2: f3f6e151 folded before Flop (didn't bet)
Seat 1: e185fa4 folded before Flop (didn't bet)
Seat 5: fb35a508(small blind) folded before Flop
Seat 3: fb94d9ae folded before Flop (didn't bet)
Seat 7: b6a438c1 folded before Flop (didn't bet)
Seat 6: b486ea5d(big blind) folded before Flop
Seat 4: Herowon ($10)



Poker Hand #ring_828733933: NLH No Limit ($2/$4) - 2025/04/17 23:13:10
Table 'MR NLH 2/4' 7-max Seat #3 is the button
Seat 2: f3f6e151 ($656.75 in chips)
Seat 1: e185fa4 ($709.24 in chips)
Seat 5: fb35a508 ($165.45 in chips)
Seat 3: fb94d9ae ($628.74 in chips)
Seat 7: b6a438c1 ($593.22 in chips)
Seat 6: b486ea5d ($875.72 in chips)
Seat 4: Hero ($292 in chips)
Hero: posts small blind $2
fb35a508: posts big blind $4
*** HOLE CARDS ***
Dealt to f3f6e151 
Dealt to e185fa4 
Dealt to fb35a508 
Dealt to fb94d9ae 
Dealt to b6a438c1 
Dealt to b486ea5d 
Dealt to Hero [7h 4c]
b486ea5d: folds
b6a438c1: raises $12 to $16
e185fa4: folds
f3f6e151: folds
fb94d9ae: folds
Hero: folds
fb35a508: calls $12
*** FLOP *** [8s 5c Qd]
fb35a508: checks
b6a438c1: checks
*** TURN *** [8s 5c Qd] [Ts]
fb35a508: bets $25.5
b6a438c1: calls $25.5
*** RIVER *** [8s 5c Qd Ts] [7c]
fb35a508: checks
b6a438c1: checks
fb35a508: shows [Ad Qh]
b6a438c1: shows [Ah Qc]
*** SHOWDOWN ***
fb35a508 collected $42.5 from pot
b6a438c1 collected $42.5 from pot
*** SUMMARY ***
Total pot $85
Board [8s 5c Qd Ts 7c]
Seat 2: f3f6e151 folded before Flop (didn't bet)
Seat 1: e185fa4 folded before Flop (didn't bet)
Seat 5: fb35a508(big blind) showed [Ad Qh] and won ($42.5) with Pair of Queens
Seat 3: fb94d9ae folded before Flop (didn't bet)
Seat 7: b6a438c1 showed [Ah Qc] and won ($42.5) with Pair of Queens
Seat 6: b486ea5d folded before Flop (didn't bet)
Seat 4: Hero(small blind) folded before Flop



Poker Hand #ring_828733015: NLH No Limit ($2/$4) - 2025/04/17 23:12:36
Table 'MR NLH 2/4' 7-max Seat #2 is the button
Seat 2: f3f6e151 ($656.75 in chips)
Seat 1: e185fa4 ($709.24 in chips)
Seat 5: fb35a508 ($165.45 in chips)
Seat 3: fb94d9ae ($620.74 in chips)
Seat 7: b6a438c1 ($597.22 in chips)
Seat 6: b486ea5d ($875.72 in chips)
Seat 4: Hero ($296 in chips)
fb94d9ae: posts small blind $2
Hero: posts big blind $4
*** HOLE CARDS ***
Dealt to f3f6e151 
Dealt to e185fa4 
Dealt to fb35a508 
Dealt to fb94d9ae 
Dealt to b6a438c1 
Dealt to b486ea5d 
Dealt to Hero [Kh 8s]
fb35a508: folds
b486ea5d: folds
b6a438c1: calls $4
e185fa4: folds
f3f6e151: folds
fb94d9ae: raises $20 to $24
Hero: folds
b6a438c1: folds
Uncalled bet ($20) returned to fb94d9ae
*** SHOWDOWN ***
fb94d9ae collected $12 from pot
*** SUMMARY ***
Total pot $12
Seat 2: f3f6e151 folded before Flop (didn't bet)
Seat 1: e185fa4 folded before Flop (didn't bet)
Seat 5: fb35a508 folded before Flop (didn't bet)
Seat 3: fb94d9ae(small blind)won ($12)
Seat 7: b6a438c1 folded before Flop
Seat 6: b486ea5d folded before Flop (didn't bet)
Seat 4: Hero(big blind) folded before Flop



