Poker Hand #ring_841264466: NLH No Limit ($1/$2) - 2025/04/25 02:46:04
Table 'MR NLH 1/2' 7-max Seat #4 is the button
Seat 2: 7d35e2a5 ($427.78 in chips)
Seat 4: f2cb189 ($188.53 in chips)
Seat 3: 24e65a67 ($286.85 in chips)
Seat 1: Hero ($175.1 in chips)
Seat 6: 9b6065d ($399 in chips)
9b6065d: posts big blind $2
*** HOLE CARDS ***
Dealt to 7d35e2a5 
Dealt to f2cb189 
Dealt to 24e65a67 
Dealt to Hero [3s Td]
Dealt to 9b6065d 
Hero: folds
7d35e2a5: folds
24e65a67: folds
f2cb189: raises $3 to $5
9b6065d: calls $3
*** FLOP *** [Qd Jd 8c]
9b6065d: checks
f2cb189: checks
*** TURN *** [Qd Jd 8c] [Kc]
9b6065d: bets $5
f2cb189: calls $5
*** RIVER *** [Qd Jd 8c Kc] [Ks]
9b6065d: checks
f2cb189: bets $10
9b6065d: folds
Uncalled bet ($10) returned to f2cb189
*** SHOWDOWN ***
f2cb189 collected $20 from pot
*** SUMMARY ***
Total pot $20
Board [Qd Jd 8c Kc Ks]
Seat 2: 7d35e2a5 folded before Flop (didn't bet)
Seat 4: f2cb189won ($20) with Three Kings
Seat 3: 24e65a67 folded before Flop (didn't bet)
Seat 1: Hero folded before Flop (didn't bet)
Seat 6: 9b6065d(big blind) folded on the River



Poker Hand #ring_841263601: NLH No Limit ($1/$2) - 2025/04/25 02:45:24
Table 'MR NLH 1/2' 7-max Seat #3 is the button
Seat 5: 67b637c1 ($200 in chips)
Seat 2: 7d35e2a5 ($427.78 in chips)
Seat 4: f2cb189 ($189.53 in chips)
Seat 3: 24e65a67 ($286.85 in chips)
Seat 1: Hero ($172.1 in chips)
Seat 6: 9b6065d ($399 in chips)
f2cb189: posts small blind $1
67b637c1: posts big blind $2
*** HOLE CARDS ***
Dealt to 67b637c1 
Dealt to 7d35e2a5 
Dealt to f2cb189 
Dealt to 24e65a67 
Dealt to Hero [3s 3c]
Dealt to 9b6065d 
9b6065d: folds
Hero: raises $4 to $6
7d35e2a5: folds
24e65a67: folds
f2cb189: folds
67b637c1: folds
Uncalled bet ($4) returned to Hero
*** SHOWDOWN ***
Hero collected $5 from pot
*** SUMMARY ***
Total pot $5
Seat 5: 67b637c1(big blind) folded before Flop
Seat 2: 7d35e2a5 folded before Flop (didn't bet)
Seat 4: f2cb189(small blind) folded before Flop
Seat 3: 24e65a67 folded before Flop (didn't bet)
Seat 1: Herowon ($5)
Seat 6: 9b6065d folded before Flop (didn't bet)



Poker Hand #ring_841263024: NLH No Limit ($1/$2) - 2025/04/25 02:44:57
Table 'MR NLH 1/2' 7-max Seat #2 is the button
Seat 5: 67b637c1 ($200 in chips)
Seat 2: 7d35e2a5 ($427.78 in chips)
Seat 4: f2cb189 ($191.53 in chips)
Seat 3: 24e65a67 ($287.85 in chips)
Seat 1: Hero ($172.1 in chips)
Seat 6: 9b6065d ($396 in chips)
24e65a67: posts small blind $1
f2cb189: posts big blind $2
*** HOLE CARDS ***
Dealt to 67b637c1 
Dealt to 7d35e2a5 
Dealt to f2cb189 
Dealt to 24e65a67 
Dealt to Hero [Kh 2c]
Dealt to 9b6065d 
67b637c1: folds
9b6065d: raises $4 to $6
Hero: folds
7d35e2a5: folds
24e65a67: folds
f2cb189: folds
Uncalled bet ($4) returned to 9b6065d
*** SHOWDOWN ***
9b6065d collected $5 from pot
*** SUMMARY ***
Total pot $5
Seat 5: 67b637c1 folded before Flop (didn't bet)
Seat 2: 7d35e2a5 folded before Flop (didn't bet)
Seat 4: f2cb189(big blind) folded before Flop
Seat 3: 24e65a67(small blind) folded before Flop
Seat 1: Hero folded before Flop (didn't bet)
Seat 6: 9b6065dwon ($5)



Poker Hand #ring_841262106: NLH No Limit ($1/$2) - 2025/04/25 02:44:13
Table 'MR NLH 1/2' 7-max Seat #1 is the button
Seat 2: 7d35e2a5 ($420.78 in chips)
Seat 4: f2cb189 ($191.53 in chips)
Seat 3: 24e65a67 ($289.85 in chips)
Seat 1: Hero ($177.1 in chips)
Seat 6: 9b6065d ($396 in chips)
7d35e2a5: posts small blind $1
24e65a67: posts big blind $2
*** HOLE CARDS ***
Dealt to 7d35e2a5 
Dealt to f2cb189 
Dealt to 24e65a67 
Dealt to Hero [5h 7h]
Dealt to 9b6065d 
f2cb189: folds
9b6065d: folds
Hero: raises $3 to $5
7d35e2a5: raises $17 to $22
24e65a67: folds
Hero: folds
Uncalled bet ($17) returned to 7d35e2a5
*** SHOWDOWN ***
7d35e2a5 collected $12 from pot
*** SUMMARY ***
Total pot $12
Seat 2: 7d35e2a5(small blind)won ($12)
Seat 4: f2cb189 folded before Flop (didn't bet)
Seat 3: 24e65a67(big blind) folded before Flop
Seat 1: Hero folded before Flop
Seat 6: 9b6065d folded before Flop (didn't bet)



Poker Hand #ring_841261070: NLH No Limit ($1/$2) - 2025/04/25 02:43:27
Table 'MR NLH 1/2' 7-max Seat #6 is the button
Seat 2: 7d35e2a5 ($422.78 in chips)
Seat 4: f2cb189 ($191.53 in chips)
Seat 3: 24e65a67 ($286.12 in chips)
Seat 1: Hero ($179.1 in chips)
Seat 6: 9b6065d ($396 in chips)
Hero: posts small blind $1
7d35e2a5: posts big blind $2
*** HOLE CARDS ***
Dealt to 7d35e2a5 
Dealt to f2cb189 
Dealt to 24e65a67 
Dealt to Hero [5h Ks]
Dealt to 9b6065d 
24e65a67: calls $2
f2cb189: folds
9b6065d: folds
Hero: calls $1
7d35e2a5: checks
*** FLOP *** [Th Js 2s]
Hero: checks
7d35e2a5: checks
24e65a67: checks
*** TURN *** [Th Js 2s] [4c]
Hero: checks
7d35e2a5: checks
24e65a67: bets $4.5
Hero: folds
7d35e2a5: folds
Uncalled bet ($4.5) returned to 24e65a67
*** SHOWDOWN ***
24e65a67 collected $6 from pot
*** SUMMARY ***
Total pot $6
Board [Th Js 2s 4c]
Seat 2: 7d35e2a5(big blind) folded on the Turn
Seat 4: f2cb189 folded before Flop (didn't bet)
Seat 3: 24e65a67won ($6) with Pair of Fours
Seat 1: Hero(small blind) folded on the Turn
Seat 6: 9b6065d folded before Flop (didn't bet)



Poker Hand #ring_841259054: NLH No Limit ($1/$2) - 2025/04/25 02:41:57
Table 'MR NLH 1/2' 7-max Seat #5 is the button
Seat 5: 67b637c1 ($200 in chips)
Seat 2: 7d35e2a5 ($422.78 in chips)
Seat 4: f2cb189 ($191.53 in chips)
Seat 3: 24e65a67 ($267.19 in chips)
Seat 1: Hero ($199.4 in chips)
Seat 6: 9b6065d ($397 in chips)
9b6065d: posts small blind $1
Hero: posts big blind $2
*** HOLE CARDS ***
Dealt to 67b637c1 
Dealt to 7d35e2a5 
Dealt to f2cb189 
Dealt to 24e65a67 
Dealt to Hero [8c Jc]
Dealt to 9b6065d 
7d35e2a5: folds
24e65a67: raises $4 to $6
f2cb189: folds
67b637c1: folds
9b6065d: folds
Hero: calls $4
*** FLOP *** [Js 7s Kc]
Hero: checks
24e65a67: bets $6.5
Hero: calls $6.5
*** TURN *** [Js 7s Kc] [9c]
Hero: checks
24e65a67: checks
*** RIVER *** [Js 7s Kc 9c] [As]
Hero: bets $7.8
24e65a67: calls $7.8
Hero: shows [8c Jc]
24e65a67: shows [2d Ad]
*** SHOWDOWN ***
24e65a67 collected $41.6 from pot
*** SUMMARY ***
Total pot $41.6
Board [Js 7s Kc 9c As]
Seat 5: 67b637c1 folded before Flop (didn't bet)
Seat 2: 7d35e2a5 folded before Flop (didn't bet)
Seat 4: f2cb189 folded before Flop (didn't bet)
Seat 3: 24e65a67 showed [2d Ad] and won ($41.6) with Pair of Aces
Seat 1: Hero(big blind) showed [8c Jc] and lost with Pair of Jacks
Seat 6: 9b6065d(small blind) folded before Flop



Poker Hand #ring_841258407: NLH No Limit ($1/$2) - 2025/04/25 02:41:28
Table 'MR NLH 1/2' 7-max Seat #4 is the button
Seat 5: 67b637c1 ($201 in chips)
Seat 2: 7d35e2a5 ($422.78 in chips)
Seat 4: f2cb189 ($191.53 in chips)
Seat 3: 24e65a67 ($267.19 in chips)
Seat 1: Hero ($199.4 in chips)
Seat 6: 9b6065d ($396 in chips)
67b637c1: posts small blind $1
9b6065d: posts big blind $2
*** HOLE CARDS ***
Dealt to 67b637c1 
Dealt to 7d35e2a5 
Dealt to f2cb189 
Dealt to 24e65a67 
Dealt to Hero [Ac 2s]
Dealt to 9b6065d 
Hero: folds
7d35e2a5: folds
24e65a67: folds
f2cb189: folds
67b637c1: folds
*** SHOWDOWN ***
9b6065d collected $3 from pot
*** SUMMARY ***
Total pot $3
Seat 5: 67b637c1(small blind) folded before Flop
Seat 2: 7d35e2a5 folded before Flop (didn't bet)
Seat 4: f2cb189 folded before Flop (didn't bet)
Seat 3: 24e65a67 folded before Flop (didn't bet)
Seat 1: Hero folded before Flop (didn't bet)
Seat 6: 9b6065d(big blind)won ($3)



Poker Hand #ring_841257870: NLH No Limit ($1/$2) - 2025/04/25 02:41:04
Table 'MR NLH 1/2' 7-max Seat #3 is the button
Seat 5: 67b637c1 ($200 in chips)
Seat 2: 7d35e2a5 ($422.78 in chips)
Seat 4: f2cb189 ($192.53 in chips)
Seat 3: 24e65a67 ($267.19 in chips)
Seat 1: Hero ($199.4 in chips)
Seat 6: 9b6065d ($396 in chips)
f2cb189: posts small blind $1
67b637c1: posts big blind $2
*** HOLE CARDS ***
Dealt to 67b637c1 
Dealt to 7d35e2a5 
Dealt to f2cb189 
Dealt to 24e65a67 
Dealt to Hero [Qc 3s]
Dealt to 9b6065d 
9b6065d: folds
Hero: folds
7d35e2a5: folds
24e65a67: folds
f2cb189: folds
*** SHOWDOWN ***
67b637c1 collected $3 from pot
*** SUMMARY ***
Total pot $3
Seat 5: 67b637c1(big blind)won ($3)
Seat 2: 7d35e2a5 folded before Flop (didn't bet)
Seat 4: f2cb189(small blind) folded before Flop
Seat 3: 24e65a67 folded before Flop (didn't bet)
Seat 1: Hero folded before Flop (didn't bet)
Seat 6: 9b6065d folded before Flop (didn't bet)



Poker Hand #ring_841256838: NLH No Limit ($1/$2) - 2025/04/25 02:40:19
Table 'MR NLH 1/2' 7-max Seat #2 is the button
Seat 5: 67b637c1 ($200 in chips)
Seat 2: 7d35e2a5 ($419.78 in chips)
Seat 4: f2cb189 ($194.53 in chips)
Seat 3: 24e65a67 ($268.19 in chips)
Seat 1: Hero ($199.4 in chips)
Seat 6: 9b6065d ($396 in chips)
24e65a67: posts small blind $1
f2cb189: posts big blind $2
*** HOLE CARDS ***
Dealt to 67b637c1 
Dealt to 7d35e2a5 
Dealt to f2cb189 
Dealt to 24e65a67 
Dealt to Hero [Tc 6d]
Dealt to 9b6065d 
67b637c1: folds
9b6065d: folds
Hero: folds
7d35e2a5: raises $4 to $6
24e65a67: folds
f2cb189: folds
Uncalled bet ($4) returned to 7d35e2a5
*** SHOWDOWN ***
7d35e2a5 collected $5 from pot
*** SUMMARY ***
Total pot $5
Seat 5: 67b637c1 folded before Flop (didn't bet)
Seat 2: 7d35e2a5won ($5)
Seat 4: f2cb189(big blind) folded before Flop
Seat 3: 24e65a67(small blind) folded before Flop
Seat 1: Hero folded before Flop (didn't bet)
Seat 6: 9b6065d folded before Flop (didn't bet)



Poker Hand #ring_841255296: NLH No Limit ($1/$2) - 2025/04/25 02:39:12
Table 'MR NLH 1/2' 7-max Seat #1 is the button
Seat 5: 67b637c1 ($200 in chips)
Seat 2: 7d35e2a5 ($420.78 in chips)
Seat 4: f2cb189 ($218.53 in chips)
Seat 3: 24e65a67 ($245.89 in chips)
Seat 1: Hero ($199.4 in chips)
Seat 6: 9b6065d ($396 in chips)
7d35e2a5: posts small blind $1
24e65a67: posts big blind $2
*** HOLE CARDS ***
Dealt to 67b637c1 
Dealt to 7d35e2a5 
Dealt to f2cb189 
Dealt to 24e65a67 
Dealt to Hero [8s 5h]
Dealt to 9b6065d 
f2cb189: raises $2.4 to $4.4
67b637c1: folds
9b6065d: folds
Hero: folds
7d35e2a5: folds
24e65a67: calls $2.4
*** FLOP *** [7s Tc Kc]
24e65a67: checks
f2cb189: checks
*** TURN *** [7s Tc Kc] [Qs]
24e65a67: checks
f2cb189: bets $4.9
24e65a67: calls $4.9
*** RIVER *** [7s Tc Kc Qs] [2d]
24e65a67: checks
f2cb189: bets $14.7
24e65a67: calls $14.7
24e65a67: shows [4s Qh]
f2cb189: shows [6c 6d]
*** SHOWDOWN ***
24e65a67 collected $49 from pot
*** SUMMARY ***
Total pot $49
Board [7s Tc Kc Qs 2d]
Seat 5: 67b637c1 folded before Flop (didn't bet)
Seat 2: 7d35e2a5(small blind) folded before Flop
Seat 4: f2cb189 showed [6c 6d] and lost with Pair of Sixes
Seat 3: 24e65a67(big blind) showed [4s Qh] and won ($49) with Pair of Queens
Seat 1: Hero folded before Flop (didn't bet)
Seat 6: 9b6065d folded before Flop (didn't bet)



Poker Hand #ring_841253998: NLH No Limit ($1/$2) - 2025/04/25 02:38:15
Table 'MR NLH 1/2' 7-max Seat #6 is the button
Seat 5: 67b637c1 ($199 in chips)
Seat 2: 7d35e2a5 ($400 in chips)
Seat 4: f2cb189 ($218.53 in chips)
Seat 3: 24e65a67 ($245.89 in chips)
Seat 1: Hero ($200.4 in chips)
Seat 6: 9b6065d ($396 in chips)
Hero: posts small blind $1
7d35e2a5: posts big blind $2
*** HOLE CARDS ***
Dealt to 67b637c1 
Dealt to 7d35e2a5 
Dealt to f2cb189 
Dealt to 24e65a67 
Dealt to Hero [Ks 2d]
Dealt to 9b6065d 
24e65a67: folds
f2cb189: folds
67b637c1: raises $3 to $5
9b6065d: folds
Hero: folds
7d35e2a5: calls $3
*** FLOP *** [7h 7s 8h]
7d35e2a5: checks
67b637c1: checks
*** TURN *** [7h 7s 8h] [7d]
7d35e2a5: bets $3.63
67b637c1: calls $3.63
*** RIVER *** [7h 7s 8h 7d] [4h]
7d35e2a5: checks
67b637c1: bets $13.7
7d35e2a5: calls $13.7
7d35e2a5: shows [9c 8s]
67b637c1: shows [Qd Jd]
*** SHOWDOWN ***
7d35e2a5 collected $45.66 from pot
*** SUMMARY ***
Total pot $45.66
Board [7h 7s 8h 7d 4h]
Seat 5: 67b637c1 showed [Qd Jd] and lost with Three Sevens
Seat 2: 7d35e2a5(big blind) showed [9c 8s] and won ($45.66) with Sevens Full over Eights
Seat 4: f2cb189 folded before Flop (didn't bet)
Seat 3: 24e65a67 folded before Flop (didn't bet)
Seat 1: Hero(small blind) folded before Flop
Seat 6: 9b6065d folded before Flop (didn't bet)



Poker Hand #ring_841253570: NLH No Limit ($1/$2) - 2025/04/25 02:37:56
Table 'MR NLH 1/2' 7-max Seat #5 is the button
Seat 5: 67b637c1 ($199 in chips)
Seat 2: 7d35e2a5 ($400 in chips)
Seat 4: f2cb189 ($218.53 in chips)
Seat 3: 24e65a67 ($245.89 in chips)
Seat 1: Hero ($199.4 in chips)
Seat 6: 9b6065d ($397 in chips)
9b6065d: posts small blind $1
Hero: posts big blind $2
*** HOLE CARDS ***
Dealt to 67b637c1 
Dealt to 7d35e2a5 
Dealt to f2cb189 
Dealt to 24e65a67 
Dealt to Hero [8h Qc]
Dealt to 9b6065d 
7d35e2a5: folds
24e65a67: folds
f2cb189: folds
67b637c1: folds
9b6065d: folds
*** SHOWDOWN ***
Hero collected $3 from pot
*** SUMMARY ***
Total pot $3
Seat 5: 67b637c1 folded before Flop (didn't bet)
Seat 2: 7d35e2a5 folded before Flop (didn't bet)
Seat 4: f2cb189 folded before Flop (didn't bet)
Seat 3: 24e65a67 folded before Flop (didn't bet)
Seat 1: Hero(big blind)won ($3)
Seat 6: 9b6065d(small blind) folded before Flop



Poker Hand #ring_841252377: NLH No Limit ($1/$2) - 2025/04/25 02:37:05
Table 'MR NLH 1/2' 7-max Seat #4 is the button
Seat 5: 67b637c1 ($200 in chips)
Seat 2: 7d35e2a5 ($400 in chips)
Seat 4: f2cb189 ($218.53 in chips)
Seat 3: 24e65a67 ($239.47 in chips)
Seat 1: Hero ($199.4 in chips)
Seat 6: 9b6065d ($403 in chips)
Seat 7: a14fbd9d ($268.66 in chips)
67b637c1: posts small blind $1
9b6065d: posts big blind $2
*** HOLE CARDS ***
Dealt to 67b637c1 
Dealt to 7d35e2a5 
Dealt to f2cb189 
Dealt to 24e65a67 
Dealt to Hero [Jc 5d]
Dealt to 9b6065d 
Dealt to a14fbd9d 
a14fbd9d: folds
Hero: folds
7d35e2a5: folds
24e65a67: raises $4 to $6
f2cb189: folds
67b637c1: folds
9b6065d: calls $4
*** FLOP *** [2s 8c Qs]
9b6065d: checks
24e65a67: checks
*** TURN *** [2s 8c Qs] [Js]
9b6065d: checks
24e65a67: bets $6.5
9b6065d: folds
Uncalled bet ($6.5) returned to 24e65a67
*** SHOWDOWN ***
24e65a67 collected $13 from pot
*** SUMMARY ***
Total pot $13
Board [2s 8c Qs Js]
Seat 5: 67b637c1(small blind) folded before Flop
Seat 2: 7d35e2a5 folded before Flop (didn't bet)
Seat 4: f2cb189 folded before Flop (didn't bet)
Seat 3: 24e65a67won ($13) with Pair of Fives
Seat 1: Hero folded before Flop (didn't bet)
Seat 6: 9b6065d(big blind) folded on the Turn
Seat 7: a14fbd9d folded before Flop (didn't bet)



Poker Hand #ring_841251689: NLH No Limit ($1/$2) - 2025/04/25 02:36:37
Table 'MR NLH 1/2' 7-max Seat #3 is the button
Seat 5: 67b637c1 ($199 in chips)
Seat 2: 7d35e2a5 ($400 in chips)
Seat 4: f2cb189 ($219.53 in chips)
Seat 3: 24e65a67 ($239.47 in chips)
Seat 1: Hero ($199.4 in chips)
Seat 6: 9b6065d ($403 in chips)
Seat 7: a14fbd9d ($268.66 in chips)
f2cb189: posts small blind $1
67b637c1: posts big blind $2
*** HOLE CARDS ***
Dealt to 67b637c1 
Dealt to 7d35e2a5 
Dealt to f2cb189 
Dealt to 24e65a67 
Dealt to Hero [3s 2c]
Dealt to 9b6065d 
Dealt to a14fbd9d 
9b6065d: folds
a14fbd9d: folds
Hero: folds
7d35e2a5: folds
24e65a67: folds
f2cb189: folds
*** SHOWDOWN ***
67b637c1 collected $3 from pot
*** SUMMARY ***
Total pot $3
Seat 5: 67b637c1(big blind)won ($3)
Seat 2: 7d35e2a5 folded before Flop (didn't bet)
Seat 4: f2cb189(small blind) folded before Flop
Seat 3: 24e65a67 folded before Flop (didn't bet)
Seat 1: Hero folded before Flop (didn't bet)
Seat 6: 9b6065d folded before Flop (didn't bet)
Seat 7: a14fbd9d folded before Flop (didn't bet)



Poker Hand #ring_841250395: NLH No Limit ($1/$2) - 2025/04/25 02:35:40
Table 'MR NLH 1/2' 7-max Seat #2 is the button
Seat 5: 67b637c1 ($199 in chips)
Seat 2: 7d35e2a5 ($407 in chips)
Seat 4: f2cb189 ($204.74 in chips)
Seat 3: 24e65a67 ($240.47 in chips)
Seat 1: Hero ($199.4 in chips)
Seat 6: 9b6065d ($403 in chips)
Seat 7: a14fbd9d ($268.66 in chips)
24e65a67: posts small blind $1
f2cb189: posts big blind $2
*** HOLE CARDS ***
Dealt to 67b637c1 
Dealt to 7d35e2a5 
Dealt to f2cb189 
Dealt to 24e65a67 
Dealt to Hero [9s 5c]
Dealt to 9b6065d 
Dealt to a14fbd9d 
67b637c1: folds
9b6065d: folds
a14fbd9d: folds
Hero: folds
7d35e2a5: raises $4 to $6
24e65a67: folds
f2cb189: calls $4
*** FLOP *** [8h 5s 4s]
f2cb189: checks
7d35e2a5: checks
*** TURN *** [8h 5s 4s] [3s]
f2cb189: checks
7d35e2a5: checks
*** RIVER *** [8h 5s 4s 3s] [Ah]
f2cb189: bets $9.75
7d35e2a5: calls $9.75
7d35e2a5: shows [Ad Tc]
f2cb189: shows [2d 2s]
*** SHOWDOWN ***
f2cb189 collected $32.5 from pot
*** SUMMARY ***
Total pot $32.5
Board [8h 5s 4s 3s Ah]
Seat 5: 67b637c1 folded before Flop (didn't bet)
Seat 2: 7d35e2a5 showed [Ad Tc] and lost with Pair of Aces
Seat 4: f2cb189(big blind) showed [2d 2s] and won ($32.5) with Fives-High Straight
Seat 3: 24e65a67(small blind) folded before Flop
Seat 1: Hero folded before Flop (didn't bet)
Seat 6: 9b6065d folded before Flop (didn't bet)
Seat 7: a14fbd9d folded before Flop (didn't bet)



Poker Hand #ring_841249660: NLH No Limit ($1/$2) - 2025/04/25 02:35:09
Table 'MR NLH 1/2' 7-max Seat #1 is the button
Seat 5: 67b637c1 ($199 in chips)
Seat 2: 7d35e2a5 ($400 in chips)
Seat 4: f2cb189 ($204.74 in chips)
Seat 3: 24e65a67 ($242.47 in chips)
Seat 1: Hero ($204.4 in chips)
Seat 6: 9b6065d ($403 in chips)
Seat 7: a14fbd9d ($268.66 in chips)
7d35e2a5: posts small blind $1
24e65a67: posts big blind $2
*** HOLE CARDS ***
Dealt to 67b637c1 
Dealt to 7d35e2a5 
Dealt to f2cb189 
Dealt to 24e65a67 
Dealt to Hero [Kh 4d]
Dealt to 9b6065d 
Dealt to a14fbd9d 
f2cb189: folds
67b637c1: folds
9b6065d: folds
a14fbd9d: folds
Hero: raises $3 to $5
7d35e2a5: raises $19 to $24
24e65a67: folds
Hero: folds
Uncalled bet ($19) returned to 7d35e2a5
*** SHOWDOWN ***
7d35e2a5 collected $12 from pot
*** SUMMARY ***
Total pot $12
Seat 5: 67b637c1 folded before Flop (didn't bet)
Seat 2: 7d35e2a5(small blind)won ($12)
Seat 4: f2cb189 folded before Flop (didn't bet)
Seat 3: 24e65a67(big blind) folded before Flop
Seat 1: Hero folded before Flop
Seat 6: 9b6065d folded before Flop (didn't bet)
Seat 7: a14fbd9d folded before Flop (didn't bet)



Poker Hand #ring_841248829: NLH No Limit ($1/$2) - 2025/04/25 02:34:33
Table 'MR NLH 1/2' 7-max Seat #7 is the button
Seat 5: 67b637c1 ($199 in chips)
Seat 2: 7d35e2a5 ($400 in chips)
Seat 4: f2cb189 ($209.14 in chips)
Seat 3: 24e65a67 ($242.47 in chips)
Seat 1: Hero ($198 in chips)
Seat 6: 9b6065d ($403 in chips)
Seat 7: a14fbd9d ($268.66 in chips)
Hero: posts small blind $1
7d35e2a5: posts big blind $2
*** HOLE CARDS ***
Dealt to 67b637c1 
Dealt to 7d35e2a5 
Dealt to f2cb189 
Dealt to 24e65a67 
Dealt to Hero [8c 8h]
Dealt to 9b6065d 
Dealt to a14fbd9d 
24e65a67: folds
f2cb189: raises $2.4 to $4.4
67b637c1: folds
9b6065d: folds
a14fbd9d: folds
Hero: raises $10.06 to $14.46
7d35e2a5: folds
f2cb189: folds
Uncalled bet ($10.06) returned to Hero
*** SHOWDOWN ***
Hero collected $10.8 from pot
*** SUMMARY ***
Total pot $10.8
Seat 5: 67b637c1 folded before Flop (didn't bet)
Seat 2: 7d35e2a5(big blind) folded before Flop
Seat 4: f2cb189 folded before Flop
Seat 3: 24e65a67 folded before Flop (didn't bet)
Seat 1: Hero(small blind)won ($10.8)
Seat 6: 9b6065d folded before Flop (didn't bet)
Seat 7: a14fbd9d folded before Flop (didn't bet)



Poker Hand #ring_841248218: NLH No Limit ($1/$2) - 2025/04/25 02:34:08
Table 'MR NLH 1/2' 7-max Seat #6 is the button
Seat 5: 67b637c1 ($199 in chips)
Seat 4: f2cb189 ($209.14 in chips)
Seat 3: 24e65a67 ($242.47 in chips)
Seat 1: Hero ($200 in chips)
Seat 6: 9b6065d ($400 in chips)
Seat 7: a14fbd9d ($269.66 in chips)
a14fbd9d: posts small blind $1
Hero: posts big blind $2
*** HOLE CARDS ***
Dealt to 67b637c1 
Dealt to f2cb189 
Dealt to 24e65a67 
Dealt to Hero [4s 2c]
Dealt to 9b6065d 
Dealt to a14fbd9d 
24e65a67: folds
f2cb189: folds
67b637c1: folds
9b6065d: raises $3 to $5
a14fbd9d: folds
Hero: folds
Uncalled bet ($3) returned to 9b6065d
*** SHOWDOWN ***
9b6065d collected $5 from pot
*** SUMMARY ***
Total pot $5
Seat 5: 67b637c1 folded before Flop (didn't bet)
Seat 4: f2cb189 folded before Flop (didn't bet)
Seat 3: 24e65a67 folded before Flop (didn't bet)
Seat 1: Hero(big blind) folded before Flop
Seat 6: 9b6065dwon ($5)
Seat 7: a14fbd9d(small blind) folded before Flop



