Poker Hand #ring_840487819: NLH No Limit ($1/$2) - 2025/04/24 18:39:58
Table 'MR NLH 1/2' 7-max Seat #4 is the button
Seat 5: 7bd5a6c3 ($468.95 in chips)
Seat 7: f2b0026d ($436.26 in chips)
Seat 4: 2caf5490 ($834.05 in chips)
Seat 3: fcebf085 ($103.48 in chips)
Seat 1: Hero ($174 in chips)
7bd5a6c3: posts small blind $1
f2b0026d: posts big blind $2
*** HOLE CARDS ***
Dealt to 7bd5a6c3 
Dealt to f2b0026d 
Dealt to 2caf5490 
Dealt to fcebf085 
Dealt to Hero [Ks 2c]
Hero: folds
fcebf085: raises $4 to $6
2caf5490: folds
7bd5a6c3: folds
f2b0026d: folds
Uncalled bet ($4) returned to fcebf085
*** SHOWDOWN ***
fcebf085 collected $5 from pot
*** SUMMARY ***
Total pot $5
Seat 5: 7bd5a6c3(small blind) folded before Flop
Seat 7: f2b0026d(big blind) folded before Flop
Seat 4: 2caf5490 folded before Flop (didn't bet)
Seat 3: fcebf085won ($5)
Seat 1: Hero folded before Flop (didn't bet)



Poker Hand #ring_840487471: NLH No Limit ($1/$2) - 2025/04/24 18:39:42
Table 'MR NLH 1/2' 7-max Seat #3 is the button
Seat 5: 7bd5a6c3 ($467.95 in chips)
Seat 7: f2b0026d ($436.26 in chips)
Seat 4: 2caf5490 ($835.05 in chips)
Seat 3: fcebf085 ($103.48 in chips)
Seat 1: Hero ($174 in chips)
2caf5490: posts small blind $1
7bd5a6c3: posts big blind $2
*** HOLE CARDS ***
Dealt to 7bd5a6c3 
Dealt to f2b0026d 
Dealt to 2caf5490 
Dealt to fcebf085 
Dealt to Hero [Td 6c]
f2b0026d: folds
Hero: folds
fcebf085: folds
2caf5490: folds
*** SHOWDOWN ***
7bd5a6c3 collected $3 from pot
*** SUMMARY ***
Total pot $3
Seat 5: 7bd5a6c3(big blind)won ($3)
Seat 7: f2b0026d folded before Flop (didn't bet)
Seat 4: 2caf5490(small blind) folded before Flop
Seat 3: fcebf085 folded before Flop (didn't bet)
Seat 1: Hero folded before Flop (didn't bet)



Poker Hand #ring_840486622: NLH No Limit ($1/$2) - 2025/04/24 18:39:08
Table 'MR NLH 1/2' 7-max Seat #1 is the button
Seat 5: 7bd5a6c3 ($467.95 in chips)
Seat 7: f2b0026d ($436.26 in chips)
Seat 4: 2caf5490 ($837.05 in chips)
Seat 3: fcebf085 ($101.66 in chips)
Seat 1: Hero ($174 in chips)
fcebf085: posts small blind $1
2caf5490: posts big blind $2
*** HOLE CARDS ***
Dealt to 7bd5a6c3 
Dealt to f2b0026d 
Dealt to 2caf5490 
Dealt to fcebf085 
Dealt to Hero [2d Tc]
7bd5a6c3: folds
f2b0026d: folds
Hero: folds
fcebf085: calls $1
2caf5490: checks
*** FLOP *** [7c 6d 3h]
fcebf085: checks
2caf5490: checks
*** TURN *** [7c 6d 3h] [Jc]
fcebf085: bets $4
2caf5490: folds
Uncalled bet ($4) returned to fcebf085
*** SHOWDOWN ***
fcebf085 collected $4 from pot
*** SUMMARY ***
Total pot $4
Board [7c 6d 3h Jc]
Seat 5: 7bd5a6c3 folded before Flop (didn't bet)
Seat 7: f2b0026d folded before Flop (didn't bet)
Seat 4: 2caf5490(big blind) folded on the Turn
Seat 3: fcebf085(small blind)won ($4) with Pair of Jacks
Seat 1: Hero folded before Flop (didn't bet)



Poker Hand #ring_840486183: NLH No Limit ($1/$2) - 2025/04/24 18:38:50
Table 'MR NLH 1/2' 7-max Seat #7 is the button
Seat 5: 7bd5a6c3 ($467.95 in chips)
Seat 7: f2b0026d ($436.26 in chips)
Seat 4: 2caf5490 ($834.05 in chips)
Seat 3: fcebf085 ($103.66 in chips)
Seat 1: Hero ($175 in chips)
Hero: posts small blind $1
fcebf085: posts big blind $2
*** HOLE CARDS ***
Dealt to 7bd5a6c3 
Dealt to f2b0026d 
Dealt to 2caf5490 
Dealt to fcebf085 
Dealt to Hero [7c Ks]
2caf5490: raises $3 to $5
7bd5a6c3: folds
f2b0026d: folds
Hero: folds
fcebf085: folds
Uncalled bet ($3) returned to 2caf5490
*** SHOWDOWN ***
2caf5490 collected $5 from pot
*** SUMMARY ***
Total pot $5
Seat 5: 7bd5a6c3 folded before Flop (didn't bet)
Seat 7: f2b0026d folded before Flop (didn't bet)
Seat 4: 2caf5490won ($5)
Seat 3: fcebf085(big blind) folded before Flop
Seat 1: Hero(small blind) folded before Flop



Poker Hand #ring_840485840: NLH No Limit ($1/$2) - 2025/04/24 18:38:35
Table 'MR NLH 1/2' 7-max Seat #5 is the button
Seat 5: 7bd5a6c3 ($467.95 in chips)
Seat 7: f2b0026d ($437.26 in chips)
Seat 4: 2caf5490 ($834.05 in chips)
Seat 3: fcebf085 ($103.66 in chips)
Seat 1: Hero ($174 in chips)
f2b0026d: posts small blind $1
Hero: posts big blind $2
*** HOLE CARDS ***
Dealt to 7bd5a6c3 
Dealt to f2b0026d 
Dealt to 2caf5490 
Dealt to fcebf085 
Dealt to Hero [6h Td]
fcebf085: folds
2caf5490: folds
7bd5a6c3: folds
f2b0026d: folds
*** SHOWDOWN ***
Hero collected $3 from pot
*** SUMMARY ***
Total pot $3
Seat 5: 7bd5a6c3 folded before Flop (didn't bet)
Seat 7: f2b0026d(small blind) folded before Flop
Seat 4: 2caf5490 folded before Flop (didn't bet)
Seat 3: fcebf085 folded before Flop (didn't bet)
Seat 1: Hero(big blind)won ($3)



