Poker Hand #ring_823917398: NLH No Limit ($2/$4) - 2025/04/15 03:22:39
Table 'MR NLH 2/4' 7-max Seat #3 is the button
Seat 2: Hero ($212.54 in chips)
Seat 7: e807ed38 ($1,118.58 in chips)
Seat 3: 2dcc7e18 ($253.76 in chips)
e807ed38: posts big blind $4
*** HOLE CARDS ***
Dealt to Hero [Jc 4s]
Dealt to e807ed38 
Dealt to 2dcc7e18 
Hero: folds
2dcc7e18: raises $8 to $12
e807ed38: folds
Uncalled bet ($8) returned to 2dcc7e18
*** SHOWDOWN ***
2dcc7e18 collected $8 from pot
*** SUMMARY ***
Total pot $8
Seat 2: Hero folded before Flop (didn't bet)
Seat 7: e807ed38(big blind) folded before Flop
Seat 3: 2dcc7e18won ($8)



Poker Hand #ring_823916347: NLH No Limit ($2/$4) - 2025/04/15 03:21:44
Table 'MR NLH 2/4' 7-max Seat #2 is the button
Seat 6: cf2f6654 ($1,451.51 in chips)
Seat 2: Hero ($222.54 in chips)
Seat 7: e807ed38 ($1,118.58 in chips)
Seat 3: 2dcc7e18 ($235.11 in chips)
2dcc7e18: posts small blind $2
cf2f6654: posts big blind $4
*** HOLE CARDS ***
Dealt to cf2f6654 
Dealt to Hero [Ad 5h]
Dealt to e807ed38 
Dealt to 2dcc7e18 
e807ed38: folds
Hero: raises $6 to $10
2dcc7e18: calls $8
cf2f6654: calls $6
*** FLOP *** [Kd Td 2c]
2dcc7e18: checks
cf2f6654: checks
Hero: checks
*** TURN *** [Kd Td 2c] [8s]
2dcc7e18: checks
cf2f6654: checks
Hero: checks
*** RIVER *** [Kd Td 2c 8s] [4h]
2dcc7e18: checks
cf2f6654: checks
Hero: checks
Hero: shows [Ad 5h]
2dcc7e18: shows [Ts Js]
cf2f6654: shows [Qs 2s]
*** SHOWDOWN ***
2dcc7e18 collected $30 from pot
*** SUMMARY ***
Total pot $30
Board [Kd Td 2c 8s 4h]
Seat 6: cf2f6654(big blind) showed [Qs 2s] and lost with Pair of Twos
Seat 2: Hero showed [Ad 5h] and lost with Ace-High
Seat 7: e807ed38 folded before Flop (didn't bet)
Seat 3: 2dcc7e18(small blind) showed [Ts Js] and won ($30) with Pair of Tens



Poker Hand #ring_823915945: NLH No Limit ($2/$4) - 2025/04/15 03:21:24
Table 'MR NLH 2/4' 7-max Seat #7 is the button
Seat 6: cf2f6654 ($1,445.51 in chips)
Seat 2: Hero ($224.54 in chips)
Seat 7: e807ed38 ($1,118.58 in chips)
Seat 3: 2dcc7e18 ($239.11 in chips)
Hero: posts small blind $2
2dcc7e18: posts big blind $4
*** HOLE CARDS ***
Dealt to cf2f6654 
Dealt to Hero [As 8c]
Dealt to e807ed38 
Dealt to 2dcc7e18 
cf2f6654: raises $8 to $12
e807ed38: folds
Hero: folds
2dcc7e18: folds
Uncalled bet ($8) returned to cf2f6654
*** SHOWDOWN ***
cf2f6654 collected $10 from pot
*** SUMMARY ***
Total pot $10
Seat 6: cf2f6654won ($10)
Seat 2: Hero(small blind) folded before Flop
Seat 7: e807ed38 folded before Flop (didn't bet)
Seat 3: 2dcc7e18(big blind) folded before Flop



Poker Hand #ring_823915497: NLH No Limit ($2/$4) - 2025/04/15 03:21:00
Table 'MR NLH 2/4' 7-max Seat #6 is the button
Seat 6: cf2f6654 ($1,445.51 in chips)
Seat 5: 9230dc4d ($437.71 in chips)
Seat 2: Hero ($228.54 in chips)
Seat 7: e807ed38 ($1,120.58 in chips)
Seat 3: 2dcc7e18 ($239.11 in chips)
Seat 4: 48499814 ($1,401.16 in chips)
e807ed38: posts small blind $2
Hero: posts big blind $4
*** HOLE CARDS ***
Dealt to cf2f6654 
Dealt to 9230dc4d 
Dealt to Hero [3c Th]
Dealt to e807ed38 
Dealt to 2dcc7e18 
Dealt to 48499814 
2dcc7e18: folds
48499814: folds
9230dc4d: raises $12 to $16
cf2f6654: folds
e807ed38: folds
Hero: folds
Uncalled bet ($12) returned to 9230dc4d
*** SHOWDOWN ***
9230dc4d collected $10 from pot
*** SUMMARY ***
Total pot $10
Seat 6: cf2f6654 folded before Flop (didn't bet)
Seat 5: 9230dc4dwon ($10)
Seat 2: Hero(big blind) folded before Flop
Seat 7: e807ed38(small blind) folded before Flop
Seat 3: 2dcc7e18 folded before Flop (didn't bet)
Seat 4: 48499814 folded before Flop (didn't bet)



Poker Hand #ring_823913649: NLH No Limit ($2/$4) - 2025/04/15 03:19:25
Table 'MR NLH 2/4' 7-max Seat #5 is the button
Seat 6: cf2f6654 ($1,447.51 in chips)
Seat 5: 9230dc4d ($437.71 in chips)
Seat 2: Hero ($272.04 in chips)
Seat 7: e807ed38 ($1,124.58 in chips)
Seat 3: 2dcc7e18 ($100.96 in chips)
Seat 4: 48499814 ($1,502.12 in chips)
cf2f6654: posts small blind $2
e807ed38: posts big blind $4
*** HOLE CARDS ***
Dealt to cf2f6654 
Dealt to 9230dc4d 
Dealt to Hero [Kh Kd]
Dealt to e807ed38 
Dealt to 2dcc7e18 
Dealt to 48499814 
Hero: raises $8 to $12
2dcc7e18: calls $12
48499814: calls $12
9230dc4d: folds
cf2f6654: folds
e807ed38: folds
*** FLOP *** [Qc As 2d]
Hero: checks
2dcc7e18: checks
48499814: checks
*** TURN *** [Qc As 2d] [Ad]
Hero: checks
2dcc7e18: checks
48499814: bets $31.5
Hero: calls $31.5
2dcc7e18: raises $57.46 to $88.96 and is all-in
48499814: calls $57.46
Hero: folds
2dcc7e18: shows [7h Ah]
48499814: shows [Qd 3s]
*** RIVER *** [Qc As 2d Ad] [Td]
*** SHOWDOWN ***
2dcc7e18 collected $251.42 from pot
*** SUMMARY ***
Total pot $251.42
Board [Qc As 2d Ad Td]
Seat 6: cf2f6654(small blind) folded before Flop
Seat 5: 9230dc4d folded before Flop (didn't bet)
Seat 2: Hero folded on the Turn
Seat 7: e807ed38(big blind) folded before Flop
Seat 3: 2dcc7e18 showed [7h Ah] and won ($251.42) with Three Aces
Seat 4: 48499814 showed [Qd 3s] and lost with Pair of Aces and Pair of Queens



Poker Hand #ring_823912211: NLH No Limit ($2/$4) - 2025/04/15 03:18:09
Table 'MR NLH 2/4' 7-max Seat #4 is the button
Seat 6: cf2f6654 ($1,451.51 in chips)
Seat 5: 9230dc4d ($729.71 in chips)
Seat 2: Hero ($272.04 in chips)
Seat 7: e807ed38 ($1,136.58 in chips)
Seat 3: 2dcc7e18 ($100.96 in chips)
Seat 4: 48499814 ($1,222.12 in chips)
9230dc4d: posts small blind $2
cf2f6654: posts big blind $4
*** HOLE CARDS ***
Dealt to cf2f6654 
Dealt to 9230dc4d 
Dealt to Hero [6d 7c]
Dealt to e807ed38 
Dealt to 2dcc7e18 
Dealt to 48499814 
e807ed38: raises $8 to $12
Hero: folds
2dcc7e18: folds
48499814: raises $30 to $42
9230dc4d: calls $40
cf2f6654: folds
e807ed38: folds
*** FLOP *** [9s 7s 9d]
9230dc4d: checks
48499814: bets $100
9230dc4d: calls $100
*** TURN *** [9s 7s 9d] [Ts]
9230dc4d: checks
48499814: checks
*** RIVER *** [9s 7s 9d Ts] [Kd]
9230dc4d: checks
48499814: bets $150
9230dc4d: calls $150
48499814: shows [Ks Kc]
9230dc4d: shows [Js Jd]
*** SHOWDOWN ***
48499814 collected $600 from pot
*** SUMMARY ***
Total pot $600
Board [9s 7s 9d Ts Kd]
Seat 6: cf2f6654(big blind) folded before Flop
Seat 5: 9230dc4d(small blind) showed [Js Jd] and lost with Pair of Jacks and Pair of Nines
Seat 2: Hero folded before Flop (didn't bet)
Seat 7: e807ed38 folded before Flop
Seat 3: 2dcc7e18 folded before Flop (didn't bet)
Seat 4: 48499814 showed [Ks Kc] and won ($600) with Kings Full over Nines



Poker Hand #ring_823910673: NLH No Limit ($2/$4) - 2025/04/15 03:16:49
Table 'MR NLH 2/4' 7-max Seat #3 is the button
Seat 6: cf2f6654 ($1,451.51 in chips)
Seat 5: 9230dc4d ($733.71 in chips)
Seat 2: Hero ($272.04 in chips)
Seat 7: e807ed38 ($1,005.82 in chips)
Seat 3: 2dcc7e18 ($112.96 in chips)
Seat 4: 48499814 ($1,350.12 in chips)
48499814: posts small blind $2
9230dc4d: posts big blind $4
*** HOLE CARDS ***
Dealt to cf2f6654 
Dealt to 9230dc4d 
Dealt to Hero [3s 9c]
Dealt to e807ed38 
Dealt to 2dcc7e18 
Dealt to 48499814 
cf2f6654: folds
e807ed38: raises $8 to $12
Hero: folds
2dcc7e18: calls $12
48499814: raises $30 to $42
9230dc4d: folds
e807ed38: raises $86 to $128
2dcc7e18: folds
48499814: calls $86
*** FLOP *** [2s Jc 5s]
48499814: checks
e807ed38: bets $72
48499814: folds
Uncalled bet ($72) returned to e807ed38
*** SHOWDOWN ***
e807ed38 collected $272 from pot
*** SUMMARY ***
Total pot $272
Board [2s Jc 5s]
Seat 6: cf2f6654 folded before Flop (didn't bet)
Seat 5: 9230dc4d(big blind) folded before Flop
Seat 2: Hero folded before Flop (didn't bet)
Seat 7: e807ed38won ($272) with Ace-High
Seat 3: 2dcc7e18 folded before Flop
Seat 4: 48499814(small blind) folded on the Flop



Poker Hand #ring_823910149: NLH No Limit ($2/$4) - 2025/04/15 03:16:22
Table 'MR NLH 2/4' 7-max Seat #2 is the button
Seat 6: cf2f6654 ($1,451.51 in chips)
Seat 5: 9230dc4d ($733.71 in chips)
Seat 2: Hero ($272.04 in chips)
Seat 7: e807ed38 ($999.82 in chips)
Seat 3: 2dcc7e18 ($114.96 in chips)
Seat 4: 48499814 ($1,354.12 in chips)
2dcc7e18: posts small blind $2
48499814: posts big blind $4
*** HOLE CARDS ***
Dealt to cf2f6654 
Dealt to 9230dc4d 
Dealt to Hero [Td Ks]
Dealt to e807ed38 
Dealt to 2dcc7e18 
Dealt to 48499814 
9230dc4d: folds
cf2f6654: folds
e807ed38: raises $8 to $12
Hero: folds
2dcc7e18: folds
48499814: folds
Uncalled bet ($8) returned to e807ed38
*** SHOWDOWN ***
e807ed38 collected $10 from pot
*** SUMMARY ***
Total pot $10
Seat 6: cf2f6654 folded before Flop (didn't bet)
Seat 5: 9230dc4d folded before Flop (didn't bet)
Seat 2: Hero folded before Flop (didn't bet)
Seat 7: e807ed38won ($10)
Seat 3: 2dcc7e18(small blind) folded before Flop
Seat 4: 48499814(big blind) folded before Flop



Poker Hand #ring_823908569: NLH No Limit ($2/$4) - 2025/04/15 03:14:59
Table 'MR NLH 2/4' 7-max Seat #7 is the button
Seat 6: cf2f6654 ($1,451.51 in chips)
Seat 5: 9230dc4d ($733.71 in chips)
Seat 2: Hero ($228.64 in chips)
Seat 7: e807ed38 ($1,031.82 in chips)
Seat 3: 2dcc7e18 ($118.96 in chips)
Seat 4: 48499814 ($1,366.12 in chips)
Hero: posts small blind $2
2dcc7e18: posts big blind $4
*** HOLE CARDS ***
Dealt to cf2f6654 
Dealt to 9230dc4d 
Dealt to Hero [Ah 8h]
Dealt to e807ed38 
Dealt to 2dcc7e18 
Dealt to 48499814 
48499814: calls $4
9230dc4d: folds
cf2f6654: folds
e807ed38: calls $4
Hero: raises $8 to $12
2dcc7e18: folds
48499814: calls $8
e807ed38: calls $8
*** FLOP *** [Th Ad Jh]
Hero: checks
48499814: checks
e807ed38: checks
*** TURN *** [Th Ad Jh] [Tc]
Hero: checks
48499814: checks
e807ed38: bets $20
Hero: calls $20
48499814: folds
*** RIVER *** [Th Ad Jh Tc] [8d]
Hero: checks
e807ed38: checks
Hero: shows [Ah 8h]
e807ed38: shows [Kc 7c]
*** SHOWDOWN ***
Hero collected $80 from pot
*** SUMMARY ***
Total pot $80
Board [Th Ad Jh Tc 8d]
Seat 6: cf2f6654 folded before Flop (didn't bet)
Seat 5: 9230dc4d folded before Flop (didn't bet)
Seat 2: Hero(small blind) showed [Ah 8h] and won ($80) with Pair of Aces and Pair of Tens
Seat 7: e807ed38 showed [Kc 7c] and lost with Pair of Tens
Seat 3: 2dcc7e18(big blind) folded before Flop
Seat 4: 48499814 folded on the Turn



Poker Hand #ring_823907421: NLH No Limit ($2/$4) - 2025/04/15 03:14:01
Table 'MR NLH 2/4' 7-max Seat #6 is the button
Seat 6: cf2f6654 ($1,223.61 in chips)
Seat 5: 9230dc4d ($794 in chips)
Seat 2: Hero ($232.64 in chips)
Seat 7: e807ed38 ($1,085.82 in chips)
Seat 3: 2dcc7e18 ($118.96 in chips)
Seat 4: 48499814 ($1,420.12 in chips)
e807ed38: posts small blind $2
Hero: posts big blind $4
*** HOLE CARDS ***
Dealt to cf2f6654 
Dealt to 9230dc4d 
Dealt to Hero [Jh 4c]
Dealt to e807ed38 
Dealt to 2dcc7e18 
Dealt to 48499814 
2dcc7e18: folds
48499814: raises $12 to $16
9230dc4d: raises $38 to $54
cf2f6654: calls $54
e807ed38: calls $52
Hero: folds
48499814: calls $38
*** FLOP *** [8c 7d 4h]
e807ed38: checks
48499814: checks
9230dc4d: bets $80
cf2f6654: raises $190 to $270
e807ed38: folds
48499814: folds
9230dc4d: folds
Uncalled bet ($190) returned to cf2f6654
*** SHOWDOWN ***
cf2f6654 collected $380 from pot
*** SUMMARY ***
Total pot $380
Board [8c 7d 4h]
Seat 6: cf2f6654won ($380) with Pair of Kings
Seat 5: 9230dc4d folded on the Flop
Seat 2: Hero(big blind) folded before Flop
Seat 7: e807ed38(small blind) folded on the Flop
Seat 3: 2dcc7e18 folded before Flop (didn't bet)
Seat 4: 48499814 folded on the Flop



Poker Hand #ring_823907032: NLH No Limit ($2/$4) - 2025/04/15 03:13:40
Table 'MR NLH 2/4' 7-max Seat #5 is the button
Seat 6: cf2f6654 ($1,219.61 in chips)
Seat 5: 9230dc4d ($794 in chips)
Seat 2: Hero ($232.64 in chips)
Seat 7: e807ed38 ($1,089.82 in chips)
Seat 3: 2dcc7e18 ($118.96 in chips)
Seat 4: 48499814 ($1,420.12 in chips)
cf2f6654: posts small blind $2
e807ed38: posts big blind $4
*** HOLE CARDS ***
Dealt to cf2f6654 
Dealt to 9230dc4d 
Dealt to Hero [4d Qd]
Dealt to e807ed38 
Dealt to 2dcc7e18 
Dealt to 48499814 
Hero: folds
2dcc7e18: folds
48499814: folds
9230dc4d: folds
cf2f6654: raises $8 to $12
e807ed38: folds
Uncalled bet ($8) returned to cf2f6654
*** SHOWDOWN ***
cf2f6654 collected $8 from pot
*** SUMMARY ***
Total pot $8
Seat 6: cf2f6654(small blind)won ($8)
Seat 5: 9230dc4d folded before Flop (didn't bet)
Seat 2: Hero folded before Flop (didn't bet)
Seat 7: e807ed38(big blind) folded before Flop
Seat 3: 2dcc7e18 folded before Flop (didn't bet)
Seat 4: 48499814 folded before Flop (didn't bet)



Poker Hand #ring_823906007: NLH No Limit ($2/$4) - 2025/04/15 03:12:45
Table 'MR NLH 2/4' 7-max Seat #4 is the button
Seat 6: cf2f6654 ($1,223.61 in chips)
Seat 5: 9230dc4d ($796 in chips)
Seat 2: Hero ($232.64 in chips)
Seat 7: e807ed38 ($1,179.72 in chips)
Seat 3: 2dcc7e18 ($118.96 in chips)
Seat 4: 48499814 ($1,333.58 in chips)
9230dc4d: posts small blind $2
cf2f6654: posts big blind $4
*** HOLE CARDS ***
Dealt to cf2f6654 
Dealt to 9230dc4d 
Dealt to Hero [7h 4d]
Dealt to e807ed38 
Dealt to 2dcc7e18 
Dealt to 48499814 
e807ed38: raises $8 to $12
Hero: folds
2dcc7e18: folds
48499814: calls $12
9230dc4d: folds
cf2f6654: folds
*** FLOP *** [5d Qh 9c]
e807ed38: bets $9.9
48499814: calls $9.9
*** TURN *** [5d Qh 9c] [3c]
e807ed38: bets $68
48499814: raises $139.35 to $207.35
e807ed38: folds
Uncalled bet ($139.35) returned to 48499814
48499814: shows [3d]
*** SHOWDOWN ***
48499814 collected $185.8 from pot
*** SUMMARY ***
Total pot $185.8
Board [5d Qh 9c 3c]
Seat 6: cf2f6654(big blind) folded before Flop
Seat 5: 9230dc4d(small blind) folded before Flop
Seat 2: Hero folded before Flop (didn't bet)
Seat 7: e807ed38 folded on the Turn
Seat 3: 2dcc7e18 folded before Flop (didn't bet)
Seat 4: 48499814 showed [3d] and won ($185.8) with Pair of Nines and Pair of Treys



Poker Hand #ring_823903728: NLH No Limit ($2/$4) - 2025/04/15 03:10:46
Table 'MR NLH 2/4' 7-max Seat #3 is the button
Seat 6: cf2f6654 ($1,223.61 in chips)
Seat 5: 9230dc4d ($800 in chips)
Seat 2: Hero ($452.64 in chips)
Seat 7: e807ed38 ($1,179.72 in chips)
Seat 3: 2dcc7e18 ($118.96 in chips)
Seat 4: 48499814 ($1,130.56 in chips)
48499814: posts small blind $2
9230dc4d: posts big blind $4
*** HOLE CARDS ***
Dealt to cf2f6654 
Dealt to 9230dc4d 
Dealt to Hero [Jd Jh]
Dealt to e807ed38 
Dealt to 2dcc7e18 
Dealt to 48499814 
cf2f6654: folds
e807ed38: folds
Hero: raises $6 to $10
2dcc7e18: folds
48499814: raises $62 to $72
9230dc4d: folds
Hero: calls $62
*** FLOP *** [As 8s 8h]
48499814: checks
Hero: checks
*** TURN *** [As 8s 8h] [8c]
48499814: checks
Hero: checks
*** RIVER *** [As 8s 8h 8c] [Th]
48499814: bets $148
Hero: calls $148
Hero: shows [Jd Jh]
48499814: shows [Kd Kh]
*** SHOWDOWN ***
48499814 collected $444 from pot
*** SUMMARY ***
Total pot $444
Board [As 8s 8h 8c Th]
Seat 6: cf2f6654 folded before Flop (didn't bet)
Seat 5: 9230dc4d(big blind) folded before Flop
Seat 2: Hero showed [Jd Jh] and lost with Eights Full over Jacks
Seat 7: e807ed38 folded before Flop (didn't bet)
Seat 3: 2dcc7e18 folded before Flop (didn't bet)
Seat 4: 48499814(small blind) showed [Kd Kh] and won ($444) with Eights Full over Kings



Poker Hand #ring_823902929: NLH No Limit ($2/$4) - 2025/04/15 03:10:03
Table 'MR NLH 2/4' 7-max Seat #2 is the button
Seat 6: cf2f6654 ($1,142.98 in chips)
Seat 5: 9230dc4d ($800 in chips)
Seat 2: Hero ($452.64 in chips)
Seat 7: e807ed38 ($1,179.72 in chips)
Seat 3: 2dcc7e18 ($204.46 in chips)
Seat 4: 48499814 ($1,134.56 in chips)
2dcc7e18: posts small blind $2
48499814: posts big blind $4
*** HOLE CARDS ***
Dealt to cf2f6654 
Dealt to 9230dc4d 
Dealt to Hero [Ts 7h]
Dealt to e807ed38 
Dealt to 2dcc7e18 
Dealt to 48499814 
9230dc4d: folds
cf2f6654: raises $8 to $12
e807ed38: folds
Hero: folds
2dcc7e18: calls $10
48499814: folds
*** FLOP *** [8h 3s 4h]
2dcc7e18: checks
cf2f6654: bets $21
2dcc7e18: calls $21
*** TURN *** [8h 3s 4h] [2c]
2dcc7e18: checks
cf2f6654: bets $52.5
2dcc7e18: calls $52.5
*** RIVER *** [8h 3s 4h 2c] [Js]
2dcc7e18: checks
cf2f6654: checks
2dcc7e18: shows [3h Kh]
cf2f6654: shows [8c As]
*** SHOWDOWN ***
cf2f6654 collected $175 from pot
*** SUMMARY ***
Total pot $175
Board [8h 3s 4h 2c Js]
Seat 6: cf2f6654 showed [8c As] and won ($175) with Pair of Eights
Seat 5: 9230dc4d folded before Flop (didn't bet)
Seat 2: Hero folded before Flop (didn't bet)
Seat 7: e807ed38 folded before Flop (didn't bet)
Seat 3: 2dcc7e18(small blind) showed [3h Kh] and lost with Pair of Treys
Seat 4: 48499814(big blind) folded before Flop



Poker Hand #ring_823901874: NLH No Limit ($2/$4) - 2025/04/15 03:09:09
Table 'MR NLH 2/4' 7-max Seat #7 is the button
Seat 6: cf2f6654 ($1,142.98 in chips)
Seat 5: 9230dc4d ($800 in chips)
Seat 2: Hero ($454.64 in chips)
Seat 7: e807ed38 ($1,195.72 in chips)
Seat 3: 2dcc7e18 ($98.57 in chips)
Seat 4: 48499814 ($1,233.13 in chips)
Hero: posts small blind $2
2dcc7e18: posts big blind $4
*** HOLE CARDS ***
Dealt to cf2f6654 
Dealt to 9230dc4d 
Dealt to Hero [9s 7h]
Dealt to e807ed38 
Dealt to 2dcc7e18 
Dealt to 48499814 
48499814: raises $12 to $16
9230dc4d: folds
cf2f6654: folds
e807ed38: calls $16
Hero: folds
2dcc7e18: calls $12
*** FIRST FLOP *** [Jc 2d As]
2dcc7e18: checks
48499814: bets $25
e807ed38: folds
2dcc7e18: calls $25
*** FIRST TURN *** [Jc 2d As] [4d]
2dcc7e18: bets $57.57 and is all-in
48499814: calls $57.57
2dcc7e18: shows [Ac Td]
48499814: shows [7d 8d]
*** FIRST RIVER *** [Jc 2d As 4d] [6h]
*** SECOND RIVER *** [Jc 2d As 4d] [8c]
*** FIRST SHOWDOWN ***
2dcc7e18 collected $108.07 from pot
*** SECOND SHOWDOWN ***
2dcc7e18 collected $107.07 from pot
*** SUMMARY ***
Total pot $215.14
Hand was run two timesFIRST Board [Jc 2d As 4d 6h]
SECOND Board [8c]
Seat 6: cf2f6654 folded before Flop (didn't bet)
Seat 5: 9230dc4d folded before Flop (didn't bet)
Seat 2: Hero(small blind) folded before Flop
Seat 7: e807ed38 folded on the Flop
Seat 3: 2dcc7e18(big blind) showed [Ac Td] and won ($215.14) with Pair of Aces / Pair of Aces
Seat 4: 48499814 showed [7d 8d] and lost with Ace-High / Pair of Eights



Poker Hand #ring_823901598: NLH No Limit ($2/$4) - 2025/04/15 03:08:56
Table 'MR NLH 2/4' 7-max Seat #6 is the button
Seat 6: cf2f6654 ($1,142.98 in chips)
Seat 5: 9230dc4d ($800 in chips)
Seat 2: Hero ($452.64 in chips)
Seat 7: e807ed38 ($1,197.72 in chips)
Seat 3: 2dcc7e18 ($98.57 in chips)
Seat 4: 48499814 ($1,233.13 in chips)
e807ed38: posts small blind $2
Hero: posts big blind $4
*** HOLE CARDS ***
Dealt to cf2f6654 
Dealt to 9230dc4d 
Dealt to Hero [Qc Td]
Dealt to e807ed38 
Dealt to 2dcc7e18 
Dealt to 48499814 
2dcc7e18: folds
48499814: folds
9230dc4d: folds
cf2f6654: folds
e807ed38: folds
*** SHOWDOWN ***
Hero collected $6 from pot
*** SUMMARY ***
Total pot $6
Seat 6: cf2f6654 folded before Flop (didn't bet)
Seat 5: 9230dc4d folded before Flop (didn't bet)
Seat 2: Hero(big blind)won ($6)
Seat 7: e807ed38(small blind) folded before Flop
Seat 3: 2dcc7e18 folded before Flop (didn't bet)
Seat 4: 48499814 folded before Flop (didn't bet)



Poker Hand #ring_823900585: NLH No Limit ($2/$4) - 2025/04/15 03:08:05
Table 'MR NLH 2/4' 7-max Seat #5 is the button
Seat 6: cf2f6654 ($1,154.98 in chips)
Seat 5: 9230dc4d ($800 in chips)
Seat 2: Hero ($452.64 in chips)
Seat 7: e807ed38 ($1,111.14 in chips)
Seat 3: 2dcc7e18 ($98.57 in chips)
Seat 4: 48499814 ($1,316.77 in chips)
cf2f6654: posts small blind $2
e807ed38: posts big blind $4
*** HOLE CARDS ***
Dealt to cf2f6654 
Dealt to 9230dc4d 
Dealt to Hero [Kd 6s]
Dealt to e807ed38 
Dealt to 2dcc7e18 
Dealt to 48499814 
Hero: folds
2dcc7e18: folds
48499814: calls $4
9230dc4d: folds
cf2f6654: raises $8 to $12
e807ed38: raises $36 to $48
48499814: calls $44
cf2f6654: folds
*** FLOP *** [2s Qh 3h]
e807ed38: bets $35.64
48499814: calls $35.64
*** TURN *** [2s Qh 3h] [9s]
e807ed38: bets $134.46
48499814: folds
Uncalled bet ($134.46) returned to e807ed38
*** SHOWDOWN ***
e807ed38 collected $179.28 from pot
*** SUMMARY ***
Total pot $179.28
Board [2s Qh 3h 9s]
Seat 6: cf2f6654(small blind) folded before Flop
Seat 5: 9230dc4d folded before Flop (didn't bet)
Seat 2: Hero folded before Flop (didn't bet)
Seat 7: e807ed38(big blind)won ($179.28) with Pair of Aces
Seat 3: 2dcc7e18 folded before Flop (didn't bet)
Seat 4: 48499814 folded on the Turn



Poker Hand #ring_823899838: NLH No Limit ($2/$4) - 2025/04/15 03:07:27
Table 'MR NLH 2/4' 7-max Seat #4 is the button
Seat 6: cf2f6654 ($1,158.98 in chips)
Seat 5: 9230dc4d ($802 in chips)
Seat 2: Hero ($462.64 in chips)
Seat 7: e807ed38 ($1,111.14 in chips)
Seat 3: 2dcc7e18 ($98.57 in chips)
Seat 4: 48499814 ($1,300.77 in chips)
9230dc4d: posts small blind $2
cf2f6654: posts big blind $4
*** HOLE CARDS ***
Dealt to cf2f6654 
Dealt to 9230dc4d 
Dealt to Hero [Qh Kh]
Dealt to e807ed38 
Dealt to 2dcc7e18 
Dealt to 48499814 
e807ed38: folds
Hero: raises $6 to $10
2dcc7e18: folds
48499814: raises $19.5 to $29.5
9230dc4d: folds
cf2f6654: folds
Hero: folds
Uncalled bet ($19.5) returned to 48499814
*** SHOWDOWN ***
48499814 collected $26 from pot
*** SUMMARY ***
Total pot $26
Seat 6: cf2f6654(big blind) folded before Flop
Seat 5: 9230dc4d(small blind) folded before Flop
Seat 2: Hero folded before Flop
Seat 7: e807ed38 folded before Flop (didn't bet)
Seat 3: 2dcc7e18 folded before Flop (didn't bet)
Seat 4: 48499814won ($26)



Poker Hand #ring_823899065: NLH No Limit ($2/$4) - 2025/04/15 03:06:47
Table 'MR NLH 2/4' 7-max Seat #3 is the button
Seat 6: cf2f6654 ($1,158.98 in chips)
Seat 5: 9230dc4d ($806 in chips)
Seat 2: Hero ($440.17 in chips)
Seat 7: e807ed38 ($1,111.14 in chips)
Seat 3: 2dcc7e18 ($108.57 in chips)
Seat 4: 48499814 ($1,310.77 in chips)
48499814: posts small blind $2
9230dc4d: posts big blind $4
*** HOLE CARDS ***
Dealt to cf2f6654 
Dealt to 9230dc4d 
Dealt to Hero [9h Th]
Dealt to e807ed38 
Dealt to 2dcc7e18 
Dealt to 48499814 
cf2f6654: folds
e807ed38: folds
Hero: raises $6 to $10
2dcc7e18: calls $10
48499814: calls $8
9230dc4d: folds
*** FLOP *** [7h 4c Tc]
48499814: checks
Hero: bets $16.8
2dcc7e18: folds
48499814: folds
Uncalled bet ($16.8) returned to Hero
*** SHOWDOWN ***
Hero collected $34 from pot
*** SUMMARY ***
Total pot $34
Board [7h 4c Tc]
Seat 6: cf2f6654 folded before Flop (didn't bet)
Seat 5: 9230dc4d(big blind) folded before Flop
Seat 2: Herowon ($34) with Pair of Tens
Seat 7: e807ed38 folded before Flop (didn't bet)
Seat 3: 2dcc7e18 folded on the Flop
Seat 4: 48499814(small blind) folded on the Flop



Poker Hand #ring_823898718: NLH No Limit ($2/$4) - 2025/04/15 03:06:28
Table 'MR NLH 2/4' 7-max Seat #2 is the button
Seat 6: cf2f6654 ($1,158.98 in chips)
Seat 5: 9230dc4d ($800 in chips)
Seat 2: Hero ($440.17 in chips)
Seat 7: e807ed38 ($1,111.14 in chips)
Seat 3: 2dcc7e18 ($110.57 in chips)
Seat 4: 48499814 ($1,314.77 in chips)
2dcc7e18: posts small blind $2
48499814: posts big blind $4
*** HOLE CARDS ***
Dealt to cf2f6654 
Dealt to 9230dc4d 
Dealt to Hero [Tc 2h]
Dealt to e807ed38 
Dealt to 2dcc7e18 
Dealt to 48499814 
9230dc4d: raises $12 to $16
cf2f6654: folds
e807ed38: folds
Hero: folds
2dcc7e18: folds
48499814: folds
Uncalled bet ($12) returned to 9230dc4d
48499814: shows [2s]
*** SHOWDOWN ***
9230dc4d collected $10 from pot
*** SUMMARY ***
Total pot $10
Seat 6: cf2f6654 folded before Flop (didn't bet)
Seat 5: 9230dc4dwon ($10)
Seat 2: Hero folded before Flop (didn't bet)
Seat 7: e807ed38 folded before Flop (didn't bet)
Seat 3: 2dcc7e18(small blind) folded before Flop
Seat 4: 48499814(big blind) folded before Flop



Poker Hand #ring_823897823: NLH No Limit ($2/$4) - 2025/04/15 03:05:42
Table 'MR NLH 2/4' 7-max Seat #7 is the button
Seat 6: cf2f6654 ($1,113.75 in chips)
Seat 5: 9230dc4d ($794 in chips)
Seat 2: Hero ($442.17 in chips)
Seat 7: e807ed38 ($1,111.14 in chips)
Seat 3: 2dcc7e18 ($114.57 in chips)
Seat 4: 48499814 ($1,314.77 in chips)
Hero: posts small blind $2
2dcc7e18: posts big blind $4
*** HOLE CARDS ***
Dealt to cf2f6654 
Dealt to 9230dc4d 
Dealt to Hero [2s 2d]
Dealt to e807ed38 
Dealt to 2dcc7e18 
Dealt to 48499814 
48499814: folds
9230dc4d: raises $12 to $16
cf2f6654: raises $28.5 to $44.5
e807ed38: folds
Hero: folds
2dcc7e18: folds
9230dc4d: calls $28.5
*** FLOP *** [2c Ts Ac]
9230dc4d: checks
cf2f6654: bets $47.5
9230dc4d: folds
Uncalled bet ($47.5) returned to cf2f6654
*** SHOWDOWN ***
cf2f6654 collected $95 from pot
*** SUMMARY ***
Total pot $95
Board [2c Ts Ac]
Seat 6: cf2f6654won ($95) with Ace-High
Seat 5: 9230dc4d folded on the Flop
Seat 2: Hero(small blind) folded before Flop
Seat 7: e807ed38 folded before Flop (didn't bet)
Seat 3: 2dcc7e18(big blind) folded before Flop
Seat 4: 48499814 folded before Flop (didn't bet)



Poker Hand #ring_823897499: NLH No Limit ($2/$4) - 2025/04/15 03:05:24
Table 'MR NLH 2/4' 7-max Seat #6 is the button
Seat 6: cf2f6654 ($1,113.75 in chips)
Seat 5: 9230dc4d ($794 in chips)
Seat 2: Hero ($446.17 in chips)
Seat 7: e807ed38 ($1,113.14 in chips)
Seat 3: 2dcc7e18 ($114.57 in chips)
Seat 4: 48499814 ($1,308.77 in chips)
e807ed38: posts small blind $2
Hero: posts big blind $4
*** HOLE CARDS ***
Dealt to cf2f6654 
Dealt to 9230dc4d 
Dealt to Hero [Ac 4s]
Dealt to e807ed38 
Dealt to 2dcc7e18 
Dealt to 48499814 
2dcc7e18: folds
48499814: raises $12 to $16
9230dc4d: folds
cf2f6654: folds
e807ed38: folds
Hero: folds
Uncalled bet ($12) returned to 48499814
*** SHOWDOWN ***
48499814 collected $10 from pot
*** SUMMARY ***
Total pot $10
Seat 6: cf2f6654 folded before Flop (didn't bet)
Seat 5: 9230dc4d folded before Flop (didn't bet)
Seat 2: Hero(big blind) folded before Flop
Seat 7: e807ed38(small blind) folded before Flop
Seat 3: 2dcc7e18 folded before Flop (didn't bet)
Seat 4: 48499814won ($10)



Poker Hand #ring_823896170: NLH No Limit ($2/$4) - 2025/04/15 03:04:16
Table 'MR NLH 2/4' 7-max Seat #5 is the button
Seat 6: cf2f6654 ($1,115.75 in chips)
Seat 5: 9230dc4d ($812 in chips)
Seat 2: Hero ($446.17 in chips)
Seat 7: e807ed38 ($1,053.18 in chips)
Seat 3: 2dcc7e18 ($114.57 in chips)
Seat 4: 48499814 ($1,354.77 in chips)
cf2f6654: posts small blind $2
e807ed38: posts big blind $4
*** HOLE CARDS ***
Dealt to cf2f6654 
Dealt to 9230dc4d 
Dealt to Hero [Ah 3d]
Dealt to e807ed38 
Dealt to 2dcc7e18 
Dealt to 48499814 
Hero: folds
2dcc7e18: folds
48499814: calls $4
9230dc4d: raises $14 to $18
cf2f6654: folds
e807ed38: calls $14
48499814: calls $14
*** FLOP *** [5h 5d Jd]
e807ed38: checks
48499814: bets $28
9230dc4d: folds
e807ed38: calls $28
*** TURN *** [5h 5d Jd] [4s]
e807ed38: checks
48499814: checks
*** RIVER *** [5h 5d Jd 4s] [4h]
e807ed38: bets $84
48499814: folds
Uncalled bet ($84) returned to e807ed38
*** SHOWDOWN ***
e807ed38 collected $112 from pot
*** SUMMARY ***
Total pot $112
Board [5h 5d Jd 4s 4h]
Seat 6: cf2f6654(small blind) folded before Flop
Seat 5: 9230dc4d folded on the Flop
Seat 2: Hero folded before Flop (didn't bet)
Seat 7: e807ed38(big blind)won ($112) with Pair of Jacks and Pair of Fives
Seat 3: 2dcc7e18 folded before Flop (didn't bet)
Seat 4: 48499814 folded on the River



Poker Hand #ring_823895257: NLH No Limit ($2/$4) - 2025/04/15 03:03:30
Table 'MR NLH 2/4' 7-max Seat #4 is the button
Seat 6: cf2f6654 ($1,144.33 in chips)
Seat 5: 9230dc4d ($814 in chips)
Seat 2: Hero ($446.17 in chips)
Seat 7: e807ed38 ($1,053.18 in chips)
Seat 3: 2dcc7e18 ($114.57 in chips)
Seat 4: 48499814 ($1,327.85 in chips)
9230dc4d: posts small blind $2
cf2f6654: posts big blind $4
*** HOLE CARDS ***
Dealt to cf2f6654 
Dealt to 9230dc4d 
Dealt to Hero [Th 7c]
Dealt to e807ed38 
Dealt to 2dcc7e18 
Dealt to 48499814 
e807ed38: folds
Hero: folds
2dcc7e18: folds
48499814: calls $4
9230dc4d: folds
cf2f6654: raises $8 to $12
48499814: calls $8
*** FLOP *** [As 8d Js]
cf2f6654: bets $8.58
48499814: calls $8.58
*** TURN *** [As 8d Js] [6s]
cf2f6654: bets $8
48499814: calls $8
*** RIVER *** [As 8d Js 6s] [9s]
cf2f6654: checks
48499814: bets $59.16
cf2f6654: folds
Uncalled bet ($59.16) returned to 48499814
48499814: shows [Tc]
*** SHOWDOWN ***
48499814 collected $59.16 from pot
*** SUMMARY ***
Total pot $59.16
Board [As 8d Js 6s 9s]
Seat 6: cf2f6654(big blind) folded on the River
Seat 5: 9230dc4d(small blind) folded before Flop
Seat 2: Hero folded before Flop (didn't bet)
Seat 7: e807ed38 folded before Flop (didn't bet)
Seat 3: 2dcc7e18 folded before Flop (didn't bet)
Seat 4: 48499814 showed [Tc] and won ($59.16) with Ace High Flush



Poker Hand #ring_823894788: NLH No Limit ($2/$4) - 2025/04/15 03:03:08
Table 'MR NLH 2/4' 7-max Seat #3 is the button
Seat 6: cf2f6654 ($1,144.33 in chips)
Seat 5: 9230dc4d ($800 in chips)
Seat 2: Hero ($446.17 in chips)
Seat 7: e807ed38 ($1,065.18 in chips)
Seat 3: 2dcc7e18 ($114.57 in chips)
Seat 4: 48499814 ($1,329.85 in chips)
48499814: posts small blind $2
9230dc4d: posts big blind $4
*** HOLE CARDS ***
Dealt to cf2f6654 
Dealt to 9230dc4d 
Dealt to Hero [8c 6h]
Dealt to e807ed38 
Dealt to 2dcc7e18 
Dealt to 48499814 
cf2f6654: folds
e807ed38: raises $8 to $12
Hero: folds
2dcc7e18: folds
48499814: folds
9230dc4d: raises $26 to $38
e807ed38: folds
Uncalled bet ($26) returned to 9230dc4d
*** SHOWDOWN ***
9230dc4d collected $26 from pot
*** SUMMARY ***
Total pot $26
Seat 6: cf2f6654 folded before Flop (didn't bet)
Seat 5: 9230dc4d(big blind)won ($26)
Seat 2: Hero folded before Flop (didn't bet)
Seat 7: e807ed38 folded before Flop
Seat 3: 2dcc7e18 folded before Flop (didn't bet)
Seat 4: 48499814(small blind) folded before Flop



Poker Hand #ring_823893703: NLH No Limit ($2/$4) - 2025/04/15 03:02:11
Table 'MR NLH 2/4' 7-max Seat #2 is the button
Seat 6: cf2f6654 ($1,144.33 in chips)
Seat 5: 9230dc4d ($800 in chips)
Seat 2: Hero ($446.17 in chips)
Seat 7: e807ed38 ($1,016.08 in chips)
Seat 3: 2dcc7e18 ($116.57 in chips)
Seat 4: 48499814 ($1,382.8 in chips)
2dcc7e18: posts small blind $2
48499814: posts big blind $4
*** HOLE CARDS ***
Dealt to cf2f6654 
Dealt to 9230dc4d 
Dealt to Hero [7s Ad]
Dealt to e807ed38 
Dealt to 2dcc7e18 
Dealt to 48499814 
9230dc4d: folds
cf2f6654: folds
e807ed38: raises $8 to $12
Hero: folds
2dcc7e18: folds
48499814: calls $8
*** FLOP *** [6c Jh 7h]
48499814: checks
e807ed38: bets $8.58
48499814: calls $8.58
*** TURN *** [6c Jh 7h] [4h]
48499814: checks
e807ed38: checks
*** RIVER *** [6c Jh 7h 4h] [Js]
48499814: bets $32.37
e807ed38: raises $55.63 to $88
48499814: folds
Uncalled bet ($55.63) returned to e807ed38
*** SHOWDOWN ***
e807ed38 collected $107.9 from pot
*** SUMMARY ***
Total pot $107.9
Board [6c Jh 7h 4h Js]
Seat 6: cf2f6654 folded before Flop (didn't bet)
Seat 5: 9230dc4d folded before Flop (didn't bet)
Seat 2: Hero folded before Flop (didn't bet)
Seat 7: e807ed38won ($107.9) with Three Jacks
Seat 3: 2dcc7e18(small blind) folded before Flop
Seat 4: 48499814(big blind) folded on the River



Poker Hand #ring_823893276: NLH No Limit ($2/$4) - 2025/04/15 03:01:48
Table 'MR NLH 2/4' 7-max Seat #7 is the button
Seat 6: cf2f6654 ($1,144.33 in chips)
Seat 5: 9230dc4d ($800 in chips)
Seat 2: Hero ($448.17 in chips)
Seat 7: e807ed38 ($1,016.08 in chips)
Seat 3: 2dcc7e18 ($120.57 in chips)
Seat 4: 48499814 ($1,376.8 in chips)
Hero: posts small blind $2
2dcc7e18: posts big blind $4
*** HOLE CARDS ***
Dealt to cf2f6654 
Dealt to 9230dc4d 
Dealt to Hero [8d 6s]
Dealt to e807ed38 
Dealt to 2dcc7e18 
Dealt to 48499814 
48499814: raises $8 to $12
9230dc4d: folds
cf2f6654: folds
e807ed38: folds
Hero: folds
2dcc7e18: folds
Uncalled bet ($8) returned to 48499814
*** SHOWDOWN ***
48499814 collected $10 from pot
*** SUMMARY ***
Total pot $10
Seat 6: cf2f6654 folded before Flop (didn't bet)
Seat 5: 9230dc4d folded before Flop (didn't bet)
Seat 2: Hero(small blind) folded before Flop
Seat 7: e807ed38 folded before Flop (didn't bet)
Seat 3: 2dcc7e18(big blind) folded before Flop
Seat 4: 48499814won ($10)



Poker Hand #ring_823892433: NLH No Limit ($2/$4) - 2025/04/15 03:01:07
Table 'MR NLH 2/4' 7-max Seat #6 is the button
Seat 6: cf2f6654 ($1,144.33 in chips)
Seat 5: 9230dc4d ($800 in chips)
Seat 2: Hero ($452.17 in chips)
Seat 7: e807ed38 ($1,018.08 in chips)
Seat 3: 2dcc7e18 ($115.02 in chips)
Seat 4: 48499814 ($1,376.8 in chips)
e807ed38: posts small blind $2
Hero: posts big blind $4
*** HOLE CARDS ***
Dealt to cf2f6654 
Dealt to 9230dc4d 
Dealt to Hero [8s 4d]
Dealt to e807ed38 
Dealt to 2dcc7e18 
Dealt to 48499814 
2dcc7e18: calls $4
48499814: folds
9230dc4d: folds
cf2f6654: folds
e807ed38: folds
Hero: checks
*** FLOP *** [9c 6h Jh]
Hero: checks
2dcc7e18: checks
*** TURN *** [9c 6h Jh] [Kh]
Hero: checks
2dcc7e18: bets $26
Hero: folds
Uncalled bet ($26) returned to 2dcc7e18
*** SHOWDOWN ***
2dcc7e18 collected $10 from pot
*** SUMMARY ***
Total pot $10
Board [9c 6h Jh Kh]
Seat 6: cf2f6654 folded before Flop (didn't bet)
Seat 5: 9230dc4d folded before Flop (didn't bet)
Seat 2: Hero(big blind) folded on the Turn
Seat 7: e807ed38(small blind) folded before Flop
Seat 3: 2dcc7e18won ($10) with King High Flush
Seat 4: 48499814 folded before Flop (didn't bet)



Poker Hand #ring_823891956: NLH No Limit ($2/$4) - 2025/04/15 03:00:40
Table 'MR NLH 2/4' 7-max Seat #5 is the button
Seat 6: cf2f6654 ($1,146.33 in chips)
Seat 5: 9230dc4d ($800 in chips)
Seat 2: Hero ($452.17 in chips)
Seat 7: e807ed38 ($1,022.08 in chips)
Seat 3: 2dcc7e18 ($115.02 in chips)
Seat 4: 48499814 ($1,370.8 in chips)
cf2f6654: posts small blind $2
e807ed38: posts big blind $4
*** HOLE CARDS ***
Dealt to cf2f6654 
Dealt to 9230dc4d 
Dealt to Hero [5h 8h]
Dealt to e807ed38 
Dealt to 2dcc7e18 
Dealt to 48499814 
Hero: folds
2dcc7e18: folds
48499814: raises $12 to $16
9230dc4d: folds
cf2f6654: folds
e807ed38: folds
Uncalled bet ($12) returned to 48499814
*** SHOWDOWN ***
48499814 collected $10 from pot
*** SUMMARY ***
Total pot $10
Seat 6: cf2f6654(small blind) folded before Flop
Seat 5: 9230dc4d folded before Flop (didn't bet)
Seat 2: Hero folded before Flop (didn't bet)
Seat 7: e807ed38(big blind) folded before Flop
Seat 3: 2dcc7e18 folded before Flop (didn't bet)
Seat 4: 48499814won ($10)



Poker Hand #ring_823891457: NLH No Limit ($2/$4) - 2025/04/15 03:00:15
Table 'MR NLH 2/4' 7-max Seat #4 is the button
Seat 6: cf2f6654 ($1,150.33 in chips)
Seat 5: 9230dc4d ($640.15 in chips)
Seat 2: Hero ($452.17 in chips)
Seat 7: e807ed38 ($1,016.08 in chips)
Seat 3: 2dcc7e18 ($115.02 in chips)
Seat 4: 48499814 ($1,370.8 in chips)
9230dc4d: posts small blind $2
cf2f6654: posts big blind $4
*** HOLE CARDS ***
Dealt to cf2f6654 
Dealt to 9230dc4d 
Dealt to Hero [3d 4s]
Dealt to e807ed38 
Dealt to 2dcc7e18 
Dealt to 48499814 
e807ed38: raises $8 to $12
Hero: folds
2dcc7e18: folds
48499814: folds
9230dc4d: folds
cf2f6654: folds
Uncalled bet ($8) returned to e807ed38
*** SHOWDOWN ***
e807ed38 collected $10 from pot
*** SUMMARY ***
Total pot $10
Seat 6: cf2f6654(big blind) folded before Flop
Seat 5: 9230dc4d(small blind) folded before Flop
Seat 2: Hero folded before Flop (didn't bet)
Seat 7: e807ed38won ($10)
Seat 3: 2dcc7e18 folded before Flop (didn't bet)
Seat 4: 48499814 folded before Flop (didn't bet)



Poker Hand #ring_823890674: NLH No Limit ($2/$4) - 2025/04/15 02:59:34
Table 'MR NLH 2/4' 7-max Seat #3 is the button
Seat 6: cf2f6654 ($1,150.33 in chips)
Seat 5: 9230dc4d ($598.2 in chips)
Seat 2: Hero ($452.17 in chips)
Seat 7: e807ed38 ($1,016.08 in chips)
Seat 3: 2dcc7e18 ($119.02 in chips)
Seat 4: 48499814 ($1,413.8 in chips)
48499814: posts small blind $2
9230dc4d: posts big blind $4
*** HOLE CARDS ***
Dealt to cf2f6654 
Dealt to 9230dc4d 
Dealt to Hero [Jh 7c]
Dealt to e807ed38 
Dealt to 2dcc7e18 
Dealt to 48499814 
cf2f6654: folds
e807ed38: folds
Hero: folds
2dcc7e18: calls $4
48499814: calls $2
9230dc4d: checks
*** FLOP *** [3h 9c 5c]
48499814: checks
9230dc4d: bets $12
2dcc7e18: folds
48499814: calls $12
*** TURN *** [3h 9c 5c] [Jc]
48499814: checks
9230dc4d: bets $27
48499814: calls $27
*** RIVER *** [3h 9c 5c Jc] [Kc]
48499814: checks
9230dc4d: checks
48499814: shows [6s 4c]
9230dc4d: shows [9h Tc]
*** SHOWDOWN ***
9230dc4d collected $90 from pot
*** SUMMARY ***
Total pot $90
Board [3h 9c 5c Jc Kc]
Seat 6: cf2f6654 folded before Flop (didn't bet)
Seat 5: 9230dc4d(big blind) showed [9h Tc] and won ($90) with King High Flush
Seat 2: Hero folded before Flop (didn't bet)
Seat 7: e807ed38 folded before Flop (didn't bet)
Seat 3: 2dcc7e18 folded on the Flop
Seat 4: 48499814(small blind) showed [6s 4c] and lost with King High Flush



Poker Hand #ring_823889723: NLH No Limit ($2/$4) - 2025/04/15 02:58:46
Table 'MR NLH 2/4' 7-max Seat #2 is the button
Seat 6: cf2f6654 ($1,150.33 in chips)
Seat 5: 9230dc4d ($806.2 in chips)
Seat 2: Hero ($452.17 in chips)
Seat 7: e807ed38 ($1,016.08 in chips)
Seat 3: 2dcc7e18 ($135.02 in chips)
Seat 4: 48499814 ($1,210.24 in chips)
2dcc7e18: posts small blind $2
48499814: posts big blind $4
*** HOLE CARDS ***
Dealt to cf2f6654 
Dealt to 9230dc4d 
Dealt to Hero [Ac 5d]
Dealt to e807ed38 
Dealt to 2dcc7e18 
Dealt to 48499814 
9230dc4d: calls $4
cf2f6654: folds
e807ed38: folds
Hero: folds
2dcc7e18: raises $12 to $16
48499814: calls $12
9230dc4d: calls $12
*** FLOP *** [Jh 4h 4s]
2dcc7e18: checks
48499814: bets $48
9230dc4d: calls $48
2dcc7e18: folds
*** TURN *** [Jh 4h 4s] [6s]
48499814: bets $144
9230dc4d: calls $144
*** RIVER *** [Jh 4h 4s 6s] [Kh]
48499814: checks
9230dc4d: checks
48499814: shows [4d As]
9230dc4d: shows [7d 7c]
*** SHOWDOWN ***
48499814 collected $432 from pot
*** SUMMARY ***
Total pot $432
Board [Jh 4h 4s 6s Kh]
Seat 6: cf2f6654 folded before Flop (didn't bet)
Seat 5: 9230dc4d showed [7d 7c] and lost with Pair of Sevens and Pair of Fours
Seat 2: Hero folded before Flop (didn't bet)
Seat 7: e807ed38 folded before Flop (didn't bet)
Seat 3: 2dcc7e18(small blind) folded on the Flop
Seat 4: 48499814(big blind) showed [4d As] and won ($432) with Three Fours



Poker Hand #ring_823889049: NLH No Limit ($2/$4) - 2025/04/15 02:58:10
Table 'MR NLH 2/4' 7-max Seat #7 is the button
Seat 6: cf2f6654 ($1,150.33 in chips)
Seat 5: 9230dc4d ($806.2 in chips)
Seat 2: Hero ($464.17 in chips)
Seat 7: e807ed38 ($1,016.08 in chips)
Seat 3: 2dcc7e18 ($174.02 in chips)
Seat 4: 48499814 ($1,164.29 in chips)
Hero: posts small blind $2
2dcc7e18: posts big blind $4
*** HOLE CARDS ***
Dealt to cf2f6654 
Dealt to 9230dc4d 
Dealt to Hero [9d 8d]
Dealt to e807ed38 
Dealt to 2dcc7e18 
Dealt to 48499814 
48499814: calls $4
9230dc4d: folds
cf2f6654: folds
e807ed38: folds
Hero: raises $8 to $12
2dcc7e18: calls $8
48499814: raises $27 to $39
Hero: folds
2dcc7e18: calls $27
*** FLOP *** [3s 5d Ac]
2dcc7e18: checks
48499814: bets $45
2dcc7e18: folds
Uncalled bet ($45) returned to 48499814
*** SHOWDOWN ***
48499814 collected $90 from pot
*** SUMMARY ***
Total pot $90
Board [3s 5d Ac]
Seat 6: cf2f6654 folded before Flop (didn't bet)
Seat 5: 9230dc4d folded before Flop (didn't bet)
Seat 2: Hero(small blind) folded before Flop
Seat 7: e807ed38 folded before Flop (didn't bet)
Seat 3: 2dcc7e18(big blind) folded on the Flop
Seat 4: 48499814won ($90) with Ace-High



Poker Hand #ring_823887674: NLH No Limit ($2/$4) - 2025/04/15 02:57:00
Table 'MR NLH 2/4' 7-max Seat #6 is the button
Seat 6: cf2f6654 ($1,150.33 in chips)
Seat 5: 9230dc4d ($778 in chips)
Seat 2: Hero ($468.17 in chips)
Seat 7: e807ed38 ($1,043.96 in chips)
Seat 3: 2dcc7e18 ($174.02 in chips)
Seat 4: 48499814 ($1,164.29 in chips)
e807ed38: posts small blind $2
Hero: posts big blind $4
*** HOLE CARDS ***
Dealt to cf2f6654 
Dealt to 9230dc4d 
Dealt to Hero [Th 6s]
Dealt to e807ed38 
Dealt to 2dcc7e18 
Dealt to 48499814 
2dcc7e18: folds
48499814: folds
9230dc4d: raises $12 to $16
cf2f6654: folds
e807ed38: calls $14
Hero: folds
*** FLOP *** [Jd 3s 2c]
e807ed38: bets $11.88
9230dc4d: calls $11.88
*** TURN *** [Jd 3s 2c] [8c]
e807ed38: checks
9230dc4d: checks
*** RIVER *** [Jd 3s 2c 8c] [Qc]
e807ed38: checks
9230dc4d: bets $29.88
e807ed38: folds
Uncalled bet ($29.88) returned to 9230dc4d
*** SHOWDOWN ***
9230dc4d collected $59.76 from pot
*** SUMMARY ***
Total pot $59.76
Board [Jd 3s 2c 8c Qc]
Seat 6: cf2f6654 folded before Flop (didn't bet)
Seat 5: 9230dc4dwon ($59.76) with Pair of Queens
Seat 2: Hero(big blind) folded before Flop
Seat 7: e807ed38(small blind) folded on the River
Seat 3: 2dcc7e18 folded before Flop (didn't bet)
Seat 4: 48499814 folded before Flop (didn't bet)



Poker Hand #ring_823886579: NLH No Limit ($2/$4) - 2025/04/15 02:56:03
Table 'MR NLH 2/4' 7-max Seat #5 is the button
Seat 6: cf2f6654 ($1,152.33 in chips)
Seat 5: 9230dc4d ($782 in chips)
Seat 2: Hero ($468.17 in chips)
Seat 7: e807ed38 ($1,092.96 in chips)
Seat 3: 2dcc7e18 ($178.02 in chips)
Seat 4: 48499814 ($1,111.15 in chips)
cf2f6654: posts small blind $2
e807ed38: posts big blind $4
*** HOLE CARDS ***
Dealt to cf2f6654 
Dealt to 9230dc4d 
Dealt to Hero [4d Td]
Dealt to e807ed38 
Dealt to 2dcc7e18 
Dealt to 48499814 
Hero: folds
2dcc7e18: calls $4
48499814: calls $4
9230dc4d: calls $4
cf2f6654: folds
e807ed38: checks
*** FLOP *** [7d 4c 9s]
e807ed38: bets $9
2dcc7e18: folds
48499814: raises $36 to $45
9230dc4d: folds
e807ed38: calls $36
*** TURN *** [7d 4c 9s] [Qh]
e807ed38: checks
48499814: checks
*** RIVER *** [7d 4c 9s Qh] [4h]
e807ed38: checks
48499814: bets $81
e807ed38: folds
Uncalled bet ($81) returned to 48499814
*** SHOWDOWN ***
48499814 collected $108 from pot
*** SUMMARY ***
Total pot $108
Board [7d 4c 9s Qh 4h]
Seat 6: cf2f6654(small blind) folded before Flop
Seat 5: 9230dc4d folded on the Flop
Seat 2: Hero folded before Flop (didn't bet)
Seat 7: e807ed38(big blind) folded on the River
Seat 3: 2dcc7e18 folded on the Flop
Seat 4: 48499814won ($108) with Pair of Nines and Pair of Fours



Poker Hand #ring_823885822: NLH No Limit ($2/$4) - 2025/04/15 02:55:25
Table 'MR NLH 2/4' 7-max Seat #4 is the button
Seat 6: cf2f6654 ($1,135.86 in chips)
Seat 5: 9230dc4d ($784 in chips)
Seat 2: Hero ($468.17 in chips)
Seat 7: e807ed38 ($1,092.96 in chips)
Seat 3: 2dcc7e18 ($194.02 in chips)
Seat 4: 48499814 ($1,111.15 in chips)
9230dc4d: posts small blind $2
cf2f6654: posts big blind $4
*** HOLE CARDS ***
Dealt to cf2f6654 
Dealt to 9230dc4d 
Dealt to Hero [2s Tc]
Dealt to e807ed38 
Dealt to 2dcc7e18 
Dealt to 48499814 
e807ed38: folds
Hero: folds
2dcc7e18: calls $4
48499814: folds
9230dc4d: folds
cf2f6654: raises $12 to $16
2dcc7e18: calls $12
*** FLOP *** [2c 8s Kd]
cf2f6654: checks
2dcc7e18: checks
*** TURN *** [2c 8s Kd] [Js]
cf2f6654: bets $11.22
2dcc7e18: folds
Uncalled bet ($11.22) returned to cf2f6654
*** SHOWDOWN ***
cf2f6654 collected $34 from pot
*** SUMMARY ***
Total pot $34
Board [2c 8s Kd Js]
Seat 6: cf2f6654(big blind)won ($34) with Ace-High
Seat 5: 9230dc4d(small blind) folded before Flop
Seat 2: Hero folded before Flop (didn't bet)
Seat 7: e807ed38 folded before Flop (didn't bet)
Seat 3: 2dcc7e18 folded on the Turn
Seat 4: 48499814 folded before Flop (didn't bet)



Poker Hand #ring_823884488: NLH No Limit ($2/$4) - 2025/04/15 02:54:20
Table 'MR NLH 2/4' 7-max Seat #3 is the button
Seat 6: cf2f6654 ($1,135.86 in chips)
Seat 5: 9230dc4d ($788 in chips)
Seat 2: Hero ($554.17 in chips)
Seat 7: e807ed38 ($1,092.96 in chips)
Seat 3: 2dcc7e18 ($194.02 in chips)
Seat 4: 48499814 ($1,030.07 in chips)
48499814: posts small blind $2
9230dc4d: posts big blind $4
*** HOLE CARDS ***
Dealt to cf2f6654 
Dealt to 9230dc4d 
Dealt to Hero [9d Jd]
Dealt to e807ed38 
Dealt to 2dcc7e18 
Dealt to 48499814 
cf2f6654: folds
e807ed38: folds
Hero: raises $6 to $10
2dcc7e18: folds
48499814: calls $8
9230dc4d: folds
*** FLOP *** [6c Ad Ac]
48499814: checks
Hero: bets $8
48499814: calls $8
*** TURN *** [6c Ad Ac] [5d]
48499814: bets $20
Hero: calls $20
*** RIVER *** [6c Ad Ac 5d] [4c]
48499814: checks
Hero: bets $48
48499814: calls $48
Hero: shows [9d Jd]
48499814: shows [8d As]
*** SHOWDOWN ***
48499814 collected $176 from pot
*** SUMMARY ***
Total pot $176
Board [6c Ad Ac 5d 4c]
Seat 6: cf2f6654 folded before Flop (didn't bet)
Seat 5: 9230dc4d(big blind) folded before Flop
Seat 2: Hero showed [9d Jd] and lost with Pair of Aces
Seat 7: e807ed38 folded before Flop (didn't bet)
Seat 3: 2dcc7e18 folded before Flop (didn't bet)
Seat 4: 48499814(small blind) showed [8d As] and won ($176) with Three Aces



Poker Hand #ring_823883244: NLH No Limit ($2/$4) - 2025/04/15 02:53:17
Table 'MR NLH 2/4' 7-max Seat #2 is the button
Seat 6: cf2f6654 ($1,135.86 in chips)
Seat 5: 9230dc4d ($800 in chips)
Seat 2: Hero ($510.77 in chips)
Seat 7: e807ed38 ($1,092.96 in chips)
Seat 3: 2dcc7e18 ($226.02 in chips)
Seat 4: 48499814 ($1,034.07 in chips)
2dcc7e18: posts small blind $2
48499814: posts big blind $4
9230dc4d: posts big blind $4
*** HOLE CARDS ***
Dealt to cf2f6654 
Dealt to 9230dc4d 
Dealt to Hero [3h 3c]
Dealt to e807ed38 
Dealt to 2dcc7e18 
Dealt to 48499814 
9230dc4d: checks
cf2f6654: folds
e807ed38: folds
Hero: raises $8 to $12
2dcc7e18: calls $10
48499814: folds
9230dc4d: calls $8
*** FLOP *** [4h 3s 6c]
2dcc7e18: checks
9230dc4d: checks
Hero: bets $20
2dcc7e18: calls $20
9230dc4d: folds
*** TURN *** [4h 3s 6c] [6h]
2dcc7e18: checks
Hero: bets $48
2dcc7e18: folds
Uncalled bet ($48) returned to Hero
*** SHOWDOWN ***
Hero collected $80 from pot
*** SUMMARY ***
Total pot $80
Board [4h 3s 6c 6h]
Seat 6: cf2f6654 folded before Flop (didn't bet)
Seat 5: 9230dc4d folded on the Flop
Seat 2: Herowon ($80) with Treys Full over Sixes
Seat 7: e807ed38 folded before Flop (didn't bet)
Seat 3: 2dcc7e18(small blind) folded on the Turn
Seat 4: 48499814(big blind) folded before Flop



Poker Hand #ring_823881144: NLH No Limit ($2/$4) - 2025/04/15 02:51:34
Table 'MR NLH 2/4' 7-max Seat #7 is the button
Seat 6: cf2f6654 ($1,135.86 in chips)
Seat 2: Hero ($600.77 in chips)
Seat 7: e807ed38 ($1,000.6 in chips)
Seat 3: 2dcc7e18 ($238.02 in chips)
Hero: posts small blind $2
2dcc7e18: posts big blind $4
*** HOLE CARDS ***
Dealt to cf2f6654 
Dealt to Hero [Th Qh]
Dealt to e807ed38 
Dealt to 2dcc7e18 
cf2f6654: folds
e807ed38: raises $8 to $12
Hero: calls $10
2dcc7e18: calls $8
*** FLOP *** [8c Ts 7s]
Hero: checks
2dcc7e18: checks
e807ed38: bets $18
Hero: calls $18
2dcc7e18: folds
*** TURN *** [8c Ts 7s] [8s]
Hero: checks
e807ed38: checks
*** RIVER *** [8c Ts 7s 8s] [3h]
Hero: checks
e807ed38: bets $60
Hero: calls $60
Hero: shows [Th Qh]
e807ed38: shows [Kc Kh]
*** SHOWDOWN ***
e807ed38 collected $192 from pot
*** SUMMARY ***
Total pot $192
Board [8c Ts 7s 8s 3h]
Seat 6: cf2f6654 folded before Flop (didn't bet)
Seat 2: Hero(small blind) showed [Th Qh] and lost with Pair of Tens and Pair of Eights
Seat 7: e807ed38 showed [Kc Kh] and won ($192) with Pair of Kings and Pair of Eights
Seat 3: 2dcc7e18(big blind) folded on the Flop



Poker Hand #ring_823880606: NLH No Limit ($2/$4) - 2025/04/15 02:51:08
Table 'MR NLH 2/4' 7-max Seat #6 is the button
Seat 6: cf2f6654 ($1,129.86 in chips)
Seat 2: Hero ($604.77 in chips)
Seat 7: e807ed38 ($1,002.6 in chips)
Seat 3: 2dcc7e18 ($238.02 in chips)
e807ed38: posts small blind $2
Hero: posts big blind $4
*** HOLE CARDS ***
Dealt to cf2f6654 
Dealt to Hero [Ks 3d]
Dealt to e807ed38 
Dealt to 2dcc7e18 
2dcc7e18: folds
cf2f6654: raises $8 to $12
e807ed38: folds
Hero: folds
Uncalled bet ($8) returned to cf2f6654
*** SHOWDOWN ***
cf2f6654 collected $10 from pot
*** SUMMARY ***
Total pot $10
Seat 6: cf2f6654won ($10)
Seat 2: Hero(big blind) folded before Flop
Seat 7: e807ed38(small blind) folded before Flop
Seat 3: 2dcc7e18 folded before Flop (didn't bet)



Poker Hand #ring_823879506: NLH No Limit ($2/$4) - 2025/04/15 02:50:15
Table 'MR NLH 2/4' 7-max Seat #3 is the button
Seat 6: cf2f6654 ($1,137.86 in chips)
Seat 1: 67e9b765 ($796 in chips)
Seat 2: Hero ($604.77 in chips)
Seat 7: e807ed38 ($966.84 in chips)
Seat 3: 2dcc7e18 ($270.02 in chips)
cf2f6654: posts small blind $2
e807ed38: posts big blind $4
*** HOLE CARDS ***
Dealt to cf2f6654 
Dealt to 67e9b765 
Dealt to Hero [7d Kh]
Dealt to e807ed38 
Dealt to 2dcc7e18 
67e9b765: folds
Hero: folds
2dcc7e18: calls $4
cf2f6654: raises $4 to $8
e807ed38: raises $24 to $32
2dcc7e18: calls $28
cf2f6654: folds
*** FLOP *** [6s 6d Jc]
e807ed38: checks
2dcc7e18: checks
*** TURN *** [6s 6d Jc] [3h]
e807ed38: bets $23.76
2dcc7e18: folds
Uncalled bet ($23.76) returned to e807ed38
*** SHOWDOWN ***
e807ed38 collected $72 from pot
*** SUMMARY ***
Total pot $72
Board [6s 6d Jc 3h]
Seat 6: cf2f6654(small blind) folded before Flop
Seat 1: 67e9b765 folded before Flop (didn't bet)
Seat 2: Hero folded before Flop (didn't bet)
Seat 7: e807ed38(big blind)won ($72) with Pair of Jacks and Pair of Sixes
Seat 3: 2dcc7e18 folded on the Turn



Poker Hand #ring_823878473: NLH No Limit ($2/$4) - 2025/04/15 02:49:26
Table 'MR NLH 2/4' 7-max Seat #2 is the button
Seat 6: cf2f6654 ($1,141.86 in chips)
Seat 1: 67e9b765 ($800 in chips)
Seat 2: Hero ($604.77 in chips)
Seat 7: e807ed38 ($939.67 in chips)
Seat 3: 2dcc7e18 ($292.58 in chips)
2dcc7e18: posts small blind $2
cf2f6654: posts big blind $4
67e9b765: posts big blind $4
*** HOLE CARDS ***
Dealt to cf2f6654 
Dealt to 67e9b765 
Dealt to Hero [4d 3s]
Dealt to e807ed38 
Dealt to 2dcc7e18 
e807ed38: raises $8 to $12
67e9b765: folds
Hero: folds
2dcc7e18: calls $10
cf2f6654: folds
*** FLOP *** [7d Kc 5h]
2dcc7e18: checks
e807ed38: bets $10.56
2dcc7e18: calls $10.56
*** TURN *** [7d Kc 5h] [3h]
2dcc7e18: checks
e807ed38: bets $39.84
2dcc7e18: folds
Uncalled bet ($39.84) returned to e807ed38
*** SHOWDOWN ***
e807ed38 collected $53.12 from pot
*** SUMMARY ***
Total pot $53.12
Board [7d Kc 5h 3h]
Seat 6: cf2f6654(big blind) folded before Flop
Seat 1: 67e9b765 folded before Flop
Seat 2: Hero folded before Flop (didn't bet)
Seat 7: e807ed38won ($53.12) with Pair of Kings
Seat 3: 2dcc7e18(small blind) folded on the Turn



Poker Hand #ring_823878012: NLH No Limit ($2/$4) - 2025/04/15 02:49:05
Table 'MR NLH 2/4' 7-max Seat #7 is the button
Seat 6: cf2f6654 ($1,141.86 in chips)
Seat 2: Hero ($600.77 in chips)
Seat 7: e807ed38 ($939.67 in chips)
Seat 3: 2dcc7e18 ($296.58 in chips)
Hero: posts small blind $2
2dcc7e18: posts big blind $4
*** HOLE CARDS ***
Dealt to cf2f6654 
Dealt to Hero [3c 2c]
Dealt to e807ed38 
Dealt to 2dcc7e18 
cf2f6654: folds
e807ed38: folds
Hero: raises $6 to $10
2dcc7e18: folds
Uncalled bet ($6) returned to Hero
*** SHOWDOWN ***
Hero collected $8 from pot
*** SUMMARY ***
Total pot $8
Seat 6: cf2f6654 folded before Flop (didn't bet)
Seat 2: Hero(small blind)won ($8)
Seat 7: e807ed38 folded before Flop (didn't bet)
Seat 3: 2dcc7e18(big blind) folded before Flop



Poker Hand #ring_823876846: NLH No Limit ($2/$4) - 2025/04/15 02:48:08
Table 'MR NLH 2/4' 7-max Seat #6 is the button
Seat 6: cf2f6654 ($1,141.86 in chips)
Seat 5: b36bee6d ($1,077.64 in chips)
Seat 2: Hero ($644.69 in chips)
Seat 7: e807ed38 ($900.7 in chips)
e807ed38: posts small blind $2
Hero: posts big blind $4
*** HOLE CARDS ***
Dealt to cf2f6654 
Dealt to b36bee6d 
Dealt to Hero [4h 4c]
Dealt to e807ed38 
b36bee6d: folds
cf2f6654: folds
e807ed38: raises $8 to $12
Hero: calls $8
*** FLOP *** [Kc 7h 7d]
e807ed38: bets $7.92
Hero: calls $7.92
*** TURN *** [Kc 7h 7d] [6c]
e807ed38: checks
Hero: bets $24
e807ed38: calls $24
*** RIVER *** [Kc 7h 7d 6c] [5h]
e807ed38: checks
Hero: checks
Hero: shows [4h 4c]
e807ed38: shows [8d 8c]
*** SHOWDOWN ***
e807ed38 collected $87.84 from pot
*** SUMMARY ***
Total pot $87.84
Board [Kc 7h 7d 6c 5h]
Seat 6: cf2f6654 folded before Flop (didn't bet)
Seat 5: b36bee6d folded before Flop (didn't bet)
Seat 2: Hero(big blind) showed [4h 4c] and lost with Pair of Sevens and Pair of Fours
Seat 7: e807ed38(small blind) showed [8d 8c] and won ($87.84) with Pair of Eights and Pair of Sevens



Poker Hand #ring_823876494: NLH No Limit ($2/$4) - 2025/04/15 02:47:52
Table 'MR NLH 2/4' 7-max Seat #5 is the button
Seat 6: cf2f6654 ($1,137.86 in chips)
Seat 5: b36bee6d ($1,077.64 in chips)
Seat 2: Hero ($644.69 in chips)
Seat 7: e807ed38 ($904.7 in chips)
cf2f6654: posts small blind $2
e807ed38: posts big blind $4
*** HOLE CARDS ***
Dealt to cf2f6654 
Dealt to b36bee6d 
Dealt to Hero [Ah 3s]
Dealt to e807ed38 
Hero: folds
b36bee6d: folds
cf2f6654: raises $8 to $12
e807ed38: folds
Uncalled bet ($8) returned to cf2f6654
*** SHOWDOWN ***
cf2f6654 collected $8 from pot
*** SUMMARY ***
Total pot $8
Seat 6: cf2f6654(small blind)won ($8)
Seat 5: b36bee6d folded before Flop (didn't bet)
Seat 2: Hero folded before Flop (didn't bet)
Seat 7: e807ed38(big blind) folded before Flop



Poker Hand #ring_823875618: NLH No Limit ($2/$4) - 2025/04/15 02:47:09
Table 'MR NLH 2/4' 7-max Seat #2 is the button
Seat 6: cf2f6654 ($1,141.86 in chips)
Seat 5: b36bee6d ($1,087.64 in chips)
Seat 2: Hero ($631.77 in chips)
Seat 7: e807ed38 ($904.7 in chips)
b36bee6d: posts small blind $2
cf2f6654: posts big blind $4
*** HOLE CARDS ***
Dealt to cf2f6654 
Dealt to b36bee6d 
Dealt to Hero [9c As]
Dealt to e807ed38 
e807ed38: folds
Hero: raises $6 to $10
b36bee6d: calls $8
cf2f6654: folds
*** FLOP *** [4h 5d 7h]
b36bee6d: checks
Hero: checks
*** TURN *** [4h 5d 7h] [5s]
b36bee6d: checks
Hero: checks
*** RIVER *** [4h 5d 7h 5s] [9h]
b36bee6d: checks
Hero: bets $8
b36bee6d: folds
Uncalled bet ($8) returned to Hero
*** SHOWDOWN ***
Hero collected $24 from pot
*** SUMMARY ***
Total pot $24
Board [4h 5d 7h 5s 9h]
Seat 6: cf2f6654(big blind) folded before Flop
Seat 5: b36bee6d(small blind) folded on the River
Seat 2: Herowon ($24) with Pair of Nines and Pair of Fives
Seat 7: e807ed38 folded before Flop (didn't bet)



Poker Hand #ring_823874926: NLH No Limit ($2/$4) - 2025/04/15 02:46:36
Table 'MR NLH 2/4' 7-max Seat #7 is the button
Seat 6: cf2f6654 ($1,153.86 in chips)
Seat 5: b36bee6d ($1,091.64 in chips)
Seat 2: Hero ($633.77 in chips)
Seat 7: e807ed38 ($888.05 in chips)
Hero: posts small blind $2
b36bee6d: posts big blind $4
*** HOLE CARDS ***
Dealt to cf2f6654 
Dealt to b36bee6d 
Dealt to Hero [2h Ad]
Dealt to e807ed38 
cf2f6654: calls $4
e807ed38: raises $8 to $12
Hero: folds
b36bee6d: folds
cf2f6654: calls $8
*** FLOP *** [5s 9c 4d]
cf2f6654: checks
e807ed38: checks
*** TURN *** [5s 9c 4d] [Ah]
cf2f6654: checks
e807ed38: bets $15
cf2f6654: folds
Uncalled bet ($15) returned to e807ed38
*** SHOWDOWN ***
e807ed38 collected $30 from pot
*** SUMMARY ***
Total pot $30
Board [5s 9c 4d Ah]
Seat 6: cf2f6654 folded on the Turn
Seat 5: b36bee6d(big blind) folded before Flop
Seat 2: Hero(small blind) folded before Flop
Seat 7: e807ed38won ($30) with Ace-High



Poker Hand #ring_823874083: NLH No Limit ($2/$4) - 2025/04/15 02:45:55
Table 'MR NLH 2/4' 7-max Seat #6 is the button
Seat 6: cf2f6654 ($1,153.86 in chips)
Seat 5: b36bee6d ($1,091.64 in chips)
Seat 2: Hero ($631.77 in chips)
Seat 7: e807ed38 ($890.05 in chips)
Seat 3: 2dcc7e18 ($296.58 in chips)
e807ed38: posts small blind $2
Hero: posts big blind $4
*** HOLE CARDS ***
Dealt to cf2f6654 
Dealt to b36bee6d 
Dealt to Hero [Qc 3d]
Dealt to e807ed38 
Dealt to 2dcc7e18 
2dcc7e18: folds
b36bee6d: folds
cf2f6654: folds
e807ed38: folds
*** SHOWDOWN ***
Hero collected $6 from pot
*** SUMMARY ***
Total pot $6
Seat 6: cf2f6654 folded before Flop (didn't bet)
Seat 5: b36bee6d folded before Flop (didn't bet)
Seat 2: Hero(big blind)won ($6)
Seat 7: e807ed38(small blind) folded before Flop
Seat 3: 2dcc7e18 folded before Flop (didn't bet)



Poker Hand #ring_823873310: NLH No Limit ($2/$4) - 2025/04/15 02:45:19
Table 'MR NLH 2/4' 7-max Seat #5 is the button
Seat 6: cf2f6654 ($1,155.86 in chips)
Seat 5: b36bee6d ($1,091.64 in chips)
Seat 2: Hero ($631.77 in chips)
Seat 7: e807ed38 ($902.05 in chips)
Seat 3: 2dcc7e18 ($283.75 in chips)
cf2f6654: posts small blind $2
e807ed38: posts big blind $4
*** HOLE CARDS ***
Dealt to cf2f6654 
Dealt to b36bee6d 
Dealt to Hero [9d 2d]
Dealt to e807ed38 
Dealt to 2dcc7e18 
Hero: folds
2dcc7e18: raises $8 to $12
b36bee6d: folds
cf2f6654: folds
e807ed38: calls $8
*** FLOP *** [2c Th 4c]
e807ed38: checks
2dcc7e18: bets $13
e807ed38: folds
Uncalled bet ($13) returned to 2dcc7e18
*** SHOWDOWN ***
2dcc7e18 collected $26 from pot
*** SUMMARY ***
Total pot $26
Board [2c Th 4c]
Seat 6: cf2f6654(small blind) folded before Flop
Seat 5: b36bee6d folded before Flop (didn't bet)
Seat 2: Hero folded before Flop (didn't bet)
Seat 7: e807ed38(big blind) folded on the Flop
Seat 3: 2dcc7e18won ($26) with Pair of Aces



Poker Hand #ring_823872560: NLH No Limit ($2/$4) - 2025/04/15 02:44:41
Table 'MR NLH 2/4' 7-max Seat #3 is the button
Seat 6: cf2f6654 ($1,135.38 in chips)
Seat 5: b36bee6d ($1,093.64 in chips)
Seat 2: Hero ($631.77 in chips)
Seat 7: e807ed38 ($902.05 in chips)
Seat 3: 2dcc7e18 ($305.25 in chips)
b36bee6d: posts small blind $2
cf2f6654: posts big blind $4
*** HOLE CARDS ***
Dealt to cf2f6654 
Dealt to b36bee6d 
Dealt to Hero [Ad 5h]
Dealt to e807ed38 
Dealt to 2dcc7e18 
e807ed38: folds
Hero: folds
2dcc7e18: raises $4 to $8
b36bee6d: folds
cf2f6654: calls $4
*** FLOP *** [Jd 2s Jh]
cf2f6654: checks
2dcc7e18: checks
*** TURN *** [Jd 2s Jh] [Qs]
cf2f6654: bets $13.5
2dcc7e18: calls $13.5
*** RIVER *** [Jd 2s Jh Qs] [7s]
cf2f6654: bets $14.85
2dcc7e18: folds
Uncalled bet ($14.85) returned to cf2f6654
*** SHOWDOWN ***
cf2f6654 collected $45 from pot
*** SUMMARY ***
Total pot $45
Board [Jd 2s Jh Qs 7s]
Seat 6: cf2f6654(big blind)won ($45) with Pair of Queens and Pair of Jacks
Seat 5: b36bee6d(small blind) folded before Flop
Seat 2: Hero folded before Flop (didn't bet)
Seat 7: e807ed38 folded before Flop (didn't bet)
Seat 3: 2dcc7e18 folded on the River



Poker Hand #ring_823872234: NLH No Limit ($2/$4) - 2025/04/15 02:44:27
Table 'MR NLH 2/4' 7-max Seat #2 is the button
Seat 6: cf2f6654 ($1,135.38 in chips)
Seat 5: b36bee6d ($1,091.64 in chips)
Seat 2: Hero ($631.77 in chips)
Seat 7: e807ed38 ($902.05 in chips)
Seat 3: 2dcc7e18 ($307.25 in chips)
2dcc7e18: posts small blind $2
b36bee6d: posts big blind $4
*** HOLE CARDS ***
Dealt to cf2f6654 
Dealt to b36bee6d 
Dealt to Hero [9c 6s]
Dealt to e807ed38 
Dealt to 2dcc7e18 
cf2f6654: folds
e807ed38: folds
Hero: folds
2dcc7e18: folds
b36bee6d: shows [7d 4h]
*** SHOWDOWN ***
b36bee6d collected $6 from pot
*** SUMMARY ***
Total pot $6
Seat 6: cf2f6654 folded before Flop (didn't bet)
Seat 5: b36bee6d(big blind) showed [7d 4h] and won ($6)
Seat 2: Hero folded before Flop (didn't bet)
Seat 7: e807ed38 folded before Flop (didn't bet)
Seat 3: 2dcc7e18(small blind) folded before Flop



Poker Hand #ring_823871001: NLH No Limit ($2/$4) - 2025/04/15 02:43:26
Table 'MR NLH 2/4' 7-max Seat #0 is the button
Seat 6: cf2f6654 ($1,229.88 in chips)
Seat 4: ba46831 ($855.01 in chips)
Seat 5: b36bee6d ($1,091.64 in chips)
Seat 2: Hero ($633.77 in chips)
Seat 7: e807ed38 ($811.32 in chips)
Seat 3: 2dcc7e18 ($311.25 in chips)
Hero: posts small blind $2
2dcc7e18: posts big blind $4
*** HOLE CARDS ***
Dealt to cf2f6654 
Dealt to ba46831 
Dealt to b36bee6d 
Dealt to Hero [7c 3d]
Dealt to e807ed38 
Dealt to 2dcc7e18 
ba46831: folds
b36bee6d: folds
cf2f6654: raises $8 to $12
e807ed38: raises $24 to $36
Hero: folds
2dcc7e18: folds
cf2f6654: calls $24
*** FLOP *** [6d 3s 7s]
cf2f6654: checks
e807ed38: checks
*** TURN *** [6d 3s 7s] [8d]
cf2f6654: checks
e807ed38: bets $58.5
cf2f6654: calls $58.5
*** RIVER *** [6d 3s 7s 8d] [Ac]
cf2f6654: checks
e807ed38: checks
cf2f6654: shows [Kh Kc]
e807ed38: shows [Ad 5d]
*** SHOWDOWN ***
e807ed38 collected $195 from pot
*** SUMMARY ***
Total pot $195
Board [6d 3s 7s 8d Ac]
Seat 6: cf2f6654 showed [Kh Kc] and lost with Pair of Kings
Seat 4: ba46831 folded before Flop (didn't bet)
Seat 5: b36bee6d folded before Flop (didn't bet)
Seat 2: Hero(small blind) folded before Flop
Seat 7: e807ed38 showed [Ad 5d] and won ($195) with Pair of Aces
Seat 3: 2dcc7e18(big blind) folded before Flop



Poker Hand #ring_823869924: NLH No Limit ($2/$4) - 2025/04/15 02:42:35
Table 'MR NLH 2/4' 7-max Seat #7 is the button
Seat 6: cf2f6654 ($1,229.88 in chips)
Seat 4: ba46831 ($871.01 in chips)
Seat 5: b36bee6d ($1,062.8 in chips)
Seat 2: Hero ($649.77 in chips)
Seat 7: e807ed38 ($811.32 in chips)
Seat 3: 2dcc7e18 ($311.25 in chips)
Hero: posts big blind $4
*** HOLE CARDS ***
Dealt to cf2f6654 
Dealt to ba46831 
Dealt to b36bee6d 
Dealt to Hero [4s 4h]
Dealt to e807ed38 
Dealt to 2dcc7e18 
2dcc7e18: folds
ba46831: calls $4
b36bee6d: raises $12 to $16
cf2f6654: folds
e807ed38: folds
Hero: calls $12
ba46831: calls $12
*** FLOP *** [8h Js 5s]
Hero: checks
ba46831: checks
b36bee6d: checks
*** TURN *** [8h Js 5s] [9c]
Hero: checks
ba46831: checks
b36bee6d: checks
*** RIVER *** [8h Js 5s 9c] [3s]
Hero: checks
ba46831: checks
b36bee6d: checks
Hero: shows [4s 4h]
ba46831: shows [Ah 2h]
b36bee6d: shows [6s 6d]
*** SHOWDOWN ***
b36bee6d collected $48 from pot
*** SUMMARY ***
Total pot $48
Board [8h Js 5s 9c 3s]
Seat 6: cf2f6654 folded before Flop (didn't bet)
Seat 4: ba46831 showed [Ah 2h] and lost with Ace-High
Seat 5: b36bee6d showed [6s 6d] and won ($48) with Pair of Sixes
Seat 2: Hero(big blind) showed [4s 4h] and lost with Pair of Fours
Seat 7: e807ed38 folded before Flop (didn't bet)
Seat 3: 2dcc7e18 folded before Flop (didn't bet)



Poker Hand #ring_823869149: NLH No Limit ($2/$4) - 2025/04/15 02:41:58
Table 'MR NLH 2/4' 7-max Seat #6 is the button
Seat 6: cf2f6654 ($1,229.88 in chips)
Seat 4: ba46831 ($871.01 in chips)
Seat 5: b36bee6d ($1,062.8 in chips)
Seat 2: Hero ($649.77 in chips)
Seat 7: e807ed38 ($813.32 in chips)
Seat 1: 73da7232 ($1,038.07 in chips)
Seat 3: 2dcc7e18 ($305.7 in chips)
e807ed38: posts small blind $2
73da7232: posts big blind $4
*** HOLE CARDS ***
Dealt to cf2f6654 
Dealt to ba46831 
Dealt to b36bee6d 
Dealt to Hero [6s 8d]
Dealt to e807ed38 
Dealt to 73da7232 
Dealt to 2dcc7e18 
Hero: folds
2dcc7e18: calls $4
ba46831: folds
b36bee6d: folds
cf2f6654: folds
e807ed38: folds
73da7232: checks
*** FLOP *** [7s Js 8c]
73da7232: checks
2dcc7e18: checks
*** TURN *** [7s Js 8c] [5h]
73da7232: checks
2dcc7e18: bets $7.5
73da7232: folds
Uncalled bet ($7.5) returned to 2dcc7e18
*** SHOWDOWN ***
2dcc7e18 collected $10 from pot
*** SUMMARY ***
Total pot $10
Board [7s Js 8c 5h]
Seat 6: cf2f6654 folded before Flop (didn't bet)
Seat 4: ba46831 folded before Flop (didn't bet)
Seat 5: b36bee6d folded before Flop (didn't bet)
Seat 2: Hero folded before Flop (didn't bet)
Seat 7: e807ed38(small blind) folded before Flop
Seat 1: 73da7232(big blind) folded on the Turn
Seat 3: 2dcc7e18won ($10) with Pair of Fives



Poker Hand #ring_823866793: NLH No Limit ($2/$4) - 2025/04/15 02:40:03
Table 'MR NLH 2/4' 7-max Seat #5 is the button
Seat 6: cf2f6654 ($1,231.88 in chips)
Seat 4: ba46831 ($871.01 in chips)
Seat 5: b36bee6d ($1,062.8 in chips)
Seat 2: Hero ($630.75 in chips)
Seat 7: e807ed38 ($832.12 in chips)
Seat 1: 73da7232 ($1,038.07 in chips)
Seat 3: 2dcc7e18 ($305.7 in chips)
cf2f6654: posts small blind $2
e807ed38: posts big blind $4
*** HOLE CARDS ***
Dealt to cf2f6654 
Dealt to ba46831 
Dealt to b36bee6d 
Dealt to Hero [Jc Qc]
Dealt to e807ed38 
Dealt to 73da7232 
Dealt to 2dcc7e18 
73da7232: folds
Hero: raises $6 to $10
2dcc7e18: folds
ba46831: folds
b36bee6d: folds
cf2f6654: folds
e807ed38: calls $6
*** FLOP *** [3d Tc 7d]
e807ed38: checks
Hero: checks
*** TURN *** [3d Tc 7d] [2s]
e807ed38: checks
Hero: bets $8.8
e807ed38: calls $8.8
*** RIVER *** [3d Tc 7d 2s] [As]
e807ed38: checks
Hero: bets $31.68
e807ed38: folds
Uncalled bet ($31.68) returned to Hero
*** SHOWDOWN ***
Hero collected $39.6 from pot
*** SUMMARY ***
Total pot $39.6
Board [3d Tc 7d 2s As]
Seat 6: cf2f6654(small blind) folded before Flop
Seat 4: ba46831 folded before Flop (didn't bet)
Seat 5: b36bee6d folded before Flop (didn't bet)
Seat 2: Herowon ($39.6) with Ace-High
Seat 7: e807ed38(big blind) folded on the River
Seat 1: 73da7232 folded before Flop (didn't bet)
Seat 3: 2dcc7e18 folded before Flop (didn't bet)



Poker Hand #ring_823865358: NLH No Limit ($2/$4) - 2025/04/15 02:38:54
Table 'MR NLH 2/4' 7-max Seat #4 is the button
Seat 6: cf2f6654 ($1,241.88 in chips)
Seat 4: ba46831 ($871.01 in chips)
Seat 5: b36bee6d ($1,064.8 in chips)
Seat 2: Hero ($630.75 in chips)
Seat 7: e807ed38 ($798 in chips)
Seat 1: 73da7232 ($1,064.07 in chips)
Seat 3: 2dcc7e18 ($305.7 in chips)
b36bee6d: posts small blind $2
cf2f6654: posts big blind $4
*** HOLE CARDS ***
Dealt to cf2f6654 
Dealt to ba46831 
Dealt to b36bee6d 
Dealt to Hero [4c Jc]
Dealt to e807ed38 
Dealt to 73da7232 
Dealt to 2dcc7e18 
e807ed38: raises $6 to $10
73da7232: calls $10
Hero: folds
2dcc7e18: folds
ba46831: folds
b36bee6d: folds
cf2f6654: calls $6
*** FLOP *** [4h Ts 8d]
cf2f6654: checks
e807ed38: bets $16
73da7232: calls $16
cf2f6654: folds
*** TURN *** [4h Ts 8d] [Qd]
e807ed38: bets $88
73da7232: folds
Uncalled bet ($88) returned to e807ed38
*** SHOWDOWN ***
e807ed38 collected $64 from pot
*** SUMMARY ***
Total pot $64
Board [4h Ts 8d Qd]
Seat 6: cf2f6654(big blind) folded on the Flop
Seat 4: ba46831 folded before Flop (didn't bet)
Seat 5: b36bee6d(small blind) folded before Flop
Seat 2: Hero folded before Flop (didn't bet)
Seat 7: e807ed38won ($64) with Pair of Queens and Pair of Tens
Seat 1: 73da7232 folded on the Turn
Seat 3: 2dcc7e18 folded before Flop (didn't bet)



Poker Hand #ring_823864262: NLH No Limit ($2/$4) - 2025/04/15 02:38:01
Table 'MR NLH 2/4' 7-max Seat #3 is the button
Seat 6: cf2f6654 ($1,241.88 in chips)
Seat 4: ba46831 ($873.01 in chips)
Seat 5: b36bee6d ($1,076.8 in chips)
Seat 2: Hero ($617.92 in chips)
Seat 7: e807ed38 ($798 in chips)
Seat 1: 73da7232 ($1,064.07 in chips)
Seat 3: 2dcc7e18 ($305.7 in chips)
ba46831: posts small blind $2
b36bee6d: posts big blind $4
*** HOLE CARDS ***
Dealt to cf2f6654 
Dealt to ba46831 
Dealt to b36bee6d 
Dealt to Hero [Kd Jd]
Dealt to e807ed38 
Dealt to 73da7232 
Dealt to 2dcc7e18 
cf2f6654: folds
e807ed38: folds
73da7232: folds
Hero: raises $8 to $12
2dcc7e18: folds
ba46831: folds
b36bee6d: calls $8
*** FLOP *** [6d 6c 8d]
b36bee6d: checks
Hero: bets $20.8
b36bee6d: folds
Uncalled bet ($20.8) returned to Hero
*** SHOWDOWN ***
Hero collected $26 from pot
*** SUMMARY ***
Total pot $26
Board [6d 6c 8d]
Seat 6: cf2f6654 folded before Flop (didn't bet)
Seat 4: ba46831(small blind) folded before Flop
Seat 5: b36bee6d(big blind) folded on the Flop
Seat 2: Herowon ($26) with Pair of Sixes
Seat 7: e807ed38 folded before Flop (didn't bet)
Seat 1: 73da7232 folded before Flop (didn't bet)
Seat 3: 2dcc7e18 folded before Flop (didn't bet)



Poker Hand #ring_823863682: NLH No Limit ($2/$4) - 2025/04/15 02:37:34
Table 'MR NLH 2/4' 7-max Seat #2 is the button
Seat 6: cf2f6654 ($1,235.88 in chips)
Seat 4: ba46831 ($877.01 in chips)
Seat 5: b36bee6d ($1,076.8 in chips)
Seat 2: Hero ($617.92 in chips)
Seat 7: e807ed38 ($798 in chips)
Seat 1: 73da7232 ($1,064.07 in chips)
Seat 3: 2dcc7e18 ($307.7 in chips)
2dcc7e18: posts small blind $2
ba46831: posts big blind $4
*** HOLE CARDS ***
Dealt to cf2f6654 
Dealt to ba46831 
Dealt to b36bee6d 
Dealt to Hero [Kc 2s]
Dealt to e807ed38 
Dealt to 73da7232 
Dealt to 2dcc7e18 
b36bee6d: folds
cf2f6654: raises $8 to $12
e807ed38: folds
73da7232: folds
Hero: folds
2dcc7e18: folds
ba46831: folds
Uncalled bet ($8) returned to cf2f6654
*** SHOWDOWN ***
cf2f6654 collected $10 from pot
*** SUMMARY ***
Total pot $10
Seat 6: cf2f6654won ($10)
Seat 4: ba46831(big blind) folded before Flop
Seat 5: b36bee6d folded before Flop (didn't bet)
Seat 2: Hero folded before Flop (didn't bet)
Seat 7: e807ed38 folded before Flop (didn't bet)
Seat 1: 73da7232 folded before Flop (didn't bet)
Seat 3: 2dcc7e18(small blind) folded before Flop



Poker Hand #ring_823863088: NLH No Limit ($2/$4) - 2025/04/15 02:37:05
Table 'MR NLH 2/4' 7-max Seat #1 is the button
Seat 6: cf2f6654 ($1,235.88 in chips)
Seat 4: ba46831 ($877.01 in chips)
Seat 5: b36bee6d ($1,076.8 in chips)
Seat 2: Hero ($619.92 in chips)
Seat 7: e807ed38 ($798 in chips)
Seat 1: 73da7232 ($1,058.52 in chips)
Seat 3: 2dcc7e18 ($311.7 in chips)
Hero: posts small blind $2
2dcc7e18: posts big blind $4
*** HOLE CARDS ***
Dealt to cf2f6654 
Dealt to ba46831 
Dealt to b36bee6d 
Dealt to Hero [2s Jc]
Dealt to e807ed38 
Dealt to 73da7232 
Dealt to 2dcc7e18 
ba46831: folds
b36bee6d: folds
cf2f6654: folds
e807ed38: folds
73da7232: calls $4
Hero: folds
2dcc7e18: checks
*** FLOP *** [5s 6d Th]
2dcc7e18: checks
73da7232: bets $10
2dcc7e18: folds
Uncalled bet ($10) returned to 73da7232
*** SHOWDOWN ***
73da7232 collected $10 from pot
*** SUMMARY ***
Total pot $10
Board [5s 6d Th]
Seat 6: cf2f6654 folded before Flop (didn't bet)
Seat 4: ba46831 folded before Flop (didn't bet)
Seat 5: b36bee6d folded before Flop (didn't bet)
Seat 2: Hero(small blind) folded before Flop
Seat 7: e807ed38 folded before Flop (didn't bet)
Seat 1: 73da7232won ($10) with Pair of Tens
Seat 3: 2dcc7e18(big blind) folded on the Flop



Poker Hand #ring_823862040: NLH No Limit ($2/$4) - 2025/04/15 02:36:14
Table 'MR NLH 2/4' 7-max Seat #7 is the button
Seat 6: cf2f6654 ($1,359.88 in chips)
Seat 4: ba46831 ($877.01 in chips)
Seat 5: b36bee6d ($1,076.8 in chips)
Seat 2: Hero ($623.92 in chips)
Seat 7: e807ed38 ($798 in chips)
Seat 1: 73da7232 ($942.86 in chips)
Seat 3: 2dcc7e18 ($311.7 in chips)
73da7232: posts small blind $2
Hero: posts big blind $4
*** HOLE CARDS ***
Dealt to cf2f6654 
Dealt to ba46831 
Dealt to b36bee6d 
Dealt to Hero [Td 5c]
Dealt to e807ed38 
Dealt to 73da7232 
Dealt to 2dcc7e18 
2dcc7e18: folds
ba46831: folds
b36bee6d: folds
cf2f6654: raises $8 to $12
e807ed38: folds
73da7232: raises $28 to $40
Hero: folds
cf2f6654: calls $28
*** FLOP *** [9s Kh 3c]
73da7232: checks
cf2f6654: checks
*** TURN *** [9s Kh 3c] [Qd]
73da7232: checks
cf2f6654: bets $84
73da7232: calls $84
*** RIVER *** [9s Kh 3c Qd] [6d]
73da7232: checks
cf2f6654: checks
73da7232: shows [Ah Qs]
cf2f6654: shows [As 8d]
*** SHOWDOWN ***
73da7232 collected $252 from pot
*** SUMMARY ***
Total pot $252
Board [9s Kh 3c Qd 6d]
Seat 6: cf2f6654 showed [As 8d] and lost with Ace-High
Seat 4: ba46831 folded before Flop (didn't bet)
Seat 5: b36bee6d folded before Flop (didn't bet)
Seat 2: Hero(big blind) folded before Flop
Seat 7: e807ed38 folded before Flop (didn't bet)
Seat 1: 73da7232(small blind) showed [Ah Qs] and won ($252) with Pair of Queens
Seat 3: 2dcc7e18 folded before Flop (didn't bet)



Poker Hand #ring_823861342: NLH No Limit ($2/$4) - 2025/04/15 02:35:40
Table 'MR NLH 2/4' 7-max Seat #6 is the button
Seat 6: cf2f6654 ($1,359.88 in chips)
Seat 4: ba46831 ($871.46 in chips)
Seat 5: b36bee6d ($1,076.8 in chips)
Seat 2: Hero ($623.92 in chips)
Seat 7: e807ed38 ($800 in chips)
Seat 1: 73da7232 ($946.86 in chips)
Seat 3: 2dcc7e18 ($311.7 in chips)
e807ed38: posts small blind $2
73da7232: posts big blind $4
*** HOLE CARDS ***
Dealt to cf2f6654 
Dealt to ba46831 
Dealt to b36bee6d 
Dealt to Hero [Qs 8s]
Dealt to e807ed38 
Dealt to 73da7232 
Dealt to 2dcc7e18 
Hero: folds
2dcc7e18: folds
ba46831: calls $4
b36bee6d: folds
cf2f6654: folds
e807ed38: folds
73da7232: checks
*** FLOP *** [Tc 7d 6d]
73da7232: checks
ba46831: bets $5
73da7232: folds
Uncalled bet ($5) returned to ba46831
*** SHOWDOWN ***
ba46831 collected $10 from pot
*** SUMMARY ***
Total pot $10
Board [Tc 7d 6d]
Seat 6: cf2f6654 folded before Flop (didn't bet)
Seat 4: ba46831won ($10) with Queen-High
Seat 5: b36bee6d folded before Flop (didn't bet)
Seat 2: Hero folded before Flop (didn't bet)
Seat 7: e807ed38(small blind) folded before Flop
Seat 1: 73da7232(big blind) folded on the Flop
Seat 3: 2dcc7e18 folded before Flop (didn't bet)



Poker Hand #ring_823858849: NLH No Limit ($2/$4) - 2025/04/15 02:33:40
Table 'MR NLH 2/4' 7-max Seat #5 is the button
Seat 6: cf2f6654 ($1,641.86 in chips)
Seat 4: ba46831 ($887.46 in chips)
Seat 5: b36bee6d ($1,076.8 in chips)
Seat 2: Hero ($281.98 in chips)
Seat 7: e807ed38 ($800 in chips)
Seat 1: 73da7232 ($1,017.26 in chips)
Seat 3: 2dcc7e18 ($311.7 in chips)
cf2f6654: posts small blind $2
e807ed38: posts big blind $4
*** HOLE CARDS ***
Dealt to cf2f6654 
Dealt to ba46831 
Dealt to b36bee6d 
Dealt to Hero [Kh Kc]
Dealt to e807ed38 
Dealt to 73da7232 
Dealt to 2dcc7e18 
73da7232: calls $4
Hero: raises $12 to $16
2dcc7e18: folds
ba46831: calls $16
b36bee6d: folds
cf2f6654: calls $14
e807ed38: folds
73da7232: calls $12
*** FLOP *** [Ts 5s Qs]
cf2f6654: checks
73da7232: checks
Hero: bets $54.4
ba46831: folds
cf2f6654: calls $54.4
73da7232: calls $54.4
*** TURN *** [Ts 5s Qs] [Th]
cf2f6654: checks
73da7232: checks
Hero: bets $211.58 and is all-in
cf2f6654: calls $211.58
73da7232: folds
Hero: shows [Kh Kc]
cf2f6654: shows [Qd Ks]
*** RIVER *** [Ts 5s Qs Th] [Td]
b36bee6d: shows [As]
*** SHOWDOWN ***
Hero collected $654.36 from pot
*** SUMMARY ***
Total pot $654.36
Board [Ts 5s Qs Th Td]
Seat 6: cf2f6654(small blind) showed [Qd Ks] and lost with Tens Full over Queens
Seat 4: ba46831 folded on the Flop
Seat 5: b36bee6d folded before Flop (didn't bet)
Seat 2: Hero showed [Kh Kc] and won ($654.36) with Tens Full over Kings
Seat 7: e807ed38(big blind) folded before Flop
Seat 1: 73da7232 folded on the Turn
Seat 3: 2dcc7e18 folded before Flop (didn't bet)



Poker Hand #ring_823857920: NLH No Limit ($2/$4) - 2025/04/15 02:32:55
Table 'MR NLH 2/4' 7-max Seat #4 is the button
Seat 6: cf2f6654 ($1,645.86 in chips)
Seat 4: ba46831 ($891.46 in chips)
Seat 5: b36bee6d ($1,078.8 in chips)
Seat 2: Hero ($281.98 in chips)
Seat 1: 73da7232 ($1,017.26 in chips)
Seat 3: 2dcc7e18 ($302.33 in chips)
b36bee6d: posts small blind $2
cf2f6654: posts big blind $4
*** HOLE CARDS ***
Dealt to cf2f6654 
Dealt to ba46831 
Dealt to b36bee6d 
Dealt to Hero [5d Jh]
Dealt to 73da7232 
Dealt to 2dcc7e18 
73da7232: folds
Hero: folds
2dcc7e18: calls $4
ba46831: calls $4
b36bee6d: folds
cf2f6654: checks
*** FLOP *** [9c 7h 9d]
cf2f6654: checks
2dcc7e18: checks
ba46831: checks
*** TURN *** [9c 7h 9d] [Jd]
cf2f6654: checks
2dcc7e18: bets $10.5
ba46831: folds
cf2f6654: folds
Uncalled bet ($10.5) returned to 2dcc7e18
*** SHOWDOWN ***
2dcc7e18 collected $14 from pot
*** SUMMARY ***
Total pot $14
Board [9c 7h 9d Jd]
Seat 6: cf2f6654(big blind) folded on the Turn
Seat 4: ba46831 folded on the Turn
Seat 5: b36bee6d(small blind) folded before Flop
Seat 2: Hero folded before Flop (didn't bet)
Seat 1: 73da7232 folded before Flop (didn't bet)
Seat 3: 2dcc7e18won ($14) with Pair of Nines



Poker Hand #ring_823856641: NLH No Limit ($2/$4) - 2025/04/15 02:31:57
Table 'MR NLH 2/4' 7-max Seat #3 is the button
Seat 6: cf2f6654 ($1,645.86 in chips)
Seat 4: ba46831 ($893.46 in chips)
Seat 5: b36bee6d ($1,082.8 in chips)
Seat 2: Hero ($281.98 in chips)
Seat 1: 73da7232 ($1,035.26 in chips)
Seat 3: 2dcc7e18 ($281.22 in chips)
ba46831: posts small blind $2
b36bee6d: posts big blind $4
*** HOLE CARDS ***
Dealt to cf2f6654 
Dealt to ba46831 
Dealt to b36bee6d 
Dealt to Hero [9h Qd]
Dealt to 73da7232 
Dealt to 2dcc7e18 
cf2f6654: folds
73da7232: calls $4
Hero: folds
2dcc7e18: calls $4
ba46831: folds
b36bee6d: checks
*** FLOP *** [Kd Kh 2s]
b36bee6d: checks
73da7232: checks
2dcc7e18: checks
*** TURN *** [Kd Kh 2s] [4c]
b36bee6d: checks
73da7232: bets $14
2dcc7e18: calls $14
b36bee6d: folds
*** RIVER *** [Kd Kh 2s 4c] [Jc]
73da7232: checks
2dcc7e18: checks
73da7232: shows [5h 4d]
2dcc7e18: shows [4s Qs]
*** SHOWDOWN ***
2dcc7e18 collected $42 from pot
*** SUMMARY ***
Total pot $42
Board [Kd Kh 2s 4c Jc]
Seat 6: cf2f6654 folded before Flop (didn't bet)
Seat 4: ba46831(small blind) folded before Flop
Seat 5: b36bee6d(big blind) folded on the Turn
Seat 2: Hero folded before Flop (didn't bet)
Seat 1: 73da7232 showed [5h 4d] and lost with Pair of Kings and Pair of Fours
Seat 3: 2dcc7e18 showed [4s Qs] and won ($42) with Pair of Kings and Pair of Fours



Poker Hand #ring_823855681: NLH No Limit ($2/$4) - 2025/04/15 02:31:11
Table 'MR NLH 2/4' 7-max Seat #2 is the button
Seat 6: cf2f6654 ($1,645.86 in chips)
Seat 4: ba46831 ($910.72 in chips)
Seat 5: b36bee6d ($1,082.8 in chips)
Seat 2: Hero ($264.36 in chips)
Seat 1: 73da7232 ($1,035.26 in chips)
Seat 3: 2dcc7e18 ($283.22 in chips)
2dcc7e18: posts small blind $2
ba46831: posts big blind $4
*** HOLE CARDS ***
Dealt to cf2f6654 
Dealt to ba46831 
Dealt to b36bee6d 
Dealt to Hero [4s Ac]
Dealt to 73da7232 
Dealt to 2dcc7e18 
b36bee6d: folds
cf2f6654: folds
73da7232: folds
Hero: raises $6 to $10
2dcc7e18: folds
ba46831: calls $6
*** FLOP *** [8c 5s 7h]
ba46831: checks
Hero: checks
*** TURN *** [8c 5s 7h] [Td]
ba46831: bets $7.26
Hero: calls $7.26
*** RIVER *** [8c 5s 7h Td] [5c]
ba46831: checks
Hero: checks
Hero: shows [4s Ac]
ba46831: shows [Qs 9s]
*** SHOWDOWN ***
Hero collected $36.52 from pot
*** SUMMARY ***
Total pot $36.52
Board [8c 5s 7h Td 5c]
Seat 6: cf2f6654 folded before Flop (didn't bet)
Seat 4: ba46831(big blind) showed [Qs 9s] and lost with Pair of Fives
Seat 5: b36bee6d folded before Flop (didn't bet)
Seat 2: Hero showed [4s Ac] and won ($36.52) with Pair of Fives
Seat 1: 73da7232 folded before Flop (didn't bet)
Seat 3: 2dcc7e18(small blind) folded before Flop



Poker Hand #ring_823855055: NLH No Limit ($2/$4) - 2025/04/15 02:30:41
Table 'MR NLH 2/4' 7-max Seat #1 is the button
Seat 6: cf2f6654 ($1,645.86 in chips)
Seat 4: ba46831 ($910.72 in chips)
Seat 5: b36bee6d ($1,082.8 in chips)
Seat 2: Hero ($266.36 in chips)
Seat 1: 73da7232 ($1,020.61 in chips)
Seat 3: 2dcc7e18 ($297.22 in chips)
Hero: posts small blind $2
2dcc7e18: posts big blind $4
*** HOLE CARDS ***
Dealt to cf2f6654 
Dealt to ba46831 
Dealt to b36bee6d 
Dealt to Hero [Qc 5c]
Dealt to 73da7232 
Dealt to 2dcc7e18 
ba46831: folds
b36bee6d: folds
cf2f6654: folds
73da7232: raises $10 to $14
Hero: folds
2dcc7e18: calls $10
*** FLOP *** [7c As Js]
2dcc7e18: checks
73da7232: bets $30
2dcc7e18: folds
Uncalled bet ($30) returned to 73da7232
*** SHOWDOWN ***
73da7232 collected $30 from pot
*** SUMMARY ***
Total pot $30
Board [7c As Js]
Seat 6: cf2f6654 folded before Flop (didn't bet)
Seat 4: ba46831 folded before Flop (didn't bet)
Seat 5: b36bee6d folded before Flop (didn't bet)
Seat 2: Hero(small blind) folded before Flop
Seat 1: 73da7232won ($30) with Pair of Jacks
Seat 3: 2dcc7e18(big blind) folded on the Flop



Poker Hand #ring_823854334: NLH No Limit ($2/$4) - 2025/04/15 02:30:06
Table 'MR NLH 2/4' 7-max Seat #0 is the button
Seat 6: cf2f6654 ($1,631.12 in chips)
Seat 4: ba46831 ($910.72 in chips)
Seat 5: b36bee6d ($1,082.8 in chips)
Seat 2: Hero ($270.36 in chips)
Seat 1: 73da7232 ($1,032.61 in chips)
Seat 3: 2dcc7e18 ($297.22 in chips)
73da7232: posts small blind $2
Hero: posts big blind $4
*** HOLE CARDS ***
Dealt to cf2f6654 
Dealt to ba46831 
Dealt to b36bee6d 
Dealt to Hero [Qh 3d]
Dealt to 73da7232 
Dealt to 2dcc7e18 
2dcc7e18: folds
ba46831: folds
b36bee6d: folds
cf2f6654: raises $8 to $12
73da7232: calls $10
Hero: folds
*** FLOP *** [8c 5h 3h]
73da7232: checks
cf2f6654: bets $9.24
73da7232: folds
Uncalled bet ($9.24) returned to cf2f6654
*** SHOWDOWN ***
cf2f6654 collected $28 from pot
*** SUMMARY ***
Total pot $28
Board [8c 5h 3h]
Seat 6: cf2f6654won ($28) with Jack-High
Seat 4: ba46831 folded before Flop (didn't bet)
Seat 5: b36bee6d folded before Flop (didn't bet)
Seat 2: Hero(big blind) folded before Flop
Seat 1: 73da7232(small blind) folded on the Flop
Seat 3: 2dcc7e18 folded before Flop (didn't bet)



Poker Hand #ring_823853481: NLH No Limit ($2/$4) - 2025/04/15 02:29:24
Table 'MR NLH 2/4' 7-max Seat #6 is the button
Seat 6: cf2f6654 ($1,631.12 in chips)
Seat 4: ba46831 ($910.72 in chips)
Seat 5: b36bee6d ($1,082.8 in chips)
Seat 7: adcc753b ($367.69 in chips)
Seat 2: Hero ($280.36 in chips)
Seat 1: 73da7232 ($689.46 in chips)
Seat 3: 2dcc7e18 ($297.22 in chips)
adcc753b: posts small blind $2
73da7232: posts big blind $4
*** HOLE CARDS ***
Dealt to cf2f6654 
Dealt to ba46831 
Dealt to b36bee6d 
Dealt to adcc753b 
Dealt to Hero [Jc Tc]
Dealt to 73da7232 
Dealt to 2dcc7e18 
Hero: raises $6 to $10
2dcc7e18: folds
ba46831: folds
b36bee6d: folds
cf2f6654: folds
adcc753b: raises $357.69 to $367.69 and is all-in
73da7232: raises $321.77 to $689.46 and is all-in
Hero: folds
Uncalled bet ($321.77) returned to 73da7232
73da7232: shows [Ah As]
adcc753b: shows [Kh Ac]
*** FLOP *** [Jd 5s Qd]
*** TURN *** [Jd 5s Qd] [8c]
*** RIVER *** [Jd 5s Qd 8c] [6c]
*** SHOWDOWN ***
73da7232 collected $745.38 from pot
*** SUMMARY ***
Total pot $745.38
Board [Jd 5s Qd 8c 6c]
Seat 6: cf2f6654 folded before Flop (didn't bet)
Seat 4: ba46831 folded before Flop (didn't bet)
Seat 5: b36bee6d folded before Flop (didn't bet)
Seat 7: adcc753b(small blind) showed [Kh Ac] and lost with Ace-High
Seat 2: Hero folded before Flop
Seat 1: 73da7232(big blind) showed [Ah As] and won ($745.38) with Pair of Aces
Seat 3: 2dcc7e18 folded before Flop (didn't bet)



Poker Hand #ring_823853022: NLH No Limit ($2/$4) - 2025/04/15 02:29:03
Table 'MR NLH 2/4' 7-max Seat #5 is the button
Seat 6: cf2f6654 ($1,633.12 in chips)
Seat 4: ba46831 ($910.72 in chips)
Seat 5: b36bee6d ($1,082.8 in chips)
Seat 7: adcc753b ($371.69 in chips)
Seat 2: Hero ($280.36 in chips)
Seat 1: 73da7232 ($679.46 in chips)
Seat 3: 2dcc7e18 ($301.22 in chips)
cf2f6654: posts small blind $2
adcc753b: posts big blind $4
2dcc7e18: posts big blind $4
*** HOLE CARDS ***
Dealt to cf2f6654 
Dealt to ba46831 
Dealt to b36bee6d 
Dealt to adcc753b 
Dealt to Hero [6h 5c]
Dealt to 73da7232 
Dealt to 2dcc7e18 
73da7232: raises $675.46 to $679.46 and is all-in
Hero: folds
2dcc7e18: folds
ba46831: folds
b36bee6d: folds
cf2f6654: folds
adcc753b: folds
Uncalled bet ($675.46) returned to 73da7232
b36bee6d: shows [2c 8s]
*** SHOWDOWN ***
73da7232 collected $14 from pot
*** SUMMARY ***
Total pot $14
Seat 6: cf2f6654(small blind) folded before Flop
Seat 4: ba46831 folded before Flop (didn't bet)
Seat 5: b36bee6d folded before Flop (didn't bet)
Seat 7: adcc753b(big blind) folded before Flop
Seat 2: Hero folded before Flop (didn't bet)
Seat 1: 73da7232won ($14)
Seat 3: 2dcc7e18 folded before Flop



Poker Hand #ring_823851080: NLH No Limit ($2/$4) - 2025/04/15 02:27:31
Table 'MR NLH 2/4' 7-max Seat #4 is the button
Seat 6: cf2f6654 ($1,637.12 in chips)
Seat 4: ba46831 ($647.73 in chips)
Seat 5: b36bee6d ($1,222.3 in chips)
Seat 7: adcc753b ($371.69 in chips)
Seat 2: Hero ($132.36 in chips)
Seat 1: 73da7232 ($818.96 in chips)
b36bee6d: posts small blind $2
cf2f6654: posts big blind $4
*** HOLE CARDS ***
Dealt to cf2f6654 
Dealt to ba46831 
Dealt to b36bee6d 
Dealt to adcc753b 
Dealt to Hero [2h 4c]
Dealt to 73da7232 
adcc753b: folds
73da7232: calls $4
Hero: folds
ba46831: raises $8 to $12
b36bee6d: calls $10
cf2f6654: folds
73da7232: calls $8
*** FLOP *** [Qs 5c 7c]
b36bee6d: checks
73da7232: checks
ba46831: bets $30
b36bee6d: calls $30
73da7232: calls $30
*** TURN *** [Qs 5c 7c] [9s]
b36bee6d: checks
73da7232: checks
ba46831: bets $97.5
b36bee6d: calls $97.5
73da7232: calls $97.5
*** RIVER *** [Qs 5c 7c 9s] [Kh]
b36bee6d: checks
73da7232: checks
ba46831: checks
73da7232: shows [6c As]
ba46831: shows [Qh Kc]
b36bee6d: shows [Ac 9c]
*** SHOWDOWN ***
ba46831 collected $422.5 from pot
*** SUMMARY ***
Total pot $422.5
Board [Qs 5c 7c 9s Kh]
Seat 6: cf2f6654(big blind) folded before Flop
Seat 4: ba46831 showed [Qh Kc] and won ($422.5) with Pair of Kings and Pair of Queens
Seat 5: b36bee6d(small blind) showed [Ac 9c] and lost with Pair of Nines
Seat 7: adcc753b folded before Flop (didn't bet)
Seat 2: Hero folded before Flop (didn't bet)
Seat 1: 73da7232 showed [6c As] and lost with Ace-High



Poker Hand #ring_823849663: NLH No Limit ($2/$4) - 2025/04/15 02:26:23
Table 'MR NLH 2/4' 7-max Seat #0 is the button
Seat 6: cf2f6654 ($1,637.12 in chips)
Seat 4: ba46831 ($649.73 in chips)
Seat 5: b36bee6d ($630.47 in chips)
Seat 7: adcc753b ($389.69 in chips)
Seat 2: Hero ($132.36 in chips)
Seat 1: 73da7232 ($1,449.43 in chips)
ba46831: posts small blind $2
b36bee6d: posts big blind $4
*** HOLE CARDS ***
Dealt to cf2f6654 
Dealt to ba46831 
Dealt to b36bee6d 
Dealt to adcc753b 
Dealt to Hero [Jc 7h]
Dealt to 73da7232 
cf2f6654: folds
adcc753b: calls $4
73da7232: raises $14 to $18
Hero: folds
ba46831: folds
b36bee6d: calls $14
adcc753b: calls $14
*** FLOP *** [Qh 2h 8s]
b36bee6d: checks
adcc753b: checks
73da7232: bets $56
b36bee6d: calls $56
adcc753b: folds
*** TURN *** [Qh 2h 8s] [9s]
b36bee6d: checks
73da7232: bets $126
b36bee6d: raises $430.47 to $556.47 and is all-in
73da7232: calls $430.47
73da7232: shows [Ks Qd]
b36bee6d: shows [4h 6h]
*** RIVER *** [Qh 2h 8s 9s] [Kh]
*** SHOWDOWN ***
b36bee6d collected $1,280.94 from pot
*** SUMMARY ***
Total pot $1,280.94
Board [Qh 2h 8s 9s Kh]
Seat 6: cf2f6654 folded before Flop (didn't bet)
Seat 4: ba46831(small blind) folded before Flop
Seat 5: b36bee6d(big blind) showed [4h 6h] and won ($1,280.94) with King High Flush
Seat 7: adcc753b folded on the Flop
Seat 2: Hero folded before Flop (didn't bet)
Seat 1: 73da7232 showed [Ks Qd] and lost with Pair of Kings and Pair of Queens



Poker Hand #ring_823848135: NLH No Limit ($2/$4) - 2025/04/15 02:25:11
Table 'MR NLH 2/4' 7-max Seat #2 is the button
Seat 6: cf2f6654 ($1,446.67 in chips)
Seat 4: ba46831 ($653.73 in chips)
Seat 5: b36bee6d ($630.47 in chips)
Seat 7: adcc753b ($401.69 in chips)
Seat 2: Hero ($144.36 in chips)
Seat 1: 73da7232 ($1,630.43 in chips)
ba46831: posts big blind $4
*** HOLE CARDS ***
Dealt to cf2f6654 
Dealt to ba46831 
Dealt to b36bee6d 
Dealt to adcc753b 
Dealt to Hero [As 2s]
Dealt to 73da7232 
b36bee6d: folds
cf2f6654: raises $8 to $12
adcc753b: calls $12
73da7232: calls $12
Hero: calls $12
ba46831: folds
*** FLOP *** [Qd 9h 7s]
cf2f6654: checks
adcc753b: checks
73da7232: checks
Hero: checks
*** TURN *** [Qd 9h 7s] [8s]
cf2f6654: bets $39
adcc753b: folds
73da7232: raises $130 to $169
Hero: folds
cf2f6654: calls $130
*** RIVER *** [Qd 9h 7s 8s] [Ac]
cf2f6654: checks
73da7232: checks
73da7232: shows [8c 7d]
cf2f6654: shows [6s 5s]
*** SHOWDOWN ***
cf2f6654 collected $390 from pot
*** SUMMARY ***
Total pot $390
Board [Qd 9h 7s 8s Ac]
Seat 6: cf2f6654 showed [6s 5s] and won ($390) with Nines-High Straight
Seat 4: ba46831(big blind) folded before Flop
Seat 5: b36bee6d folded before Flop (didn't bet)
Seat 7: adcc753b folded on the Turn
Seat 2: Hero folded on the Turn
Seat 1: 73da7232 showed [8c 7d] and lost with Pair of Eights and Pair of Sevens



Poker Hand #ring_823846734: NLH No Limit ($2/$4) - 2025/04/15 02:24:06
Table 'MR NLH 2/4' 7-max Seat #1 is the button
Seat 6: cf2f6654 ($1,446.67 in chips)
Seat 4: ba46831 ($653.73 in chips)
Seat 5: b36bee6d ($630.47 in chips)
Seat 7: adcc753b ($419.69 in chips)
Seat 2: Hero ($146.36 in chips)
Seat 3: 16c0fc50 ($298.61 in chips)
Seat 1: 73da7232 ($1,609.32 in chips)
Hero: posts small blind $2
16c0fc50: posts big blind $4
*** HOLE CARDS ***
Dealt to cf2f6654 
Dealt to ba46831 
Dealt to b36bee6d 
Dealt to adcc753b 
Dealt to Hero [Qs 8d]
Dealt to 16c0fc50 
Dealt to 73da7232 
ba46831: folds
b36bee6d: folds
cf2f6654: folds
adcc753b: calls $4
73da7232: raises $14 to $18
Hero: folds
16c0fc50: folds
adcc753b: calls $14
*** FLOP *** [Ts 5s 6c]
adcc753b: checks
73da7232: bets $42
adcc753b: folds
Uncalled bet ($42) returned to 73da7232
*** SHOWDOWN ***
73da7232 collected $42 from pot
*** SUMMARY ***
Total pot $42
Board [Ts 5s 6c]
Seat 6: cf2f6654 folded before Flop (didn't bet)
Seat 4: ba46831 folded before Flop (didn't bet)
Seat 5: b36bee6d folded before Flop (didn't bet)
Seat 7: adcc753b folded on the Flop
Seat 2: Hero(small blind) folded before Flop
Seat 3: 16c0fc50(big blind) folded before Flop
Seat 1: 73da7232won ($42) with King-High



Poker Hand #ring_823844388: NLH No Limit ($2/$4) - 2025/04/15 02:22:18
Table 'MR NLH 2/4' 7-max Seat #7 is the button
Seat 6: cf2f6654 ($1,464.67 in chips)
Seat 4: ba46831 ($405.34 in chips)
Seat 5: b36bee6d ($630.47 in chips)
Seat 7: adcc753b ($437.69 in chips)
Seat 2: Hero ($200 in chips)
Seat 3: 16c0fc50 ($316.61 in chips)
Seat 1: 73da7232 ($1,770.41 in chips)
73da7232: posts small blind $2
Hero: posts big blind $4
*** HOLE CARDS ***
Dealt to cf2f6654 
Dealt to ba46831 
Dealt to b36bee6d 
Dealt to adcc753b 
Dealt to Hero [9c Ad]
Dealt to 16c0fc50 
Dealt to 73da7232 
16c0fc50: calls $4
ba46831: raises $14 to $18
b36bee6d: folds
cf2f6654: calls $18
adcc753b: calls $18
73da7232: calls $16
Hero: calls $14
16c0fc50: calls $14
*** FLOP *** [9d Ks Kd]
73da7232: checks
Hero: checks
16c0fc50: checks
ba46831: checks
cf2f6654: checks
adcc753b: checks
*** TURN *** [9d Ks Kd] [5h]
73da7232: bets $35.64
Hero: calls $35.64
16c0fc50: folds
ba46831: calls $35.64
cf2f6654: folds
adcc753b: folds
*** RIVER *** [9d Ks Kd 5h] [Ts]
73da7232: bets $107.45
Hero: folds
ba46831: raises $244.25 to $351.7 and is all-in
73da7232: folds
Uncalled bet ($244.25) returned to ba46831
*** SHOWDOWN ***
ba46831 collected $429.82 from pot
*** SUMMARY ***
Total pot $429.82
Board [9d Ks Kd 5h Ts]
Seat 6: cf2f6654 folded on the Turn
Seat 4: ba46831won ($429.82) with Four Kings
Seat 5: b36bee6d folded before Flop (didn't bet)
Seat 7: adcc753b folded on the Turn
Seat 2: Hero(big blind) folded on the River
Seat 3: 16c0fc50 folded on the Turn
Seat 1: 73da7232(small blind) folded on the River



