Poker Hand #ring_827229128: NLH No Limit ($1/$2) - 2025/04/17 02:04:43
Table 'MR NLH 1/2' 7-max Seat #2 is the button
Seat 3: 8a9a3302 ($266.53 in chips)
Seat 2: 1a0eeb61 ($93.23 in chips)
Seat 6: a580075a ($481.33 in chips)
Seat 1: a6aba9a2 ($394.17 in chips)
Seat 4: Hero ($135.45 in chips)
Seat 5: e5db308c ($285.25 in chips)
Seat 7: a1915092 ($401 in chips)
8a9a3302: posts small blind $1
Hero: posts big blind $2
*** HOLE CARDS ***
Dealt to 8a9a3302 
Dealt to 1a0eeb61 
Dealt to a580075a 
Dealt to a6aba9a2 
Dealt to Hero [Td 3h]
Dealt to e5db308c 
Dealt to a1915092 
e5db308c: raises $4 to $6
a580075a: folds
a1915092: folds
a6aba9a2: calls $6
1a0eeb61: calls $6
8a9a3302: calls $5
Hero: calls $4
*** FLOP *** [7h 5h 2s]
8a9a3302: bets $9.9
Hero: folds
e5db308c: folds
a6aba9a2: folds
1a0eeb61: calls $9.9
*** TURN *** [7h 5h 2s] [6h]
8a9a3302: checks
1a0eeb61: checks
*** RIVER *** [7h 5h 2s 6h] [Kc]
8a9a3302: checks
1a0eeb61: checks
1a0eeb61: shows [3s 3d]
8a9a3302: shows [7s 7c]
*** SHOWDOWN ***
8a9a3302 collected $49.8 from pot
*** SUMMARY ***
Total pot $49.8
Board [7h 5h 2s 6h Kc]
Seat 3: 8a9a3302(small blind) showed [7s 7c] and won ($49.8) with Three Sevens
Seat 2: 1a0eeb61 showed [3s 3d] and lost with Pair of Treys
Seat 6: a580075a folded before Flop (didn't bet)
Seat 1: a6aba9a2 folded on the Flop
Seat 4: Hero(big blind) folded on the Flop
Seat 5: e5db308c folded on the Flop
Seat 7: a1915092 folded before Flop (didn't bet)



Poker Hand #ring_827228303: NLH No Limit ($1/$2) - 2025/04/17 02:04:10
Table 'MR NLH 1/2' 7-max Seat #1 is the button
Seat 3: 8a9a3302 ($268.53 in chips)
Seat 2: 1a0eeb61 ($94.23 in chips)
Seat 6: a580075a ($487.33 in chips)
Seat 1: a6aba9a2 ($394.17 in chips)
Seat 4: Hero ($135.45 in chips)
Seat 5: e5db308c ($285.25 in chips)
Seat 7: a1915092 ($392 in chips)
1a0eeb61: posts small blind $1
8a9a3302: posts big blind $2
*** HOLE CARDS ***
Dealt to 8a9a3302 
Dealt to 1a0eeb61 
Dealt to a580075a 
Dealt to a6aba9a2 
Dealt to Hero [9c Td]
Dealt to e5db308c 
Dealt to a1915092 
Hero: folds
e5db308c: folds
a580075a: raises $4 to $6
a1915092: raises $12 to $18
a6aba9a2: folds
1a0eeb61: folds
8a9a3302: folds
a580075a: folds
Uncalled bet ($12) returned to a1915092
*** SHOWDOWN ***
a1915092 collected $15 from pot
*** SUMMARY ***
Total pot $15
Seat 3: 8a9a3302(big blind) folded before Flop
Seat 2: 1a0eeb61(small blind) folded before Flop
Seat 6: a580075a folded before Flop
Seat 1: a6aba9a2 folded before Flop (didn't bet)
Seat 4: Hero folded before Flop (didn't bet)
Seat 5: e5db308c folded before Flop (didn't bet)
Seat 7: a1915092won ($15)



Poker Hand #ring_827226696: NLH No Limit ($1/$2) - 2025/04/17 02:03:08
Table 'MR NLH 1/2' 7-max Seat #7 is the button
Seat 3: 8a9a3302 ($277.53 in chips)
Seat 2: 1a0eeb61 ($103.23 in chips)
Seat 6: a580075a ($487.33 in chips)
Seat 1: a6aba9a2 ($395.17 in chips)
Seat 4: Hero ($135.45 in chips)
Seat 5: e5db308c ($268.01 in chips)
Seat 7: a1915092 ($392 in chips)
a6aba9a2: posts small blind $1
1a0eeb61: posts big blind $2
*** HOLE CARDS ***
Dealt to 8a9a3302 
Dealt to 1a0eeb61 
Dealt to a580075a 
Dealt to a6aba9a2 
Dealt to Hero [Tc 6s]
Dealt to e5db308c 
Dealt to a1915092 
8a9a3302: calls $2
Hero: folds
e5db308c: raises $7 to $9
a580075a: folds
a1915092: folds
a6aba9a2: folds
1a0eeb61: calls $7
8a9a3302: calls $7
*** FLOP *** [8s Jd Jh]
1a0eeb61: checks
8a9a3302: checks
e5db308c: checks
*** TURN *** [8s Jd Jh] [4d]
1a0eeb61: checks
8a9a3302: checks
e5db308c: checks
*** RIVER *** [8s Jd Jh 4d] [5s]
1a0eeb61: checks
8a9a3302: checks
e5db308c: checks
1a0eeb61: shows [7c Kh]
8a9a3302: shows [3d Qd]
e5db308c: shows [Qs As]
*** SHOWDOWN ***
e5db308c collected $28 from pot
*** SUMMARY ***
Total pot $28
Board [8s Jd Jh 4d 5s]
Seat 3: 8a9a3302 showed [3d Qd] and lost with Pair of Jacks
Seat 2: 1a0eeb61(big blind) showed [7c Kh] and lost with Pair of Jacks
Seat 6: a580075a folded before Flop (didn't bet)
Seat 1: a6aba9a2(small blind) folded before Flop
Seat 4: Hero folded before Flop (didn't bet)
Seat 5: e5db308c showed [Qs As] and won ($28) with Pair of Jacks
Seat 7: a1915092 folded before Flop (didn't bet)



Poker Hand #ring_827225099: NLH No Limit ($1/$2) - 2025/04/17 02:02:06
Table 'MR NLH 1/2' 7-max Seat #6 is the button
Seat 3: 8a9a3302 ($206.56 in chips)
Seat 2: 1a0eeb61 ($105.23 in chips)
Seat 6: a580075a ($487.33 in chips)
Seat 1: a6aba9a2 ($397.17 in chips)
Seat 4: Hero ($203.49 in chips)
Seat 5: e5db308c ($268.01 in chips)
Seat 7: a1915092 ($398 in chips)
a1915092: posts small blind $1
a6aba9a2: posts big blind $2
1a0eeb61: posts big blind $2
*** HOLE CARDS ***
Dealt to 8a9a3302 
Dealt to 1a0eeb61 
Dealt to a580075a 
Dealt to a6aba9a2 
Dealt to Hero [7d 5d]
Dealt to e5db308c 
Dealt to a1915092 
1a0eeb61: checks
8a9a3302: raises $4 to $6
Hero: calls $6
e5db308c: folds
a580075a: folds
a1915092: calls $5
a6aba9a2: folds
1a0eeb61: folds
*** FLOP *** [6d 9d 6s]
a1915092: checks
8a9a3302: bets $11
Hero: calls $11
a1915092: folds
*** TURN *** [6d 9d 6s] [5s]
8a9a3302: bets $14.52
Hero: raises $36.52 to $51.04
8a9a3302: calls $36.52
*** RIVER *** [6d 9d 6s 5s] [Jc]
8a9a3302: checks
Hero: checks
8a9a3302: shows [Ks 9s]
Hero: shows [7d 5d]
*** SHOWDOWN ***
8a9a3302 collected $146.08 from pot
*** SUMMARY ***
Total pot $146.08
Board [6d 9d 6s 5s Jc]
Seat 3: 8a9a3302 showed [Ks 9s] and won ($146.08) with Pair of Nines and Pair of Sixes
Seat 2: 1a0eeb61 folded before Flop
Seat 6: a580075a folded before Flop (didn't bet)
Seat 1: a6aba9a2(big blind) folded before Flop
Seat 4: Hero showed [7d 5d] and lost with Pair of Sixes and Pair of Fives
Seat 5: e5db308c folded before Flop (didn't bet)
Seat 7: a1915092(small blind) folded on the Flop



Poker Hand #ring_827223429: NLH No Limit ($1/$2) - 2025/04/17 02:01:01
Table 'MR NLH 1/2' 7-max Seat #5 is the button
Seat 3: 8a9a3302 ($208.56 in chips)
Seat 6: a580075a ($624.91 in chips)
Seat 1: a6aba9a2 ($399.17 in chips)
Seat 4: Hero ($203.49 in chips)
Seat 5: e5db308c ($137.58 in chips)
Seat 7: a1915092 ($400 in chips)
a580075a: posts small blind $1
a1915092: posts big blind $2
*** HOLE CARDS ***
Dealt to 8a9a3302 
Dealt to a580075a 
Dealt to a6aba9a2 
Dealt to Hero [Ks 9c]
Dealt to e5db308c 
Dealt to a1915092 
a6aba9a2: calls $2
8a9a3302: calls $2
Hero: folds
e5db308c: raises $6 to $8
a580075a: raises $32 to $40
a1915092: folds
a6aba9a2: folds
8a9a3302: folds
e5db308c: calls $32
*** FIRST FLOP *** [Th 4d Tc]
a580075a: bets $29.24
e5db308c: calls $29.24
*** FIRST TURN *** [Th 4d Tc] [Jh]
a580075a: checks
e5db308c: bets $68.34 and is all-in
a580075a: calls $68.34
e5db308c: shows [Qd Jc]
a580075a: shows [As Kd]
*** FIRST RIVER *** [Th 4d Tc Jh] [8c]
*** SECOND RIVER *** [Th 4d Tc Jh] [9h]
*** FIRST SHOWDOWN ***
e5db308c collected $140.84 from pot
*** SECOND SHOWDOWN ***
e5db308c collected $140.32 from pot
*** SUMMARY ***
Total pot $281.16
Hand was run two timesFIRST Board [Th 4d Tc Jh 8c]
SECOND Board [9h]
Seat 3: 8a9a3302 folded before Flop
Seat 6: a580075a(small blind) showed [As Kd] and lost with Pair of Tens / Pair of Tens
Seat 1: a6aba9a2 folded before Flop
Seat 4: Hero folded before Flop (didn't bet)
Seat 5: e5db308c showed [Qd Jc] and won ($281.16) with Pair of Jacks and Pair of Tens / Pair of Jacks and Pair of Tens
Seat 7: a1915092(big blind) folded before Flop



Poker Hand #ring_827221883: NLH No Limit ($1/$2) - 2025/04/17 02:00:01
Table 'MR NLH 1/2' 7-max Seat #4 is the button
Seat 3: 8a9a3302 ($210.56 in chips)
Seat 6: a580075a ($612.94 in chips)
Seat 1: a6aba9a2 ($406.57 in chips)
Seat 4: Hero ($205.49 in chips)
Seat 5: e5db308c ($139.58 in chips)
Seat 7: a1915092 ($400 in chips)
e5db308c: posts small blind $1
a580075a: posts big blind $2
*** HOLE CARDS ***
Dealt to 8a9a3302 
Dealt to a580075a 
Dealt to a6aba9a2 
Dealt to Hero [6c 9d]
Dealt to e5db308c 
Dealt to a1915092 
a1915092: folds
a6aba9a2: calls $2
8a9a3302: calls $2
Hero: calls $2
e5db308c: calls $1
a580075a: checks
*** FLOP *** [3d 7s 7d]
e5db308c: checks
a580075a: checks
a6aba9a2: checks
8a9a3302: checks
Hero: checks
*** TURN *** [3d 7s 7d] [7h]
e5db308c: checks
a580075a: bets $5.4
a6aba9a2: calls $5.4
8a9a3302: folds
Hero: folds
e5db308c: folds
*** RIVER *** [3d 7s 7d 7h] [2h]
a580075a: checks
a6aba9a2: checks
a6aba9a2: shows [8s Ks]
a580075a: shows [6s 3h]
*** SHOWDOWN ***
a580075a collected $20.8 from pot
*** SUMMARY ***
Total pot $20.8
Board [3d 7s 7d 7h 2h]
Seat 3: 8a9a3302 folded on the Turn
Seat 6: a580075a(big blind) showed [6s 3h] and won ($20.8) with Sevens Full over Treys
Seat 1: a6aba9a2 showed [8s Ks] and lost with Three Sevens
Seat 4: Hero folded on the Turn
Seat 5: e5db308c(small blind) folded on the Turn
Seat 7: a1915092 folded before Flop (didn't bet)



Poker Hand #ring_827220424: NLH No Limit ($1/$2) - 2025/04/17 01:59:05
Table 'MR NLH 1/2' 7-max Seat #3 is the button
Seat 3: 8a9a3302 ($197.32 in chips)
Seat 6: a580075a ($612.94 in chips)
Seat 1: a6aba9a2 ($406.57 in chips)
Seat 4: Hero ($207.49 in chips)
Seat 5: e5db308c ($152.58 in chips)
Seat 7: a1915092 ($400 in chips)
Hero: posts small blind $1
e5db308c: posts big blind $2
*** HOLE CARDS ***
Dealt to 8a9a3302 
Dealt to a580075a 
Dealt to a6aba9a2 
Dealt to Hero [7s 3s]
Dealt to e5db308c 
Dealt to a1915092 
a580075a: folds
a1915092: folds
a6aba9a2: folds
8a9a3302: calls $2
Hero: calls $1
e5db308c: raises $4 to $6
8a9a3302: calls $4
Hero: folds
*** FLOP *** [9c 2h 2c]
e5db308c: bets $7
8a9a3302: raises $14 to $21
e5db308c: folds
Uncalled bet ($14) returned to 8a9a3302
*** SHOWDOWN ***
8a9a3302 collected $28 from pot
*** SUMMARY ***
Total pot $28
Board [9c 2h 2c]
Seat 3: 8a9a3302won ($28) with Pair of Nines and Pair of Twos
Seat 6: a580075a folded before Flop (didn't bet)
Seat 1: a6aba9a2 folded before Flop (didn't bet)
Seat 4: Hero(small blind) folded before Flop
Seat 5: e5db308c(big blind) folded on the Flop
Seat 7: a1915092 folded before Flop (didn't bet)



Poker Hand #ring_827218802: NLH No Limit ($1/$2) - 2025/04/17 01:58:03
Table 'MR NLH 1/2' 7-max Seat #1 is the button
Seat 3: 8a9a3302 ($246.93 in chips)
Seat 6: a580075a ($612.94 in chips)
Seat 1: a6aba9a2 ($406.57 in chips)
Seat 4: Hero ($162.84 in chips)
Seat 5: e5db308c ($152.58 in chips)
Seat 7: a1915092 ($400 in chips)
8a9a3302: posts small blind $1
Hero: posts big blind $2
*** HOLE CARDS ***
Dealt to 8a9a3302 
Dealt to a580075a 
Dealt to a6aba9a2 
Dealt to Hero [Td 9s]
Dealt to e5db308c 
Dealt to a1915092 
e5db308c: folds
a580075a: folds
a1915092: folds
a6aba9a2: folds
8a9a3302: raises $4 to $6
Hero: calls $4
*** FLOP *** [3c 9d Kc]
8a9a3302: bets $12
Hero: calls $12
*** TURN *** [3c 9d Kc] [7c]
8a9a3302: bets $11.88
Hero: calls $11.88
*** RIVER *** [3c 9d Kc 7c] [Qc]
8a9a3302: bets $19.73
Hero: raises $49.61 to $69.34
8a9a3302: folds
Uncalled bet ($49.61) returned to Hero
*** SHOWDOWN ***
Hero collected $99.22 from pot
*** SUMMARY ***
Total pot $99.22
Board [3c 9d Kc 7c Qc]
Seat 3: 8a9a3302(small blind) folded on the River
Seat 6: a580075a folded before Flop (didn't bet)
Seat 1: a6aba9a2 folded before Flop (didn't bet)
Seat 4: Hero(big blind)won ($99.22) with Pair of Nines
Seat 5: e5db308c folded before Flop (didn't bet)
Seat 7: a1915092 folded before Flop (didn't bet)



Poker Hand #ring_827218287: NLH No Limit ($1/$2) - 2025/04/17 01:57:42
Table 'MR NLH 1/2' 7-max Seat #7 is the button
Seat 3: 8a9a3302 ($248.93 in chips)
Seat 6: a580075a ($612.94 in chips)
Seat 1: a6aba9a2 ($407.57 in chips)
Seat 4: Hero ($162.84 in chips)
Seat 5: e5db308c ($149.58 in chips)
Seat 7: a1915092 ($400 in chips)
a6aba9a2: posts small blind $1
8a9a3302: posts big blind $2
*** HOLE CARDS ***
Dealt to 8a9a3302 
Dealt to a580075a 
Dealt to a6aba9a2 
Dealt to Hero [8d Qc]
Dealt to e5db308c 
Dealt to a1915092 
Hero: folds
e5db308c: raises $4 to $6
a580075a: folds
a1915092: folds
a6aba9a2: folds
8a9a3302: folds
Uncalled bet ($4) returned to e5db308c
*** SHOWDOWN ***
e5db308c collected $5 from pot
*** SUMMARY ***
Total pot $5
Seat 3: 8a9a3302(big blind) folded before Flop
Seat 6: a580075a folded before Flop (didn't bet)
Seat 1: a6aba9a2(small blind) folded before Flop
Seat 4: Hero folded before Flop (didn't bet)
Seat 5: e5db308cwon ($5)
Seat 7: a1915092 folded before Flop (didn't bet)



Poker Hand #ring_827217165: NLH No Limit ($1/$2) - 2025/04/17 01:57:00
Table 'MR NLH 1/2' 7-max Seat #6 is the button
Seat 3: 8a9a3302 ($248.93 in chips)
Seat 6: a580075a ($612.94 in chips)
Seat 1: a6aba9a2 ($431.13 in chips)
Seat 4: Hero ($167.84 in chips)
Seat 5: e5db308c ($122.91 in chips)
Seat 7: a1915092 ($401 in chips)
a1915092: posts small blind $1
a6aba9a2: posts big blind $2
*** HOLE CARDS ***
Dealt to 8a9a3302 
Dealt to a580075a 
Dealt to a6aba9a2 
Dealt to Hero [6h Qh]
Dealt to e5db308c 
Dealt to a1915092 
8a9a3302: folds
Hero: raises $3 to $5
e5db308c: calls $5
a580075a: folds
a1915092: folds
a6aba9a2: calls $3
*** FLOP *** [Ts 9d 5d]
a6aba9a2: bets $5.28
Hero: folds
e5db308c: raises $13.28 to $18.56
a6aba9a2: calls $13.28
*** TURN *** [Ts 9d 5d] [2s]
a6aba9a2: checks
e5db308c: bets $53.12
a6aba9a2: folds
Uncalled bet ($53.12) returned to e5db308c
a6aba9a2: shows [Kc Qc]
*** SHOWDOWN ***
e5db308c collected $53.12 from pot
*** SUMMARY ***
Total pot $53.12
Board [Ts 9d 5d 2s]
Seat 3: 8a9a3302 folded before Flop (didn't bet)
Seat 6: a580075a folded before Flop (didn't bet)
Seat 1: a6aba9a2(big blind) folded on the Turn
Seat 4: Hero folded on the Flop
Seat 5: e5db308cwon ($53.12) with Three Nines
Seat 7: a1915092(small blind) folded before Flop



Poker Hand #ring_827216667: NLH No Limit ($1/$2) - 2025/04/17 01:56:40
Table 'MR NLH 1/2' 7-max Seat #5 is the button
Seat 3: 8a9a3302 ($248.93 in chips)
Seat 6: a580075a ($613.94 in chips)
Seat 1: a6aba9a2 ($431.13 in chips)
Seat 4: Hero ($167.84 in chips)
Seat 5: e5db308c ($122.91 in chips)
Seat 7: a1915092 ($400 in chips)
a580075a: posts small blind $1
a1915092: posts big blind $2
*** HOLE CARDS ***
Dealt to 8a9a3302 
Dealt to a580075a 
Dealt to a6aba9a2 
Dealt to Hero [8s 2c]
Dealt to e5db308c 
Dealt to a1915092 
a6aba9a2: folds
8a9a3302: folds
Hero: folds
e5db308c: folds
a580075a: folds
*** SHOWDOWN ***
a1915092 collected $3 from pot
*** SUMMARY ***
Total pot $3
Seat 3: 8a9a3302 folded before Flop (didn't bet)
Seat 6: a580075a(small blind) folded before Flop
Seat 1: a6aba9a2 folded before Flop (didn't bet)
Seat 4: Hero folded before Flop (didn't bet)
Seat 5: e5db308c folded before Flop (didn't bet)
Seat 7: a1915092(big blind)won ($3)



Poker Hand #ring_827215129: NLH No Limit ($1/$2) - 2025/04/17 01:55:43
Table 'MR NLH 1/2' 7-max Seat #4 is the button
Seat 3: 8a9a3302 ($261.53 in chips)
Seat 6: a580075a ($615.94 in chips)
Seat 1: a6aba9a2 ($431.13 in chips)
Seat 4: Hero ($180.44 in chips)
Seat 5: e5db308c ($98 in chips)
Seat 7: a1915092 ($400 in chips)
e5db308c: posts small blind $1
a580075a: posts big blind $2
*** HOLE CARDS ***
Dealt to 8a9a3302 
Dealt to a580075a 
Dealt to a6aba9a2 
Dealt to Hero [7s 5s]
Dealt to e5db308c 
Dealt to a1915092 
a1915092: folds
a6aba9a2: folds
8a9a3302: raises $4 to $6
Hero: calls $6
e5db308c: calls $5
a580075a: folds
*** FLOP *** [6s Tc 6h]
e5db308c: checks
8a9a3302: bets $6.6
Hero: calls $6.6
e5db308c: calls $6.6
*** TURN *** [6s Tc 6h] [Qc]
e5db308c: checks
8a9a3302: checks
Hero: checks
*** RIVER *** [6s Tc 6h Qc] [8h]
e5db308c: bets $13.13
8a9a3302: folds
Hero: folds
Uncalled bet ($13.13) returned to e5db308c
*** SHOWDOWN ***
e5db308c collected $39.8 from pot
*** SUMMARY ***
Total pot $39.8
Board [6s Tc 6h Qc 8h]
Seat 3: 8a9a3302 folded on the River
Seat 6: a580075a(big blind) folded before Flop
Seat 1: a6aba9a2 folded before Flop (didn't bet)
Seat 4: Hero folded on the River
Seat 5: e5db308c(small blind)won ($39.8) with Pair of Nines and Pair of Sixes
Seat 7: a1915092 folded before Flop (didn't bet)



Poker Hand #ring_827213816: NLH No Limit ($1/$2) - 2025/04/17 01:54:53
Table 'MR NLH 1/2' 7-max Seat #3 is the button
Seat 2: 3a3b67d2 ($106.3 in chips)
Seat 3: 8a9a3302 ($261.53 in chips)
Seat 6: a580075a ($615.94 in chips)
Seat 1: a6aba9a2 ($332.03 in chips)
Seat 4: Hero ($181.44 in chips)
Seat 5: e5db308c ($100 in chips)
Seat 7: a1915092 ($400 in chips)
Hero: posts small blind $1
e5db308c: posts big blind $2
*** HOLE CARDS ***
Dealt to 3a3b67d2 
Dealt to 8a9a3302 
Dealt to a580075a 
Dealt to a6aba9a2 
Dealt to Hero [4h Ts]
Dealt to e5db308c 
Dealt to a1915092 
a580075a: folds
a1915092: folds
a6aba9a2: raises $4 to $6
3a3b67d2: raises $12 to $18
8a9a3302: folds
Hero: folds
e5db308c: folds
a6aba9a2: calls $12
*** FLOP *** [9s 6d 2d]
a6aba9a2: bets $29.25
3a3b67d2: raises $59.05 to $88.3 and is all-in
a6aba9a2: calls $59.05
a6aba9a2: shows [9c Ac] (Pair of Nines)
3a3b67d2: shows [Ad Jh] (Ace-High)
*** TURN *** [9s 6d 2d] [As]
*** RIVER *** [9s 6d 2d As] [Td]
*** SHOWDOWN ***
a6aba9a2 collected $215.6 from pot
*** SUMMARY ***
Total pot $215.6
Board [9s 6d 2d As Td]
Seat 2: 3a3b67d2 showed [Ad Jh] and lost with Pair of Aces
Seat 3: 8a9a3302 folded before Flop (didn't bet)
Seat 6: a580075a folded before Flop (didn't bet)
Seat 1: a6aba9a2 showed [9c Ac] and won ($215.6) with Pair of Aces and Pair of Nines
Seat 4: Hero(small blind) folded before Flop
Seat 5: e5db308c(big blind) folded before Flop
Seat 7: a1915092 folded before Flop (didn't bet)



Poker Hand #ring_827211307: NLH No Limit ($1/$2) - 2025/04/17 01:53:19
Table 'MR NLH 1/2' 7-max Seat #2 is the button
Seat 2: 3a3b67d2 ($114.3 in chips)
Seat 3: 8a9a3302 ($343.77 in chips)
Seat 6: a580075a ($615.94 in chips)
Seat 1: a6aba9a2 ($232.32 in chips)
Seat 4: Hero ($200 in chips)
Seat 7: a1915092 ($400 in chips)
8a9a3302: posts small blind $1
Hero: posts big blind $2
*** HOLE CARDS ***
Dealt to 3a3b67d2 
Dealt to 8a9a3302 
Dealt to a580075a 
Dealt to a6aba9a2 
Dealt to Hero [Kh 9s]
Dealt to a1915092 
a580075a: folds
a1915092: folds
a6aba9a2: raises $6 to $8
3a3b67d2: calls $8
8a9a3302: calls $7
Hero: calls $6
*** FLOP *** [7c 9c 4h]
8a9a3302: checks
Hero: checks
a6aba9a2: checks
3a3b67d2: checks
*** TURN *** [7c 9c 4h] [Jd]
8a9a3302: bets $10.56
Hero: calls $10.56
a6aba9a2: calls $10.56
3a3b67d2: folds
*** RIVER *** [7c 9c 4h Jd] [8h]
8a9a3302: checks
Hero: checks
a6aba9a2: bets $63.68
8a9a3302: calls $63.68
Hero: folds
a6aba9a2: shows [Qd Td]
8a9a3302: shows [8s 8c]
*** SHOWDOWN ***
a6aba9a2 collected $191.04 from pot
*** SUMMARY ***
Total pot $191.04
Board [7c 9c 4h Jd 8h]
Seat 2: 3a3b67d2 folded on the Turn
Seat 3: 8a9a3302(small blind) showed [8s 8c] and lost with Three Eights
Seat 6: a580075a folded before Flop (didn't bet)
Seat 1: a6aba9a2 showed [Qd Td] and won ($191.04) with Queens-High Straight
Seat 4: Hero(big blind) folded on the River
Seat 7: a1915092 folded before Flop (didn't bet)



