Poker Hand #ring_827156225: NLH No Limit ($2/$4) - 2025/04/17 01:19:26
Table 'MR NLH 2/4' 7-max Seat #4 is the button
Seat 1: 2da45b6 ($526.48 in chips)
Seat 4: Hero ($332.53 in chips)
Seat 3: cac976ba ($505.62 in chips)
Seat 5: 3832fc71 ($800 in chips)
3832fc71: posts small blind $2
2da45b6: posts big blind $4
*** HOLE CARDS ***
Dealt to 2da45b6 
Dealt to Hero [Ts As]
Dealt to cac976ba 
Dealt to 3832fc71 
cac976ba: raises $6 to $10
Hero: calls $10
3832fc71: folds
2da45b6: calls $6
*** FLOP *** [Qh 2c Ad]
2da45b6: checks
cac976ba: checks
Hero: bets $16
2da45b6: calls $16
cac976ba: calls $16
*** TURN *** [Qh 2c Ad] [Th]
2da45b6: checks
cac976ba: checks
Hero: bets $50.4
2da45b6: folds
cac976ba: raises $90.4 to $140.8
Hero: calls $90.4
*** RIVER *** [Qh 2c Ad Th] [7s]
cac976ba: bets $180.8
Hero: calls $165.73 and is all-in
Uncalled bet ($15.07) returned to cac976ba
cac976ba: shows [Jc Kh]
Hero: shows [Ts As]
*** SHOWDOWN ***
cac976ba collected $693.06 from pot
*** SUMMARY ***
Total pot $693.06
Board [Qh 2c Ad Th 7s]
Seat 1: 2da45b6(big blind) folded on the Turn
Seat 4: Hero showed [Ts As] and lost with Pair of Aces and Pair of Tens
Seat 3: cac976ba showed [Jc Kh] and won ($693.06) with Aces-High Straight
Seat 5: 3832fc71(small blind) folded before Flop



Poker Hand #ring_827155416: NLH No Limit ($2/$4) - 2025/04/17 01:18:57
Table 'MR NLH 2/4' 7-max Seat #3 is the button
Seat 1: 2da45b6 ($526.48 in chips)
Seat 4: Hero ($334.53 in chips)
Seat 3: cac976ba ($492.79 in chips)
Seat 5: 3832fc71 ($798 in chips)
Hero: posts small blind $2
3832fc71: posts big blind $4
*** HOLE CARDS ***
Dealt to 2da45b6 
Dealt to Hero [2c 9s]
Dealt to cac976ba 
Dealt to 3832fc71 
2da45b6: folds
cac976ba: raises $8 to $12
Hero: folds
3832fc71: calls $8
*** FLOP *** [Ks 8c 4s]
3832fc71: checks
cac976ba: bets $13
3832fc71: folds
Uncalled bet ($13) returned to cac976ba
*** SHOWDOWN ***
cac976ba collected $26 from pot
*** SUMMARY ***
Total pot $26
Board [Ks 8c 4s]
Seat 1: 2da45b6 folded before Flop (didn't bet)
Seat 4: Hero(small blind) folded before Flop
Seat 3: cac976bawon ($26) with King-High
Seat 5: 3832fc71(big blind) folded on the Flop



Poker Hand #ring_827154790: NLH No Limit ($2/$4) - 2025/04/17 01:18:33
Table 'MR NLH 2/4' 7-max Seat #1 is the button
Seat 1: 2da45b6 ($520.48 in chips)
Seat 4: Hero ($338.53 in chips)
Seat 3: cac976ba ($494.79 in chips)
Seat 5: 3832fc71 ($798 in chips)
cac976ba: posts small blind $2
Hero: posts big blind $4
*** HOLE CARDS ***
Dealt to 2da45b6 
Dealt to Hero [6c 3h]
Dealt to cac976ba 
Dealt to 3832fc71 
3832fc71: folds
2da45b6: raises $6 to $10
cac976ba: folds
Hero: folds
Uncalled bet ($6) returned to 2da45b6
*** SHOWDOWN ***
2da45b6 collected $10 from pot
*** SUMMARY ***
Total pot $10
Seat 1: 2da45b6won ($10)
Seat 4: Hero(big blind) folded before Flop
Seat 3: cac976ba(small blind) folded before Flop
Seat 5: 3832fc71 folded before Flop (didn't bet)



Poker Hand #ring_827153640: NLH No Limit ($2/$4) - 2025/04/17 01:17:51
Table 'MR NLH 2/4' 7-max Seat #5 is the button
Seat 1: 2da45b6 ($477.8 in chips)
Seat 4: Hero ($338.53 in chips)
Seat 3: cac976ba ($542.79 in chips)
Seat 5: 3832fc71 ($798 in chips)
2da45b6: posts small blind $2
cac976ba: posts big blind $4
*** HOLE CARDS ***
Dealt to 2da45b6 
Dealt to Hero [3s 4h]
Dealt to cac976ba 
Dealt to 3832fc71 
Hero: folds
3832fc71: folds
2da45b6: raises $8 to $12
cac976ba: calls $8
*** FLOP *** [Ad 7h 7s]
2da45b6: bets $12
cac976ba: calls $12
*** TURN *** [Ad 7h 7s] [5h]
2da45b6: bets $24
cac976ba: calls $24
*** RIVER *** [Ad 7h 7s 5h] [Qc]
2da45b6: checks
cac976ba: checks
2da45b6: shows [Ts Ac]
cac976ba: shows [Qh Ks]
*** SHOWDOWN ***
2da45b6 collected $96 from pot
*** SUMMARY ***
Total pot $96
Board [Ad 7h 7s 5h Qc]
Seat 1: 2da45b6(small blind) showed [Ts Ac] and won ($96) with Pair of Aces and Pair of Sevens
Seat 4: Hero folded before Flop (didn't bet)
Seat 3: cac976ba(big blind) showed [Qh Ks] and lost with Pair of Queens and Pair of Sevens
Seat 5: 3832fc71 folded before Flop (didn't bet)



Poker Hand #ring_827152842: NLH No Limit ($2/$4) - 2025/04/17 01:17:22
Table 'MR NLH 2/4' 7-max Seat #4 is the button
Seat 1: 2da45b6 ($447.04 in chips)
Seat 4: Hero ($338.53 in chips)
Seat 3: cac976ba ($575.59 in chips)
Seat 5: 3832fc71 ($800 in chips)
3832fc71: posts small blind $2
2da45b6: posts big blind $4
*** HOLE CARDS ***
Dealt to 2da45b6 
Dealt to Hero [9c 8s]
Dealt to cac976ba 
Dealt to 3832fc71 
cac976ba: raises $8 to $12
Hero: folds
3832fc71: folds
2da45b6: raises $20.8 to $32.8
cac976ba: calls $20.8
*** FLOP *** [Kh 3s 7c]
2da45b6: bets $33.8
cac976ba: folds
Uncalled bet ($33.8) returned to 2da45b6
*** SHOWDOWN ***
2da45b6 collected $67.6 from pot
*** SUMMARY ***
Total pot $67.6
Board [Kh 3s 7c]
Seat 1: 2da45b6(big blind)won ($67.6) with Pair of Kings
Seat 4: Hero folded before Flop (didn't bet)
Seat 3: cac976ba folded on the Flop
Seat 5: 3832fc71(small blind) folded before Flop



Poker Hand #ring_827151358: NLH No Limit ($2/$4) - 2025/04/17 01:16:28
Table 'MR NLH 2/4' 7-max Seat #3 is the button
Seat 1: 2da45b6 ($447.04 in chips)
Seat 4: Hero ($340.53 in chips)
Seat 3: cac976ba ($555.57 in chips)
Seat 5: 3832fc71 ($798 in chips)
Hero: posts small blind $2
3832fc71: posts big blind $4
*** HOLE CARDS ***
Dealt to 2da45b6 
Dealt to Hero [Jh 2d]
Dealt to cac976ba 
Dealt to 3832fc71 
2da45b6: folds
cac976ba: raises $6 to $10
Hero: folds
3832fc71: calls $6
*** FLOP *** [Kc 6s 8s]
3832fc71: checks
cac976ba: bets $11
3832fc71: calls $11
*** TURN *** [Kc 6s 8s] [3d]
3832fc71: checks
cac976ba: bets $22
3832fc71: folds
Uncalled bet ($22) returned to cac976ba
*** SHOWDOWN ***
cac976ba collected $44 from pot
*** SUMMARY ***
Total pot $44
Board [Kc 6s 8s 3d]
Seat 1: 2da45b6 folded before Flop (didn't bet)
Seat 4: Hero(small blind) folded before Flop
Seat 3: cac976bawon ($44) with Pair of Eights
Seat 5: 3832fc71(big blind) folded on the Turn



Poker Hand #ring_827150330: NLH No Limit ($2/$4) - 2025/04/17 01:15:51
Table 'MR NLH 2/4' 7-max Seat #1 is the button
Seat 1: 2da45b6 ($457.04 in chips)
Seat 4: Hero ($321.88 in chips)
Seat 3: cac976ba ($565.57 in chips)
Seat 5: 3832fc71 ($798 in chips)
cac976ba: posts small blind $2
Hero: posts big blind $4
*** HOLE CARDS ***
Dealt to 2da45b6 
Dealt to Hero [Ad 6s]
Dealt to cac976ba 
Dealt to 3832fc71 
3832fc71: folds
2da45b6: raises $6 to $10
cac976ba: calls $8
Hero: calls $6
*** FLOP *** [As Ac 2d]
cac976ba: checks
Hero: checks
2da45b6: checks
*** TURN *** [As Ac 2d] [4h]
cac976ba: checks
Hero: bets $15
2da45b6: folds
cac976ba: folds
Uncalled bet ($15) returned to Hero
*** SHOWDOWN ***
Hero collected $30 from pot
*** SUMMARY ***
Total pot $30
Board [As Ac 2d 4h]
Seat 1: 2da45b6 folded on the Turn
Seat 4: Hero(big blind)won ($30) with Three Aces
Seat 3: cac976ba(small blind) folded on the Turn
Seat 5: 3832fc71 folded before Flop (didn't bet)



Poker Hand #ring_827149580: NLH No Limit ($2/$4) - 2025/04/17 01:15:24
Table 'MR NLH 2/4' 7-max Seat #5 is the button
Seat 1: 2da45b6 ($465.04 in chips)
Seat 4: Hero ($321.88 in chips)
Seat 3: cac976ba ($558.29 in chips)
Seat 5: 3832fc71 ($798 in chips)
2da45b6: posts small blind $2
cac976ba: posts big blind $4
*** HOLE CARDS ***
Dealt to 2da45b6 
Dealt to Hero [4h Td]
Dealt to cac976ba 
Dealt to 3832fc71 
Hero: folds
3832fc71: folds
2da45b6: calls $2
cac976ba: checks
*** FLOP *** [9d Tc Qd]
2da45b6: checks
cac976ba: bets $4
2da45b6: calls $4
*** TURN *** [9d Tc Qd] [3s]
2da45b6: checks
cac976ba: bets $12
2da45b6: folds
Uncalled bet ($12) returned to cac976ba
*** SHOWDOWN ***
cac976ba collected $16 from pot
*** SUMMARY ***
Total pot $16
Board [9d Tc Qd 3s]
Seat 1: 2da45b6(small blind) folded on the Turn
Seat 4: Hero folded before Flop (didn't bet)
Seat 3: cac976ba(big blind)won ($16) with Queen-High
Seat 5: 3832fc71 folded before Flop (didn't bet)



Poker Hand #ring_827148778: NLH No Limit ($2/$4) - 2025/04/17 01:14:56
Table 'MR NLH 2/4' 7-max Seat #4 is the button
Seat 1: 2da45b6 ($477.04 in chips)
Seat 4: Hero ($333.88 in chips)
Seat 3: cac976ba ($534 in chips)
Seat 5: 3832fc71 ($800 in chips)
3832fc71: posts small blind $2
2da45b6: posts big blind $4
*** HOLE CARDS ***
Dealt to 2da45b6 
Dealt to Hero [Ah 7d]
Dealt to cac976ba 
Dealt to 3832fc71 
cac976ba: raises $8 to $12
Hero: calls $12
3832fc71: folds
2da45b6: calls $8
*** FLOP *** [2s 2h 6c]
2da45b6: checks
cac976ba: bets $19
Hero: folds
2da45b6: folds
Uncalled bet ($19) returned to cac976ba
*** SHOWDOWN ***
cac976ba collected $38 from pot
*** SUMMARY ***
Total pot $38
Board [2s 2h 6c]
Seat 1: 2da45b6(big blind) folded on the Flop
Seat 4: Hero folded on the Flop
Seat 3: cac976bawon ($38) with Pair of Sixes and Pair of Twos
Seat 5: 3832fc71(small blind) folded before Flop



Poker Hand #ring_827147834: NLH No Limit ($2/$4) - 2025/04/17 01:14:22
Table 'MR NLH 2/4' 7-max Seat #3 is the button
Seat 1: 2da45b6 ($416.12 in chips)
Seat 4: Hero ($335.88 in chips)
Seat 3: cac976ba ($595.74 in chips)
Seat 5: 3832fc71 ($800 in chips)
Hero: posts small blind $2
3832fc71: posts big blind $4
*** HOLE CARDS ***
Dealt to 2da45b6 
Dealt to Hero [Jh 7h]
Dealt to cac976ba 
Dealt to 3832fc71 
2da45b6: raises $6 to $10
cac976ba: raises $26 to $36
Hero: folds
3832fc71: folds
2da45b6: calls $26
*** FLOP *** [5h 9d Th]
2da45b6: checks
cac976ba: bets $25.74
2da45b6: raises $64.74 to $90.48
cac976ba: folds
Uncalled bet ($64.74) returned to 2da45b6
*** SHOWDOWN ***
2da45b6 collected $129.48 from pot
*** SUMMARY ***
Total pot $129.48
Board [5h 9d Th]
Seat 1: 2da45b6won ($129.48) with Pair of Tens and Pair of Nines
Seat 4: Hero(small blind) folded before Flop
Seat 3: cac976ba folded on the Flop
Seat 5: 3832fc71(big blind) folded before Flop



Poker Hand #ring_827146610: NLH No Limit ($2/$4) - 2025/04/17 01:13:38
Table 'MR NLH 2/4' 7-max Seat #1 is the button
Seat 1: 2da45b6 ($372.89 in chips)
Seat 4: Hero ($381.28 in chips)
Seat 3: cac976ba ($597.74 in chips)
cac976ba: posts small blind $2
Hero: posts big blind $4
*** HOLE CARDS ***
Dealt to 2da45b6 
Dealt to Hero [Ac Td]
Dealt to cac976ba 
2da45b6: raises $6 to $10
cac976ba: folds
Hero: raises $18 to $28
2da45b6: calls $18
*** FLOP *** [5s 6h 3s]
Hero: bets $17.4
2da45b6: calls $17.4
*** TURN *** [5s 6h 3s] [2d]
Hero: checks
2da45b6: bets $46.4
Hero: folds
Uncalled bet ($46.4) returned to 2da45b6
*** SHOWDOWN ***
2da45b6 collected $92.8 from pot
*** SUMMARY ***
Total pot $92.8
Board [5s 6h 3s 2d]
Seat 1: 2da45b6won ($92.8) with Sixes-High Straight
Seat 4: Hero(big blind) folded on the Turn
Seat 3: cac976ba(small blind) folded before Flop



Poker Hand #ring_827145573: NLH No Limit ($2/$4) - 2025/04/17 01:13:00
Table 'MR NLH 2/4' 7-max Seat #4 is the button
Seat 1: 2da45b6 ($349.05 in chips)
Seat 4: Hero ($403.28 in chips)
Seat 3: cac976ba ($601.74 in chips)
2da45b6: posts small blind $2
cac976ba: posts big blind $4
*** HOLE CARDS ***
Dealt to 2da45b6 
Dealt to Hero [3c Ah]
Dealt to cac976ba 
Hero: raises $6 to $10
2da45b6: calls $8
cac976ba: folds
*** FLOP *** [Kd 4c 6s]
2da45b6: checks
Hero: bets $12
2da45b6: calls $12
*** TURN *** [Kd 4c 6s] [Kh]
2da45b6: checks
Hero: checks
*** RIVER *** [Kd 4c 6s Kh] [2c]
2da45b6: checks
Hero: checks
2da45b6: shows [6d 5c]
Hero: shows [3c Ah]
*** SHOWDOWN ***
2da45b6 collected $48 from pot
*** SUMMARY ***
Total pot $48
Board [Kd 4c 6s Kh 2c]
Seat 1: 2da45b6(small blind) showed [6d 5c] and won ($48) with Pair of Kings and Pair of Sixes
Seat 4: Hero showed [3c Ah] and lost with Pair of Kings
Seat 3: cac976ba(big blind) folded before Flop



Poker Hand #ring_827145252: NLH No Limit ($2/$4) - 2025/04/17 01:12:48
Table 'MR NLH 2/4' 7-max Seat #3 is the button
Seat 1: 2da45b6 ($347.05 in chips)
Seat 4: Hero ($405.28 in chips)
Seat 3: cac976ba ($601.74 in chips)
Hero: posts small blind $2
2da45b6: posts big blind $4
*** HOLE CARDS ***
Dealt to 2da45b6 
Dealt to Hero [Js 2c]
Dealt to cac976ba 
cac976ba: folds
Hero: folds
*** SHOWDOWN ***
2da45b6 collected $6 from pot
*** SUMMARY ***
Total pot $6
Seat 1: 2da45b6(big blind)won ($6)
Seat 4: Hero(small blind) folded before Flop
Seat 3: cac976ba folded before Flop (didn't bet)



Poker Hand #ring_827144197: NLH No Limit ($2/$4) - 2025/04/17 01:12:11
Table 'MR NLH 2/4' 7-max Seat #1 is the button
Seat 1: 2da45b6 ($347.05 in chips)
Seat 4: Hero ($398 in chips)
Seat 3: cac976ba ($609.74 in chips)
cac976ba: posts small blind $2
Hero: posts big blind $4
*** HOLE CARDS ***
Dealt to 2da45b6 
Dealt to Hero [Ad 2h]
Dealt to cac976ba 
2da45b6: folds
cac976ba: calls $2
Hero: checks
*** FLOP *** [7c Ks 5d]
cac976ba: checks
Hero: checks
*** TURN *** [7c Ks 5d] [Ah]
cac976ba: bets $4
Hero: calls $4
*** RIVER *** [7c Ks 5d Ah] [Js]
cac976ba: checks
Hero: bets $8.8
cac976ba: folds
Uncalled bet ($8.8) returned to Hero
*** SHOWDOWN ***
Hero collected $16 from pot
*** SUMMARY ***
Total pot $16
Board [7c Ks 5d Ah Js]
Seat 1: 2da45b6 folded before Flop (didn't bet)
Seat 4: Hero(big blind)won ($16) with Pair of Aces
Seat 3: cac976ba(small blind) folded on the River



Poker Hand #ring_827143522: NLH No Limit ($2/$4) - 2025/04/17 01:11:46
Table 'MR NLH 2/4' 7-max Seat #4 is the button
Seat 1: 2da45b6 ($337.95 in chips)
Seat 4: Hero ($398 in chips)
Seat 3: cac976ba ($619.74 in chips)
2da45b6: posts small blind $2
cac976ba: posts big blind $4
*** HOLE CARDS ***
Dealt to 2da45b6 
Dealt to Hero [2c Qh]
Dealt to cac976ba 
Hero: folds
2da45b6: raises $6 to $10
cac976ba: calls $6
*** FLOP *** [Ts Tc Ac]
2da45b6: bets $10
cac976ba: folds
Uncalled bet ($10) returned to 2da45b6
*** SHOWDOWN ***
2da45b6 collected $20 from pot
*** SUMMARY ***
Total pot $20
Board [Ts Tc Ac]
Seat 1: 2da45b6(small blind)won ($20) with Pair of Tens
Seat 4: Hero folded before Flop (didn't bet)
Seat 3: cac976ba(big blind) folded on the Flop



Poker Hand #ring_827142999: NLH No Limit ($2/$4) - 2025/04/17 01:11:28
Table 'MR NLH 2/4' 7-max Seat #3 is the button
Seat 1: 2da45b6 ($347.95 in chips)
Seat 4: Hero ($400 in chips)
Seat 3: cac976ba ($608.73 in chips)
Hero: posts small blind $2
2da45b6: posts big blind $4
*** HOLE CARDS ***
Dealt to 2da45b6 
Dealt to Hero [Qs 5d]
Dealt to cac976ba 
cac976ba: raises $6 to $10
Hero: folds
2da45b6: calls $6
*** FLOP *** [Ks Ac 4s]
2da45b6: checks
cac976ba: bets $11
2da45b6: folds
Uncalled bet ($11) returned to cac976ba
*** SHOWDOWN ***
cac976ba collected $22 from pot
*** SUMMARY ***
Total pot $22
Board [Ks Ac 4s]
Seat 1: 2da45b6(big blind) folded on the Flop
Seat 4: Hero(small blind) folded before Flop
Seat 3: cac976bawon ($22) with Ace-High



Poker Hand #ring_827142214: NLH No Limit ($2/$4) - 2025/04/17 01:11:00
Table 'MR NLH 2/4' 7-max Seat #2 is the button
Seat 2: 60cfa7d3 ($9.81 in chips)
Seat 1: 2da45b6 ($333.29 in chips)
Seat 4: Hero ($404 in chips)
Seat 3: cac976ba ($610.73 in chips)
cac976ba: posts small blind $2
Hero: posts big blind $4
*** HOLE CARDS ***
Dealt to 60cfa7d3 
Dealt to 2da45b6 
Dealt to Hero [Th 5h]
Dealt to cac976ba 
2da45b6: raises $8 to $12
60cfa7d3: calls $9.81 and is all-in
cac976ba: folds
Hero: folds
Uncalled bet ($2.19) returned to 2da45b6
2da45b6: shows [Qs 8d]
60cfa7d3: shows [Qc 2h]
*** FLOP *** [4d 9s 8h]
*** TURN *** [4d 9s 8h] [3s]
*** RIVER *** [4d 9s 8h 3s] [2c]
*** SHOWDOWN ***
2da45b6 collected $25.62 from pot
*** SUMMARY ***
Total pot $25.62
Board [4d 9s 8h 3s 2c]
Seat 2: 60cfa7d3 showed [Qc 2h] and lost with Pair of Twos
Seat 1: 2da45b6 showed [Qs 8d] and won ($25.62) with Pair of Eights
Seat 4: Hero(big blind) folded before Flop
Seat 3: cac976ba(small blind) folded before Flop



