Poker Hand #ring_831662408: NLH No Limit ($1/$2) - 2025/04/19 18:02:04
Table 'MR NLH 1/2' 7-max Seat #3 is the button
Seat 5: 74c7294f ($71.15 in chips)
Seat 6: fb694f0a ($521.43 in chips)
Seat 7: 75287b12 ($924.44 in chips)
Seat 3: 3b24bc72 ($389 in chips)
Seat 4: c1342d8 ($241.36 in chips)
Seat 1: b719f23 ($112.11 in chips)
Seat 2: Hero ($126.92 in chips)
c1342d8: posts small blind $1
74c7294f: posts big blind $2
*** HOLE CARDS ***
Dealt to 74c7294f 
Dealt to fb694f0a 
Dealt to 75287b12 
Dealt to 3b24bc72 
Dealt to c1342d8 
Dealt to b719f23 
Dealt to Hero [Qh Qs]
fb694f0a: folds
75287b12: folds
b719f23: folds
Hero: raises $4 to $6
3b24bc72: raises $12 to $18
c1342d8: raises $29.04 to $47.04
74c7294f: raises $24.11 to $71.15 and is all-in
Hero: raises $55.77 to $126.92 and is all-in
3b24bc72: folds
c1342d8: calls $79.88
Hero: shows [Qh Qs]
c1342d8: shows [Ks Kh]
74c7294f: shows [Qd Ah]
*** FLOP *** [9c 9s 7h]
*** TURN *** [9c 9s 7h] [2d]
*** RIVER *** [9c 9s 7h 2d] [3c]
*** SHOWDOWN ***
c1342d8 collected $231.45 from pot
c1342d8 collected $111.54 from pot
*** SUMMARY ***
Total pot $342.99
Board [9c 9s 7h 2d 3c]
Seat 5: 74c7294f(big blind) showed [Qd Ah] and lost with Pair of Nines
Seat 6: fb694f0a folded before Flop (didn't bet)
Seat 7: 75287b12 folded before Flop (didn't bet)
Seat 3: 3b24bc72 folded before Flop
Seat 4: c1342d8(small blind) showed [Ks Kh] and won ($231.45) with Pair of Kings and Pair of Nines
Seat 1: b719f23 folded before Flop (didn't bet)
Seat 2: Hero showed [Qh Qs] and lost with Pair of Queens and Pair of Nines



Poker Hand #ring_831661973: NLH No Limit ($1/$2) - 2025/04/19 18:01:40
Table 'MR NLH 1/2' 7-max Seat #2 is the button
Seat 5: 74c7294f ($68.15 in chips)
Seat 6: fb694f0a ($521.43 in chips)
Seat 7: 75287b12 ($924.44 in chips)
Seat 3: 3b24bc72 ($390 in chips)
Seat 4: c1342d8 ($243.36 in chips)
Seat 1: b719f23 ($112.11 in chips)
Seat 2: Hero ($126.92 in chips)
3b24bc72: posts small blind $1
c1342d8: posts big blind $2
*** HOLE CARDS ***
Dealt to 74c7294f 
Dealt to fb694f0a 
Dealt to 75287b12 
Dealt to 3b24bc72 
Dealt to c1342d8 
Dealt to b719f23 
Dealt to Hero [9s 3c]
74c7294f: raises $6 to $8
fb694f0a: folds
75287b12: folds
b719f23: folds
Hero: folds
3b24bc72: folds
c1342d8: folds
Uncalled bet ($6) returned to 74c7294f
*** SHOWDOWN ***
74c7294f collected $5 from pot
*** SUMMARY ***
Total pot $5
Seat 5: 74c7294fwon ($5)
Seat 6: fb694f0a folded before Flop (didn't bet)
Seat 7: 75287b12 folded before Flop (didn't bet)
Seat 3: 3b24bc72(small blind) folded before Flop
Seat 4: c1342d8(big blind) folded before Flop
Seat 1: b719f23 folded before Flop (didn't bet)
Seat 2: Hero folded before Flop (didn't bet)



Poker Hand #ring_831660819: NLH No Limit ($1/$2) - 2025/04/19 18:00:39
Table 'MR NLH 1/2' 7-max Seat #1 is the button
Seat 5: 74c7294f ($68.15 in chips)
Seat 6: fb694f0a ($521.43 in chips)
Seat 7: 75287b12 ($935.39 in chips)
Seat 3: 3b24bc72 ($392 in chips)
Seat 4: c1342d8 ($243.36 in chips)
Seat 1: b719f23 ($99.78 in chips)
Seat 2: Hero ($127.92 in chips)
Hero: posts small blind $1
3b24bc72: posts big blind $2
*** HOLE CARDS ***
Dealt to 74c7294f 
Dealt to fb694f0a 
Dealt to 75287b12 
Dealt to 3b24bc72 
Dealt to c1342d8 
Dealt to b719f23 
Dealt to Hero [6s 4c]
c1342d8: folds
74c7294f: folds
fb694f0a: folds
75287b12: raises $4 to $6
b719f23: calls $6
Hero: folds
3b24bc72: folds
*** FLOP *** [Ad 3c Jd]
75287b12: checks
b719f23: bets $4.95
75287b12: calls $4.95
*** TURN *** [Ad 3c Jd] [4s]
75287b12: checks
b719f23: checks
*** RIVER *** [Ad 3c Jd 4s] [6h]
75287b12: checks
b719f23: bets $12.45
75287b12: folds
Uncalled bet ($12.45) returned to b719f23
*** SHOWDOWN ***
b719f23 collected $24.9 from pot
*** SUMMARY ***
Total pot $24.9
Board [Ad 3c Jd 4s 6h]
Seat 5: 74c7294f folded before Flop (didn't bet)
Seat 6: fb694f0a folded before Flop (didn't bet)
Seat 7: 75287b12 folded on the River
Seat 3: 3b24bc72(big blind) folded before Flop
Seat 4: c1342d8 folded before Flop (didn't bet)
Seat 1: b719f23won ($24.9) with Ace-High
Seat 2: Hero(small blind) folded before Flop



Poker Hand #ring_831660049: NLH No Limit ($1/$2) - 2025/04/19 17:59:58
Table 'MR NLH 1/2' 7-max Seat #7 is the button
Seat 5: 74c7294f ($68.15 in chips)
Seat 6: fb694f0a ($511.15 in chips)
Seat 7: 75287b12 ($935.39 in chips)
Seat 3: 3b24bc72 ($397 in chips)
Seat 4: c1342d8 ($243.36 in chips)
Seat 1: b719f23 ($100.78 in chips)
Seat 2: Hero ($132.92 in chips)
b719f23: posts small blind $1
Hero: posts big blind $2
*** HOLE CARDS ***
Dealt to 74c7294f 
Dealt to fb694f0a 
Dealt to 75287b12 
Dealt to 3b24bc72 
Dealt to c1342d8 
Dealt to b719f23 
Dealt to Hero [2d 6d]
3b24bc72: raises $3 to $5
c1342d8: folds
74c7294f: folds
fb694f0a: calls $5
75287b12: folds
b719f23: folds
Hero: calls $3
*** FLOP *** [Ad Jh Th]
Hero: checks
3b24bc72: checks
fb694f0a: bets $8
Hero: folds
3b24bc72: folds
Uncalled bet ($8) returned to fb694f0a
*** SHOWDOWN ***
fb694f0a collected $16 from pot
*** SUMMARY ***
Total pot $16
Board [Ad Jh Th]
Seat 5: 74c7294f folded before Flop (didn't bet)
Seat 6: fb694f0awon ($16) with Pair of Jacks
Seat 7: 75287b12 folded before Flop (didn't bet)
Seat 3: 3b24bc72 folded on the Flop
Seat 4: c1342d8 folded before Flop (didn't bet)
Seat 1: b719f23(small blind) folded before Flop
Seat 2: Hero(big blind) folded on the Flop



Poker Hand #ring_831658802: NLH No Limit ($1/$2) - 2025/04/19 17:58:51
Table 'MR NLH 1/2' 7-max Seat #6 is the button
Seat 5: 74c7294f ($68.15 in chips)
Seat 6: fb694f0a ($511.15 in chips)
Seat 7: 75287b12 ($903.22 in chips)
Seat 3: 3b24bc72 ($397 in chips)
Seat 4: c1342d8 ($277.16 in chips)
Seat 1: b719f23 ($102.78 in chips)
Seat 2: Hero ($132.92 in chips)
75287b12: posts small blind $1
b719f23: posts big blind $2
*** HOLE CARDS ***
Dealt to 74c7294f 
Dealt to fb694f0a 
Dealt to 75287b12 
Dealt to 3b24bc72 
Dealt to c1342d8 
Dealt to b719f23 
Dealt to Hero [9h 4h]
Hero: folds
3b24bc72: folds
c1342d8: raises $3 to $5
74c7294f: folds
fb694f0a: folds
75287b12: calls $4
b719f23: folds
*** FLOP *** [As 9c Kd]
75287b12: checks
c1342d8: checks
*** TURN *** [As 9c Kd] [Jc]
75287b12: checks
c1342d8: bets $9
75287b12: calls $9
*** RIVER *** [As 9c Kd Jc] [6d]
75287b12: checks
c1342d8: bets $19.8
75287b12: calls $19.8
c1342d8: shows [Ad 5d]
75287b12: shows [Ah 6h]
*** SHOWDOWN ***
75287b12 collected $69.6 from pot
*** SUMMARY ***
Total pot $69.6
Board [As 9c Kd Jc 6d]
Seat 5: 74c7294f folded before Flop (didn't bet)
Seat 6: fb694f0a folded before Flop (didn't bet)
Seat 7: 75287b12(small blind) showed [Ah 6h] and won ($69.6) with Pair of Aces and Pair of Sixes
Seat 3: 3b24bc72 folded before Flop (didn't bet)
Seat 4: c1342d8 showed [Ad 5d] and lost with Pair of Aces
Seat 1: b719f23(big blind) folded before Flop
Seat 2: Hero folded before Flop (didn't bet)



Poker Hand #ring_831657494: NLH No Limit ($1/$2) - 2025/04/19 17:57:42
Table 'MR NLH 1/2' 7-max Seat #5 is the button
Seat 5: 74c7294f ($176.15 in chips)
Seat 6: fb694f0a ($520.15 in chips)
Seat 7: 75287b12 ($912.22 in chips)
Seat 3: 3b24bc72 ($397 in chips)
Seat 4: c1342d8 ($162.19 in chips)
Seat 1: b719f23 ($102.78 in chips)
Seat 2: Hero ($132.92 in chips)
fb694f0a: posts small blind $1
75287b12: posts big blind $2
*** HOLE CARDS ***
Dealt to 74c7294f 
Dealt to fb694f0a 
Dealt to 75287b12 
Dealt to 3b24bc72 
Dealt to c1342d8 
Dealt to b719f23 
Dealt to Hero [6d 9h]
b719f23: folds
Hero: folds
3b24bc72: folds
c1342d8: raises $7 to $9
74c7294f: calls $9
fb694f0a: calls $8
75287b12: calls $7
*** FLOP *** [9c 5s Qh]
fb694f0a: checks
75287b12: checks
c1342d8: bets $16
74c7294f: calls $16
fb694f0a: folds
75287b12: folds
*** TURN *** [9c 5s Qh] [Js]
c1342d8: bets $38
74c7294f: calls $38
*** RIVER *** [9c 5s Qh Js] [6s]
c1342d8: bets $45
74c7294f: calls $45
c1342d8: shows [Ac Qs]
74c7294f: shows [Kd Jh]
*** SHOWDOWN ***
c1342d8 collected $234 from pot
*** SUMMARY ***
Total pot $234
Board [9c 5s Qh Js 6s]
Seat 5: 74c7294f showed [Kd Jh] and lost with Pair of Jacks
Seat 6: fb694f0a(small blind) folded on the Flop
Seat 7: 75287b12(big blind) folded on the Flop
Seat 3: 3b24bc72 folded before Flop (didn't bet)
Seat 4: c1342d8 showed [Ac Qs] and won ($234) with Pair of Queens
Seat 1: b719f23 folded before Flop (didn't bet)
Seat 2: Hero folded before Flop (didn't bet)



Poker Hand #ring_831655981: NLH No Limit ($1/$2) - 2025/04/19 17:56:22
Table 'MR NLH 1/2' 7-max Seat #4 is the button
Seat 5: 74c7294f ($206.45 in chips)
Seat 6: fb694f0a ($481.5 in chips)
Seat 7: 75287b12 ($924.34 in chips)
Seat 3: 3b24bc72 ($397 in chips)
Seat 4: c1342d8 ($162.19 in chips)
Seat 1: b719f23 ($102.78 in chips)
Seat 2: Hero ($132.92 in chips)
74c7294f: posts small blind $1
fb694f0a: posts big blind $2
*** HOLE CARDS ***
Dealt to 74c7294f 
Dealt to fb694f0a 
Dealt to 75287b12 
Dealt to 3b24bc72 
Dealt to c1342d8 
Dealt to b719f23 
Dealt to Hero [5d 7s]
75287b12: raises $4 to $6
b719f23: folds
Hero: folds
3b24bc72: folds
c1342d8: folds
74c7294f: calls $5
fb694f0a: calls $4
*** FLOP *** [6c As 7c]
74c7294f: checks
fb694f0a: checks
75287b12: bets $6.12
74c7294f: calls $6.12
fb694f0a: calls $6.12
*** TURN *** [6c As 7c] [9d]
74c7294f: bets $18.18
fb694f0a: calls $18.18
75287b12: folds
*** RIVER *** [6c As 7c 9d] [5h]
74c7294f: checks
fb694f0a: bets $72.72
74c7294f: folds
Uncalled bet ($72.72) returned to fb694f0a
*** SHOWDOWN ***
fb694f0a collected $72.72 from pot
*** SUMMARY ***
Total pot $72.72
Board [6c As 7c 9d 5h]
Seat 5: 74c7294f(small blind) folded on the River
Seat 6: fb694f0a(big blind)won ($72.72) with Nines-High Straight
Seat 7: 75287b12 folded on the Turn
Seat 3: 3b24bc72 folded before Flop (didn't bet)
Seat 4: c1342d8 folded before Flop (didn't bet)
Seat 1: b719f23 folded before Flop (didn't bet)
Seat 2: Hero folded before Flop (didn't bet)



Poker Hand #ring_831654992: NLH No Limit ($1/$2) - 2025/04/19 17:55:29
Table 'MR NLH 1/2' 7-max Seat #3 is the button
Seat 5: 74c7294f ($226.45 in chips)
Seat 6: fb694f0a ($481.5 in chips)
Seat 7: 75287b12 ($924.34 in chips)
Seat 3: 3b24bc72 ($397 in chips)
Seat 4: c1342d8 ($144.49 in chips)
Seat 1: b719f23 ($102.78 in chips)
Seat 2: Hero ($132.92 in chips)
c1342d8: posts small blind $1
74c7294f: posts big blind $2
*** HOLE CARDS ***
Dealt to 74c7294f 
Dealt to fb694f0a 
Dealt to 75287b12 
Dealt to 3b24bc72 
Dealt to c1342d8 
Dealt to b719f23 
Dealt to Hero [3s Jh]
fb694f0a: folds
75287b12: folds
b719f23: folds
Hero: folds
3b24bc72: folds
c1342d8: calls $1
74c7294f: raises $6 to $8
c1342d8: calls $6
*** FLOP *** [5h 4s 6c]
c1342d8: checks
74c7294f: bets $12
c1342d8: calls $12
*** TURN *** [5h 4s 6c] [Qd]
c1342d8: checks
74c7294f: checks
*** RIVER *** [5h 4s 6c Qd] [Ah]
c1342d8: bets $36
74c7294f: folds
Uncalled bet ($36) returned to c1342d8
*** SHOWDOWN ***
c1342d8 collected $40 from pot
*** SUMMARY ***
Total pot $40
Board [5h 4s 6c Qd Ah]
Seat 5: 74c7294f(big blind) folded on the River
Seat 6: fb694f0a folded before Flop (didn't bet)
Seat 7: 75287b12 folded before Flop (didn't bet)
Seat 3: 3b24bc72 folded before Flop (didn't bet)
Seat 4: c1342d8(small blind)won ($40) with Pair of Aces and Pair of Fives
Seat 1: b719f23 folded before Flop (didn't bet)
Seat 2: Hero folded before Flop (didn't bet)



Poker Hand #ring_831654195: NLH No Limit ($1/$2) - 2025/04/19 17:54:49
Table 'MR NLH 1/2' 7-max Seat #2 is the button
Seat 5: 74c7294f ($226.45 in chips)
Seat 6: fb694f0a ($481.5 in chips)
Seat 7: 75287b12 ($924.34 in chips)
Seat 3: 3b24bc72 ($398 in chips)
Seat 4: c1342d8 ($146.49 in chips)
Seat 1: b719f23 ($100 in chips)
Seat 2: Hero ($132.92 in chips)
3b24bc72: posts small blind $1
c1342d8: posts big blind $2
b719f23: posts big blind $2
*** HOLE CARDS ***
Dealt to 74c7294f 
Dealt to fb694f0a 
Dealt to 75287b12 
Dealt to 3b24bc72 
Dealt to c1342d8 
Dealt to b719f23 
Dealt to Hero [5s Qd]
74c7294f: folds
fb694f0a: folds
75287b12: folds
b719f23: checks
Hero: folds
3b24bc72: folds
c1342d8: checks
*** FLOP *** [Qs 6s 3c]
c1342d8: checks
b719f23: checks
*** TURN *** [Qs 6s 3c] [4s]
c1342d8: checks
b719f23: bets $2.5
c1342d8: folds
Uncalled bet ($2.5) returned to b719f23
*** SHOWDOWN ***
b719f23 collected $5 from pot
*** SUMMARY ***
Total pot $5
Board [Qs 6s 3c 4s]
Seat 5: 74c7294f folded before Flop (didn't bet)
Seat 6: fb694f0a folded before Flop (didn't bet)
Seat 7: 75287b12 folded before Flop (didn't bet)
Seat 3: 3b24bc72(small blind) folded before Flop
Seat 4: c1342d8(big blind) folded on the Turn
Seat 1: b719f23won ($5) with Queen-High
Seat 2: Hero folded before Flop (didn't bet)



Poker Hand #ring_831653844: NLH No Limit ($1/$2) - 2025/04/19 17:54:29
Table 'MR NLH 1/2' 7-max Seat #0 is the button
Seat 5: 74c7294f ($226.45 in chips)
Seat 6: fb694f0a ($478.5 in chips)
Seat 7: 75287b12 ($924.34 in chips)
Seat 3: 3b24bc72 ($400 in chips)
Seat 4: c1342d8 ($146.49 in chips)
Seat 2: Hero ($133.92 in chips)
Hero: posts small blind $1
3b24bc72: posts big blind $2
*** HOLE CARDS ***
Dealt to 74c7294f 
Dealt to fb694f0a 
Dealt to 75287b12 
Dealt to 3b24bc72 
Dealt to c1342d8 
Dealt to Hero [6d 4h]
c1342d8: folds
74c7294f: folds
fb694f0a: raises $4 to $6
75287b12: folds
Hero: folds
3b24bc72: folds
Uncalled bet ($4) returned to fb694f0a
*** SHOWDOWN ***
fb694f0a collected $5 from pot
*** SUMMARY ***
Total pot $5
Seat 5: 74c7294f folded before Flop (didn't bet)
Seat 6: fb694f0awon ($5)
Seat 7: 75287b12 folded before Flop (didn't bet)
Seat 3: 3b24bc72(big blind) folded before Flop
Seat 4: c1342d8 folded before Flop (didn't bet)
Seat 2: Hero(small blind) folded before Flop



Poker Hand #ring_831652709: NLH No Limit ($1/$2) - 2025/04/19 17:53:31
Table 'MR NLH 1/2' 7-max Seat #7 is the button
Seat 5: 74c7294f ($117.82 in chips)
Seat 6: fb694f0a ($478.5 in chips)
Seat 7: 75287b12 ($924.34 in chips)
Seat 4: c1342d8 ($146.49 in chips)
Seat 1: b719f23 ($119.43 in chips)
Seat 2: Hero ($135.92 in chips)
b719f23: posts small blind $1
Hero: posts big blind $2
*** HOLE CARDS ***
Dealt to 74c7294f 
Dealt to fb694f0a 
Dealt to 75287b12 
Dealt to c1342d8 
Dealt to b719f23 
Dealt to Hero [9d 5d]
c1342d8: folds
74c7294f: raises $6 to $8
fb694f0a: folds
75287b12: folds
b719f23: raises $14 to $22
Hero: folds
74c7294f: calls $14
*** FLOP *** [2d 4c Tc]
b719f23: bets $15.18
74c7294f: calls $15.18
*** TURN *** [2d 4c Tc] [2h]
b719f23: bets $57.27
74c7294f: calls $57.27
*** RIVER *** [2d 4c Tc 2h] [8d]
b719f23: bets $24.98 and is all-in
74c7294f: calls $23.37 and is all-in
Uncalled bet ($1.61) returned to b719f23
b719f23: shows [Jc Ac]
74c7294f: shows [As 4s]
*** SHOWDOWN ***
74c7294f collected $237.64 from pot
*** SUMMARY ***
Total pot $237.64
Board [2d 4c Tc 2h 8d]
Seat 5: 74c7294f showed [As 4s] and won ($237.64) with Pair of Fours and Pair of Twos
Seat 6: fb694f0a folded before Flop (didn't bet)
Seat 7: 75287b12 folded before Flop (didn't bet)
Seat 4: c1342d8 folded before Flop (didn't bet)
Seat 1: b719f23(small blind) showed [Jc Ac] and lost with Pair of Twos
Seat 2: Hero(big blind) folded before Flop



Poker Hand #ring_831651227: NLH No Limit ($1/$2) - 2025/04/19 17:52:09
Table 'MR NLH 1/2' 7-max Seat #6 is the button
Seat 3: b7a174cf ($401.78 in chips)
Seat 5: 74c7294f ($123.82 in chips)
Seat 6: fb694f0a ($484.5 in chips)
Seat 7: 75287b12 ($545.85 in chips)
Seat 4: c1342d8 ($146.49 in chips)
Seat 1: b719f23 ($121.43 in chips)
Seat 2: Hero ($135.92 in chips)
75287b12: posts small blind $1
b719f23: posts big blind $2
*** HOLE CARDS ***
Dealt to b7a174cf 
Dealt to 74c7294f 
Dealt to fb694f0a 
Dealt to 75287b12 
Dealt to c1342d8 
Dealt to b719f23 
Dealt to Hero [8d Qc]
Hero: folds
b7a174cf: raises $4 to $6
c1342d8: folds
74c7294f: calls $6
fb694f0a: calls $6
75287b12: calls $5
b719f23: folds
*** FIRST FLOP *** [2s Th 8h]
75287b12: bets $19.24
b7a174cf: calls $19.24
74c7294f: folds
fb694f0a: folds
*** FIRST TURN *** [2s Th 8h] [As]
75287b12: checks
b7a174cf: bets $48.36
75287b12: raises $161.2 to $209.56
b7a174cf: raises $166.98 to $376.54 and is all-in
75287b12: calls $166.98
b7a174cf: shows [Ks Ah]
75287b12: shows [Tc Ad]
*** FIRST RIVER *** [2s Th 8h As] [Ac]
*** SECOND RIVER *** [2s Th 8h As] [Qs]
*** THIRD RIVER *** [2s Th 8h As] [3c]
*** FIRST SHOWDOWN ***
75287b12 collected $272.86 from pot
*** SECOND SHOWDOWN ***
75287b12 collected $272.35 from pot
*** THIRD SHOWDOWN ***
75287b12 collected $272.35 from pot
*** SUMMARY ***
Total pot $817.56
Hand was run three timesFIRST Board [2s Th 8h As Ac]
SECOND Board [Qs]
THIRD Board [3c]
Seat 3: b7a174cf showed [Ks Ah] and lost with Three Aces / Pair of Aces / Pair of Aces
Seat 5: 74c7294f folded on the Flop
Seat 6: fb694f0a folded on the Flop
Seat 7: 75287b12(small blind) showed [Tc Ad] and won ($817.56) with Aces Full over Tens / Pair of Aces and Pair of Tens / Pair of Aces and Pair of Tens
Seat 4: c1342d8 folded before Flop (didn't bet)
Seat 1: b719f23(big blind) folded before Flop
Seat 2: Hero folded before Flop (didn't bet)



Poker Hand #ring_831650494: NLH No Limit ($1/$2) - 2025/04/19 17:51:30
Table 'MR NLH 1/2' 7-max Seat #5 is the button
Seat 3: b7a174cf ($415.28 in chips)
Seat 5: 74c7294f ($109.17 in chips)
Seat 6: fb694f0a ($485.5 in chips)
Seat 7: 75287b12 ($547.85 in chips)
Seat 4: c1342d8 ($146.49 in chips)
Seat 1: b719f23 ($121.43 in chips)
Seat 2: Hero ($135.92 in chips)
fb694f0a: posts small blind $1
75287b12: posts big blind $2
*** HOLE CARDS ***
Dealt to b7a174cf 
Dealt to 74c7294f 
Dealt to fb694f0a 
Dealt to 75287b12 
Dealt to c1342d8 
Dealt to b719f23 
Dealt to Hero [As 4d]
b719f23: folds
Hero: folds
b7a174cf: raises $4 to $6
c1342d8: folds
74c7294f: calls $6
fb694f0a: folds
75287b12: folds
*** FLOP *** [Kd 4h 6s]
b7a174cf: bets $7.5
74c7294f: calls $7.5
*** TURN *** [Kd 4h 6s] [2d]
b7a174cf: checks
74c7294f: checks
*** RIVER *** [Kd 4h 6s 2d] [3c]
b7a174cf: checks
74c7294f: bets $15
b7a174cf: folds
Uncalled bet ($15) returned to 74c7294f
*** SHOWDOWN ***
74c7294f collected $30 from pot
*** SUMMARY ***
Total pot $30
Board [Kd 4h 6s 2d 3c]
Seat 3: b7a174cf folded on the River
Seat 5: 74c7294fwon ($30) with Pair of Kings
Seat 6: fb694f0a(small blind) folded before Flop
Seat 7: 75287b12(big blind) folded before Flop
Seat 4: c1342d8 folded before Flop (didn't bet)
Seat 1: b719f23 folded before Flop (didn't bet)
Seat 2: Hero folded before Flop (didn't bet)



Poker Hand #ring_831649777: NLH No Limit ($1/$2) - 2025/04/19 17:50:52
Table 'MR NLH 1/2' 7-max Seat #4 is the button
Seat 3: b7a174cf ($400.63 in chips)
Seat 5: 74c7294f ($110.17 in chips)
Seat 6: fb694f0a ($487.5 in chips)
Seat 7: 75287b12 ($561.35 in chips)
Seat 4: c1342d8 ($146.49 in chips)
Seat 1: b719f23 ($121.43 in chips)
Seat 2: Hero ($135.92 in chips)
74c7294f: posts small blind $1
fb694f0a: posts big blind $2
*** HOLE CARDS ***
Dealt to b7a174cf 
Dealt to 74c7294f 
Dealt to fb694f0a 
Dealt to 75287b12 
Dealt to c1342d8 
Dealt to b719f23 
Dealt to Hero [7s 9c]
75287b12: raises $4 to $6
b719f23: folds
Hero: folds
b7a174cf: calls $6
c1342d8: folds
74c7294f: folds
fb694f0a: folds
*** FLOP *** [9h Qh 9d]
75287b12: checks
b7a174cf: bets $7.5
75287b12: calls $7.5
*** TURN *** [9h Qh 9d] [Ts]
75287b12: checks
b7a174cf: checks
*** RIVER *** [9h Qh 9d Ts] [5h]
75287b12: checks
b7a174cf: checks
b7a174cf: shows [Qs 8s]
75287b12: shows [Kd Ac]
74c7294f: shows [9s]
*** SHOWDOWN ***
b7a174cf collected $30 from pot
*** SUMMARY ***
Total pot $30
Board [9h Qh 9d Ts 5h]
Seat 3: b7a174cf showed [Qs 8s] and won ($30) with Pair of Queens and Pair of Nines
Seat 5: 74c7294f(small blind) folded before Flop
Seat 6: fb694f0a(big blind) folded before Flop
Seat 7: 75287b12 showed [Kd Ac] and lost with Pair of Nines
Seat 4: c1342d8 folded before Flop (didn't bet)
Seat 1: b719f23 folded before Flop (didn't bet)
Seat 2: Hero folded before Flop (didn't bet)



Poker Hand #ring_831648907: NLH No Limit ($1/$2) - 2025/04/19 17:50:05
Table 'MR NLH 1/2' 7-max Seat #3 is the button
Seat 3: b7a174cf ($400.63 in chips)
Seat 5: 74c7294f ($116.17 in chips)
Seat 6: fb694f0a ($487.5 in chips)
Seat 7: 75287b12 ($584.34 in chips)
Seat 4: c1342d8 ($147.49 in chips)
Seat 1: b719f23 ($94.32 in chips)
Seat 2: Hero ($135.92 in chips)
c1342d8: posts small blind $1
74c7294f: posts big blind $2
*** HOLE CARDS ***
Dealt to b7a174cf 
Dealt to 74c7294f 
Dealt to fb694f0a 
Dealt to 75287b12 
Dealt to c1342d8 
Dealt to b719f23 
Dealt to Hero [Tc 8d]
fb694f0a: folds
75287b12: raises $4 to $6
b719f23: calls $6
Hero: folds
b7a174cf: folds
c1342d8: folds
74c7294f: calls $4
*** FLOP *** [Jd 5d 5s]
74c7294f: checks
75287b12: bets $6.46
b719f23: raises $10.53 to $16.99
74c7294f: folds
75287b12: calls $10.53
*** TURN *** [Jd 5d 5s] [3s]
75287b12: checks
b719f23: bets $26.49
75287b12: folds
Uncalled bet ($26.49) returned to b719f23
*** SHOWDOWN ***
b719f23 collected $52.98 from pot
*** SUMMARY ***
Total pot $52.98
Board [Jd 5d 5s 3s]
Seat 3: b7a174cf folded before Flop (didn't bet)
Seat 5: 74c7294f(big blind) folded on the Flop
Seat 6: fb694f0a folded before Flop (didn't bet)
Seat 7: 75287b12 folded on the Turn
Seat 4: c1342d8(small blind) folded before Flop
Seat 1: b719f23won ($52.98) with Pair of Fives
Seat 2: Hero folded before Flop (didn't bet)



Poker Hand #ring_831647736: NLH No Limit ($1/$2) - 2025/04/19 17:49:02
Table 'MR NLH 1/2' 7-max Seat #2 is the button
Seat 3: b7a174cf ($349.17 in chips)
Seat 5: 74c7294f ($116.17 in chips)
Seat 6: fb694f0a ($487.5 in chips)
Seat 7: 75287b12 ($584.34 in chips)
Seat 4: c1342d8 ($149.49 in chips)
Seat 1: b719f23 ($94.32 in chips)
Seat 2: Hero ($190.92 in chips)
b7a174cf: posts small blind $1
c1342d8: posts big blind $2
*** HOLE CARDS ***
Dealt to b7a174cf 
Dealt to 74c7294f 
Dealt to fb694f0a 
Dealt to 75287b12 
Dealt to c1342d8 
Dealt to b719f23 
Dealt to Hero [As Ks]
74c7294f: folds
fb694f0a: folds
75287b12: folds
b719f23: folds
Hero: raises $4 to $6
b7a174cf: calls $5
c1342d8: folds
*** FLOP *** [Ts 5c 7c]
b7a174cf: checks
Hero: bets $7
b7a174cf: calls $7
*** TURN *** [Ts 5c 7c] [4h]
b7a174cf: checks
Hero: bets $42
b7a174cf: calls $42
*** RIVER *** [Ts 5c 7c 4h] [8c]
b7a174cf: checks
Hero: checks
Hero: shows [As Ks]
b7a174cf: shows [Td Kc]
*** SHOWDOWN ***
b7a174cf collected $112 from pot
*** SUMMARY ***
Total pot $112
Board [Ts 5c 7c 4h 8c]
Seat 3: b7a174cf(small blind) showed [Td Kc] and won ($112) with Pair of Tens
Seat 5: 74c7294f folded before Flop (didn't bet)
Seat 6: fb694f0a folded before Flop (didn't bet)
Seat 7: 75287b12 folded before Flop (didn't bet)
Seat 4: c1342d8(big blind) folded before Flop
Seat 1: b719f23 folded before Flop (didn't bet)
Seat 2: Hero showed [As Ks] and lost with Ace-High



Poker Hand #ring_831646563: NLH No Limit ($1/$2) - 2025/04/19 17:47:57
Table 'MR NLH 1/2' 7-max Seat #1 is the button
Seat 3: b7a174cf ($351.17 in chips)
Seat 5: 74c7294f ($79.29 in chips)
Seat 6: fb694f0a ($487.5 in chips)
Seat 7: 75287b12 ($584.34 in chips)
Seat 4: c1342d8 ($149.49 in chips)
Seat 1: b719f23 ($132.24 in chips)
Seat 2: Hero ($191.92 in chips)
Hero: posts small blind $1
b7a174cf: posts big blind $2
*** HOLE CARDS ***
Dealt to b7a174cf 
Dealt to 74c7294f 
Dealt to fb694f0a 
Dealt to 75287b12 
Dealt to c1342d8 
Dealt to b719f23 
Dealt to Hero [9c 2c]
c1342d8: folds
74c7294f: raises $6 to $8
fb694f0a: folds
75287b12: folds
b719f23: calls $8
Hero: folds
b7a174cf: folds
*** FLOP *** [7d Js As]
74c7294f: checks
b719f23: bets $14.25
74c7294f: calls $14.25
*** TURN *** [7d Js As] [Th]
74c7294f: checks
b719f23: bets $15.67
74c7294f: calls $15.67
*** RIVER *** [7d Js As Th] [3c]
74c7294f: bets $41.37 and is all-in
b719f23: folds
Uncalled bet ($41.37) returned to 74c7294f
*** SHOWDOWN ***
74c7294f collected $78.84 from pot
*** SUMMARY ***
Total pot $78.84
Board [7d Js As Th 3c]
Seat 3: b7a174cf(big blind) folded before Flop
Seat 5: 74c7294fwon ($78.84) with Pair of Tens
Seat 6: fb694f0a folded before Flop (didn't bet)
Seat 7: 75287b12 folded before Flop (didn't bet)
Seat 4: c1342d8 folded before Flop (didn't bet)
Seat 1: b719f23 folded on the River
Seat 2: Hero(small blind) folded before Flop



Poker Hand #ring_831645857: NLH No Limit ($1/$2) - 2025/04/19 17:47:20
Table 'MR NLH 1/2' 7-max Seat #7 is the button
Seat 3: b7a174cf ($328.06 in chips)
Seat 5: 74c7294f ($85.29 in chips)
Seat 6: fb694f0a ($487.5 in chips)
Seat 7: 75287b12 ($600.84 in chips)
Seat 4: c1342d8 ($149.49 in chips)
Seat 1: b719f23 ($133.24 in chips)
Seat 2: Hero ($193.92 in chips)
b719f23: posts small blind $1
Hero: posts big blind $2
*** HOLE CARDS ***
Dealt to b7a174cf 
Dealt to 74c7294f 
Dealt to fb694f0a 
Dealt to 75287b12 
Dealt to c1342d8 
Dealt to b719f23 
Dealt to Hero [5h Qd]
b7a174cf: raises $4 to $6
c1342d8: folds
74c7294f: calls $6
fb694f0a: folds
75287b12: calls $6
b719f23: folds
Hero: folds
*** FLOP *** [7c Js 9h]
b7a174cf: bets $10.5
74c7294f: folds
75287b12: calls $10.5
*** TURN *** [7c Js 9h] [Ah]
b7a174cf: bets $21
75287b12: folds
Uncalled bet ($21) returned to b7a174cf
*** SHOWDOWN ***
b7a174cf collected $42 from pot
*** SUMMARY ***
Total pot $42
Board [7c Js 9h Ah]
Seat 3: b7a174cfwon ($42) with Pair of Jacks
Seat 5: 74c7294f folded on the Flop
Seat 6: fb694f0a folded before Flop (didn't bet)
Seat 7: 75287b12 folded on the Turn
Seat 4: c1342d8 folded before Flop (didn't bet)
Seat 1: b719f23(small blind) folded before Flop
Seat 2: Hero(big blind) folded before Flop



Poker Hand #ring_831645461: NLH No Limit ($1/$2) - 2025/04/19 17:46:59
Table 'MR NLH 1/2' 7-max Seat #6 is the button
Seat 3: b7a174cf ($328.06 in chips)
Seat 5: 74c7294f ($85.29 in chips)
Seat 6: fb694f0a ($487.5 in chips)
Seat 7: 75287b12 ($598.84 in chips)
Seat 4: c1342d8 ($149.49 in chips)
Seat 1: b719f23 ($135.24 in chips)
Seat 2: Hero ($193.92 in chips)
75287b12: posts small blind $1
b719f23: posts big blind $2
*** HOLE CARDS ***
Dealt to b7a174cf 
Dealt to 74c7294f 
Dealt to fb694f0a 
Dealt to 75287b12 
Dealt to c1342d8 
Dealt to b719f23 
Dealt to Hero [Td Kh]
Hero: folds
b7a174cf: folds
c1342d8: folds
74c7294f: folds
fb694f0a: folds
75287b12: raises $4 to $6
b719f23: folds
Uncalled bet ($4) returned to 75287b12
*** SHOWDOWN ***
75287b12 collected $4 from pot
*** SUMMARY ***
Total pot $4
Seat 3: b7a174cf folded before Flop (didn't bet)
Seat 5: 74c7294f folded before Flop (didn't bet)
Seat 6: fb694f0a folded before Flop (didn't bet)
Seat 7: 75287b12(small blind)won ($4)
Seat 4: c1342d8 folded before Flop (didn't bet)
Seat 1: b719f23(big blind) folded before Flop
Seat 2: Hero folded before Flop (didn't bet)



Poker Hand #ring_831644530: NLH No Limit ($1/$2) - 2025/04/19 17:46:09
Table 'MR NLH 1/2' 7-max Seat #5 is the button
Seat 3: b7a174cf ($342.06 in chips)
Seat 5: 74c7294f ($131.85 in chips)
Seat 6: fb694f0a ($489.5 in chips)
Seat 7: 75287b12 ($541.69 in chips)
Seat 4: c1342d8 ($149.49 in chips)
Seat 1: b719f23 ($135.24 in chips)
Seat 2: Hero ($193.92 in chips)
fb694f0a: posts small blind $1
75287b12: posts big blind $2
*** HOLE CARDS ***
Dealt to b7a174cf 
Dealt to 74c7294f 
Dealt to fb694f0a 
Dealt to 75287b12 
Dealt to c1342d8 
Dealt to b719f23 
Dealt to Hero [4d Kh]
b719f23: folds
Hero: folds
b7a174cf: calls $2
c1342d8: folds
74c7294f: calls $2
fb694f0a: calls $1
75287b12: raises $12 to $14
b7a174cf: calls $12
74c7294f: calls $12
fb694f0a: folds
*** FLOP *** [Jc 8h Kd]
75287b12: bets $32.56
b7a174cf: folds
74c7294f: calls $32.56
*** TURN *** [Jc 8h Kd] [5d]
75287b12: bets $109.12
74c7294f: folds
Uncalled bet ($109.12) returned to 75287b12
*** SHOWDOWN ***
75287b12 collected $109.12 from pot
*** SUMMARY ***
Total pot $109.12
Board [Jc 8h Kd 5d]
Seat 3: b7a174cf folded on the Flop
Seat 5: 74c7294f folded on the Turn
Seat 6: fb694f0a(small blind) folded before Flop
Seat 7: 75287b12(big blind)won ($109.12) with Pair of Kings
Seat 4: c1342d8 folded before Flop (didn't bet)
Seat 1: b719f23 folded before Flop (didn't bet)
Seat 2: Hero folded before Flop (didn't bet)



Poker Hand #ring_831643513: NLH No Limit ($1/$2) - 2025/04/19 17:45:12
Table 'MR NLH 1/2' 7-max Seat #4 is the button
Seat 3: b7a174cf ($348.06 in chips)
Seat 5: 74c7294f ($83.03 in chips)
Seat 6: fb694f0a ($491.5 in chips)
Seat 7: 75287b12 ($541.69 in chips)
Seat 4: c1342d8 ($149.49 in chips)
Seat 1: b719f23 ($181.04 in chips)
Seat 2: Hero ($193.92 in chips)
74c7294f: posts small blind $1
fb694f0a: posts big blind $2
*** HOLE CARDS ***
Dealt to b7a174cf 
Dealt to 74c7294f 
Dealt to fb694f0a 
Dealt to 75287b12 
Dealt to c1342d8 
Dealt to b719f23 
Dealt to Hero [2d 4c]
75287b12: folds
b719f23: raises $4 to $6
Hero: folds
b7a174cf: calls $6
c1342d8: folds
74c7294f: calls $5
fb694f0a: folds
*** FLOP *** [Qc Jh 8h]
74c7294f: checks
b719f23: checks
b7a174cf: checks
*** TURN *** [Qc Jh 8h] [7d]
74c7294f: bets $6.6
b719f23: calls $6.6
b7a174cf: folds
*** RIVER *** [Qc Jh 8h 7d] [8c]
74c7294f: bets $33.2
b719f23: calls $33.2
b719f23: shows [Jc Qs]
74c7294f: shows [Ts 9d]
*** SHOWDOWN ***
74c7294f collected $99.6 from pot
*** SUMMARY ***
Total pot $99.6
Board [Qc Jh 8h 7d 8c]
Seat 3: b7a174cf folded on the Turn
Seat 5: 74c7294f(small blind) showed [Ts 9d] and won ($99.6) with Queens-High Straight
Seat 6: fb694f0a(big blind) folded before Flop
Seat 7: 75287b12 folded before Flop (didn't bet)
Seat 4: c1342d8 folded before Flop (didn't bet)
Seat 1: b719f23 showed [Jc Qs] and lost with Pair of Queens and Pair of Jacks
Seat 2: Hero folded before Flop (didn't bet)



Poker Hand #ring_831642420: NLH No Limit ($1/$2) - 2025/04/19 17:44:12
Table 'MR NLH 1/2' 7-max Seat #3 is the button
Seat 3: b7a174cf ($354.06 in chips)
Seat 5: 74c7294f ($103.28 in chips)
Seat 6: fb694f0a ($491.5 in chips)
Seat 7: 75287b12 ($541.69 in chips)
Seat 4: c1342d8 ($150.49 in chips)
Seat 1: b719f23 ($156.42 in chips)
Seat 2: Hero ($193.92 in chips)
c1342d8: posts small blind $1
74c7294f: posts big blind $2
*** HOLE CARDS ***
Dealt to b7a174cf 
Dealt to 74c7294f 
Dealt to fb694f0a 
Dealt to 75287b12 
Dealt to c1342d8 
Dealt to b719f23 
Dealt to Hero [5h 7c]
fb694f0a: folds
75287b12: folds
b719f23: raises $4 to $6
Hero: folds
b7a174cf: calls $6
c1342d8: folds
74c7294f: calls $4
*** FLOP *** [Js Jc 7d]
74c7294f: bets $14.25
b719f23: calls $14.25
b7a174cf: folds
*** TURN *** [Js Jc 7d] [Ad]
74c7294f: checks
b719f23: checks
*** RIVER *** [Js Jc 7d Ad] [Ah]
74c7294f: checks
b719f23: bets $15.67
74c7294f: folds
Uncalled bet ($15.67) returned to b719f23
*** SHOWDOWN ***
b719f23 collected $47.5 from pot
*** SUMMARY ***
Total pot $47.5
Board [Js Jc 7d Ad Ah]
Seat 3: b7a174cf folded on the Flop
Seat 5: 74c7294f(big blind) folded on the River
Seat 6: fb694f0a folded before Flop (didn't bet)
Seat 7: 75287b12 folded before Flop (didn't bet)
Seat 4: c1342d8(small blind) folded before Flop
Seat 1: b719f23won ($47.5) with Jacks Full over Aces
Seat 2: Hero folded before Flop (didn't bet)



Poker Hand #ring_831641827: NLH No Limit ($1/$2) - 2025/04/19 17:43:40
Table 'MR NLH 1/2' 7-max Seat #2 is the button
Seat 3: b7a174cf ($355.06 in chips)
Seat 5: 74c7294f ($100.28 in chips)
Seat 6: fb694f0a ($491.5 in chips)
Seat 7: 75287b12 ($541.69 in chips)
Seat 4: c1342d8 ($152.49 in chips)
Seat 1: b719f23 ($156.42 in chips)
Seat 2: Hero ($193.92 in chips)
b7a174cf: posts small blind $1
c1342d8: posts big blind $2
*** HOLE CARDS ***
Dealt to b7a174cf 
Dealt to 74c7294f 
Dealt to fb694f0a 
Dealt to 75287b12 
Dealt to c1342d8 
Dealt to b719f23 
Dealt to Hero [Js 4c]
74c7294f: raises $6 to $8
fb694f0a: folds
75287b12: folds
b719f23: folds
Hero: folds
b7a174cf: folds
c1342d8: folds
Uncalled bet ($6) returned to 74c7294f
*** SHOWDOWN ***
74c7294f collected $5 from pot
*** SUMMARY ***
Total pot $5
Seat 3: b7a174cf(small blind) folded before Flop
Seat 5: 74c7294fwon ($5)
Seat 6: fb694f0a folded before Flop (didn't bet)
Seat 7: 75287b12 folded before Flop (didn't bet)
Seat 4: c1342d8(big blind) folded before Flop
Seat 1: b719f23 folded before Flop (didn't bet)
Seat 2: Hero folded before Flop (didn't bet)



Poker Hand #ring_831641221: NLH No Limit ($1/$2) - 2025/04/19 17:43:06
Table 'MR NLH 1/2' 7-max Seat #1 is the button
Seat 3: b7a174cf ($361.06 in chips)
Seat 5: 74c7294f ($100.28 in chips)
Seat 6: fb694f0a ($491.5 in chips)
Seat 7: 75287b12 ($541.69 in chips)
Seat 4: c1342d8 ($152.49 in chips)
Seat 1: b719f23 ($150 in chips)
Seat 2: Hero ($194.92 in chips)
Hero: posts small blind $1
b7a174cf: posts big blind $2
b719f23: posts big blind $2
*** HOLE CARDS ***
Dealt to b7a174cf 
Dealt to 74c7294f 
Dealt to fb694f0a 
Dealt to 75287b12 
Dealt to c1342d8 
Dealt to b719f23 
Dealt to Hero [2h Jc]
c1342d8: folds
74c7294f: folds
fb694f0a: folds
75287b12: folds
b719f23: raises $4 to $6
Hero: folds
b7a174cf: calls $4
*** FLOP *** [7h 3s Kh]
b7a174cf: checks
b719f23: checks
*** TURN *** [7h 3s Kh] [Qd]
b7a174cf: checks
b719f23: bets $4.29
b7a174cf: folds
Uncalled bet ($4.29) returned to b719f23
*** SHOWDOWN ***
b719f23 collected $13 from pot
*** SUMMARY ***
Total pot $13
Board [7h 3s Kh Qd]
Seat 3: b7a174cf(big blind) folded on the Turn
Seat 5: 74c7294f folded before Flop (didn't bet)
Seat 6: fb694f0a folded before Flop (didn't bet)
Seat 7: 75287b12 folded before Flop (didn't bet)
Seat 4: c1342d8 folded before Flop (didn't bet)
Seat 1: b719f23won ($13) with Pair of Queens
Seat 2: Hero(small blind) folded before Flop



Poker Hand #ring_831640666: NLH No Limit ($1/$2) - 2025/04/19 17:42:35
Table 'MR NLH 1/2' 7-max Seat #7 is the button
Seat 3: b7a174cf ($361.06 in chips)
Seat 5: 74c7294f ($93 in chips)
Seat 6: fb694f0a ($491.5 in chips)
Seat 7: 75287b12 ($541.69 in chips)
Seat 4: c1342d8 ($152.49 in chips)
Seat 2: Hero ($202.92 in chips)
Hero: posts big blind $2
*** HOLE CARDS ***
Dealt to b7a174cf 
Dealt to 74c7294f 
Dealt to fb694f0a 
Dealt to 75287b12 
Dealt to c1342d8 
Dealt to Hero [5s 8s]
b7a174cf: folds
c1342d8: folds
74c7294f: raises $6 to $8
fb694f0a: folds
75287b12: folds
Hero: calls $6
*** FLOP *** [Jd Jc Tc]
Hero: checks
74c7294f: bets $8
Hero: folds
Uncalled bet ($8) returned to 74c7294f
*** SHOWDOWN ***
74c7294f collected $16 from pot
*** SUMMARY ***
Total pot $16
Board [Jd Jc Tc]
Seat 3: b7a174cf folded before Flop (didn't bet)
Seat 5: 74c7294fwon ($16) with Pair of Jacks
Seat 6: fb694f0a folded before Flop (didn't bet)
Seat 7: 75287b12 folded before Flop (didn't bet)
Seat 4: c1342d8 folded before Flop (didn't bet)
Seat 2: Hero(big blind) folded on the Flop



Poker Hand #ring_831640207: NLH No Limit ($1/$2) - 2025/04/19 17:42:10
Table 'MR NLH 1/2' 7-max Seat #6 is the button
Seat 3: b7a174cf ($358.06 in chips)
Seat 5: 74c7294f ($93 in chips)
Seat 6: fb694f0a ($491.5 in chips)
Seat 7: 75287b12 ($542.69 in chips)
Seat 4: c1342d8 ($152.49 in chips)
Seat 1: d45712cc ($83.53 in chips)
Seat 2: Hero ($202.92 in chips)
75287b12: posts small blind $1
d45712cc: posts big blind $2
*** HOLE CARDS ***
Dealt to b7a174cf 
Dealt to 74c7294f 
Dealt to fb694f0a 
Dealt to 75287b12 
Dealt to c1342d8 
Dealt to d45712cc 
Dealt to Hero [3d 2c]
Hero: folds
b7a174cf: raises $4 to $6
c1342d8: folds
74c7294f: folds
fb694f0a: folds
75287b12: folds
d45712cc: folds
Uncalled bet ($4) returned to b7a174cf
d45712cc: shows [5h Qc]
*** SHOWDOWN ***
b7a174cf collected $5 from pot
*** SUMMARY ***
Total pot $5
Seat 3: b7a174cfwon ($5)
Seat 5: 74c7294f folded before Flop (didn't bet)
Seat 6: fb694f0a folded before Flop (didn't bet)
Seat 7: 75287b12(small blind) folded before Flop
Seat 4: c1342d8 folded before Flop (didn't bet)
Seat 1: d45712cc(big blind) folded before Flop
Seat 2: Hero folded before Flop (didn't bet)



Poker Hand #ring_831639286: NLH No Limit ($1/$2) - 2025/04/19 17:41:20
Table 'MR NLH 1/2' 7-max Seat #5 is the button
Seat 3: b7a174cf ($358.06 in chips)
Seat 5: 74c7294f ($46.95 in chips)
Seat 6: fb694f0a ($493.5 in chips)
Seat 7: 75287b12 ($544.69 in chips)
Seat 4: c1342d8 ($152.49 in chips)
Seat 1: d45712cc ($130.48 in chips)
Seat 2: Hero ($202.92 in chips)
fb694f0a: posts small blind $1
75287b12: posts big blind $2
*** HOLE CARDS ***
Dealt to b7a174cf 
Dealt to 74c7294f 
Dealt to fb694f0a 
Dealt to 75287b12 
Dealt to c1342d8 
Dealt to d45712cc 
Dealt to Hero [2d Jc]
d45712cc: calls $2
Hero: folds
b7a174cf: folds
c1342d8: folds
74c7294f: calls $2
fb694f0a: calls $1
75287b12: checks
*** FLOP *** [4s 6s Jh]
fb694f0a: checks
75287b12: checks
d45712cc: bets $8
74c7294f: calls $8
fb694f0a: folds
75287b12: folds
*** TURN *** [4s 6s Jh] [Kd]
d45712cc: bets $7.92
74c7294f: calls $7.92
*** RIVER *** [4s 6s Jh Kd] [As]
d45712cc: bets $39.84
74c7294f: calls $29.03 and is all-in
Uncalled bet ($10.81) returned to d45712cc
d45712cc: shows [Qd Jd]
74c7294f: shows [6c Kc]
*** SHOWDOWN ***
74c7294f collected $97.9 from pot
*** SUMMARY ***
Total pot $97.9
Board [4s 6s Jh Kd As]
Seat 3: b7a174cf folded before Flop (didn't bet)
Seat 5: 74c7294f showed [6c Kc] and won ($97.9) with Pair of Kings and Pair of Sixes
Seat 6: fb694f0a(small blind) folded on the Flop
Seat 7: 75287b12(big blind) folded on the Flop
Seat 4: c1342d8 folded before Flop (didn't bet)
Seat 1: d45712cc showed [Qd Jd] and lost with Pair of Jacks
Seat 2: Hero folded before Flop (didn't bet)



Poker Hand #ring_831638273: NLH No Limit ($1/$2) - 2025/04/19 17:40:23
Table 'MR NLH 1/2' 7-max Seat #4 is the button
Seat 3: b7a174cf ($360.06 in chips)
Seat 5: 74c7294f ($47.95 in chips)
Seat 6: fb694f0a ($495.5 in chips)
Seat 7: 75287b12 ($544.69 in chips)
Seat 4: c1342d8 ($120 in chips)
Seat 1: d45712cc ($161.48 in chips)
Seat 2: Hero ($202.92 in chips)
74c7294f: posts small blind $1
fb694f0a: posts big blind $2
*** HOLE CARDS ***
Dealt to b7a174cf 
Dealt to 74c7294f 
Dealt to fb694f0a 
Dealt to 75287b12 
Dealt to c1342d8 
Dealt to d45712cc 
Dealt to Hero [7h 2s]
75287b12: folds
d45712cc: calls $2
Hero: folds
b7a174cf: calls $2
c1342d8: raises $11 to $13
74c7294f: folds
fb694f0a: folds
d45712cc: calls $11
b7a174cf: folds
*** FLOP *** [5s Ah Qc]
d45712cc: checks
c1342d8: checks
*** TURN *** [5s Ah Qc] [Jh]
d45712cc: checks
c1342d8: bets $18
d45712cc: calls $18
*** RIVER *** [5s Ah Qc Jh] [2d]
d45712cc: checks
c1342d8: checks
d45712cc: shows [9d Ts]
c1342d8: shows [Kc Qh]
*** SHOWDOWN ***
c1342d8 collected $67 from pot
*** SUMMARY ***
Total pot $67
Board [5s Ah Qc Jh 2d]
Seat 3: b7a174cf folded before Flop
Seat 5: 74c7294f(small blind) folded before Flop
Seat 6: fb694f0a(big blind) folded before Flop
Seat 7: 75287b12 folded before Flop (didn't bet)
Seat 4: c1342d8 showed [Kc Qh] and won ($67) with Pair of Queens
Seat 1: d45712cc showed [9d Ts] and lost with Ace-High
Seat 2: Hero folded before Flop (didn't bet)



Poker Hand #ring_831637449: NLH No Limit ($1/$2) - 2025/04/19 17:39:36
Table 'MR NLH 1/2' 7-max Seat #3 is the button
Seat 3: b7a174cf ($338.67 in chips)
Seat 5: 74c7294f ($49.95 in chips)
Seat 6: fb694f0a ($495.5 in chips)
Seat 7: 75287b12 ($544.69 in chips)
Seat 4: c1342d8 ($122 in chips)
Seat 1: d45712cc ($179.23 in chips)
Seat 2: Hero ($204.92 in chips)
c1342d8: posts small blind $1
74c7294f: posts big blind $2
*** HOLE CARDS ***
Dealt to b7a174cf 
Dealt to 74c7294f 
Dealt to fb694f0a 
Dealt to 75287b12 
Dealt to c1342d8 
Dealt to d45712cc 
Dealt to Hero [8h Qh]
fb694f0a: folds
75287b12: folds
d45712cc: calls $2
Hero: calls $2
b7a174cf: calls $2
c1342d8: calls $1
74c7294f: checks
*** FLOP *** [Ts 3s 3c]
c1342d8: checks
74c7294f: checks
d45712cc: bets $7.5
Hero: folds
b7a174cf: calls $7.5
c1342d8: folds
74c7294f: folds
*** TURN *** [Ts 3s 3c] [7d]
d45712cc: checks
b7a174cf: checks
*** RIVER *** [Ts 3s 3c 7d] [4c]
d45712cc: bets $8.25
b7a174cf: raises $41.5 to $49.75
d45712cc: folds
Uncalled bet ($41.5) returned to b7a174cf
*** SHOWDOWN ***
b7a174cf collected $41.5 from pot
*** SUMMARY ***
Total pot $41.5
Board [Ts 3s 3c 7d 4c]
Seat 3: b7a174cfwon ($41.5) with Fours Full over Treys
Seat 5: 74c7294f(big blind) folded on the Flop
Seat 6: fb694f0a folded before Flop (didn't bet)
Seat 7: 75287b12 folded before Flop (didn't bet)
Seat 4: c1342d8(small blind) folded on the Flop
Seat 1: d45712cc folded on the River
Seat 2: Hero folded on the Flop



Poker Hand #ring_831636791: NLH No Limit ($1/$2) - 2025/04/19 17:38:59
Table 'MR NLH 1/2' 7-max Seat #2 is the button
Seat 3: b7a174cf ($286.98 in chips)
Seat 5: 74c7294f ($105.2 in chips)
Seat 6: fb694f0a ($495.5 in chips)
Seat 7: 75287b12 ($544.69 in chips)
Seat 4: c1342d8 ($124 in chips)
Seat 1: d45712cc ($179.23 in chips)
Seat 2: Hero ($204.92 in chips)
b7a174cf: posts small blind $1
c1342d8: posts big blind $2
*** HOLE CARDS ***
Dealt to b7a174cf 
Dealt to 74c7294f 
Dealt to fb694f0a 
Dealt to 75287b12 
Dealt to c1342d8 
Dealt to d45712cc 
Dealt to Hero [4s 3d]
74c7294f: raises $6 to $8
fb694f0a: folds
75287b12: folds
d45712cc: folds
Hero: folds
b7a174cf: raises $13.5 to $21.5
c1342d8: folds
74c7294f: calls $13.5
*** FLOP *** [5c Qs 7s]
b7a174cf: bets $33.75
74c7294f: calls $33.75
*** TURN *** [5c Qs 7s] [2h]
b7a174cf: bets $231.73 and is all-in
74c7294f: folds
Uncalled bet ($231.73) returned to b7a174cf
*** SHOWDOWN ***
b7a174cf collected $112.5 from pot
*** SUMMARY ***
Total pot $112.5
Board [5c Qs 7s 2h]
Seat 3: b7a174cf(small blind)won ($112.5) with Pair of Queens
Seat 5: 74c7294f folded on the Turn
Seat 6: fb694f0a folded before Flop (didn't bet)
Seat 7: 75287b12 folded before Flop (didn't bet)
Seat 4: c1342d8(big blind) folded before Flop
Seat 1: d45712cc folded before Flop (didn't bet)
Seat 2: Hero folded before Flop (didn't bet)



Poker Hand #ring_831636089: NLH No Limit ($1/$2) - 2025/04/19 17:38:19
Table 'MR NLH 1/2' 7-max Seat #1 is the button
Seat 3: b7a174cf ($326.46 in chips)
Seat 5: 74c7294f ($105.2 in chips)
Seat 6: fb694f0a ($495.5 in chips)
Seat 7: 75287b12 ($508.3 in chips)
Seat 1: d45712cc ($179.23 in chips)
Seat 2: Hero ($205.92 in chips)
Hero: posts small blind $1
b7a174cf: posts big blind $2
*** HOLE CARDS ***
Dealt to b7a174cf 
Dealt to 74c7294f 
Dealt to fb694f0a 
Dealt to 75287b12 
Dealt to d45712cc 
Dealt to Hero [5d Kh]
74c7294f: folds
fb694f0a: folds
75287b12: raises $4 to $6
d45712cc: folds
Hero: folds
b7a174cf: calls $4
*** FLOP *** [7s 3c Jd]
b7a174cf: checks
75287b12: bets $9.62
b7a174cf: calls $9.62
*** TURN *** [7s 3c Jd] [Ts]
b7a174cf: checks
75287b12: bets $23.86
b7a174cf: calls $23.86
*** RIVER *** [7s 3c Jd Ts] [Ac]
b7a174cf: checks
75287b12: bets $59.18
b7a174cf: folds
Uncalled bet ($59.18) returned to 75287b12
*** SHOWDOWN ***
75287b12 collected $79.96 from pot
*** SUMMARY ***
Total pot $79.96
Board [7s 3c Jd Ts Ac]
Seat 3: b7a174cf(big blind) folded on the River
Seat 5: 74c7294f folded before Flop (didn't bet)
Seat 6: fb694f0a folded before Flop (didn't bet)
Seat 7: 75287b12won ($79.96) with Pair of Aces and Pair of Jacks
Seat 1: d45712cc folded before Flop (didn't bet)
Seat 2: Hero(small blind) folded before Flop



Poker Hand #ring_831635496: NLH No Limit ($1/$2) - 2025/04/19 17:37:47
Table 'MR NLH 1/2' 7-max Seat #7 is the button
Seat 3: b7a174cf ($328.46 in chips)
Seat 5: 74c7294f ($105.2 in chips)
Seat 6: fb694f0a ($495.5 in chips)
Seat 7: 75287b12 ($503.3 in chips)
Seat 1: d45712cc ($180.23 in chips)
Seat 2: Hero ($207.92 in chips)
d45712cc: posts small blind $1
Hero: posts big blind $2
b7a174cf: posts big blind $2
*** HOLE CARDS ***
Dealt to b7a174cf 
Dealt to 74c7294f 
Dealt to fb694f0a 
Dealt to 75287b12 
Dealt to d45712cc 
Dealt to Hero [Ah 3d]
b7a174cf: checks
74c7294f: folds
fb694f0a: folds
75287b12: raises $6 to $8
d45712cc: folds
Hero: folds
b7a174cf: folds
Uncalled bet ($6) returned to 75287b12
*** SHOWDOWN ***
75287b12 collected $7 from pot
*** SUMMARY ***
Total pot $7
Seat 3: b7a174cf folded before Flop
Seat 5: 74c7294f folded before Flop (didn't bet)
Seat 6: fb694f0a folded before Flop (didn't bet)
Seat 7: 75287b12won ($7)
Seat 1: d45712cc(small blind) folded before Flop
Seat 2: Hero(big blind) folded before Flop



Poker Hand #ring_831634172: NLH No Limit ($1/$2) - 2025/04/19 17:36:33
Table 'MR NLH 1/2' 7-max Seat #6 is the button
Seat 5: 74c7294f ($110.2 in chips)
Seat 6: fb694f0a ($425.79 in chips)
Seat 7: 75287b12 ($567.86 in chips)
Seat 1: d45712cc ($182.23 in chips)
Seat 2: Hero ($212.92 in chips)
75287b12: posts small blind $1
d45712cc: posts big blind $2
*** HOLE CARDS ***
Dealt to 74c7294f 
Dealt to fb694f0a 
Dealt to 75287b12 
Dealt to d45712cc 
Dealt to Hero [9h Jh]
Hero: raises $3 to $5
74c7294f: calls $5
fb694f0a: calls $5
75287b12: raises $31 to $36
d45712cc: folds
Hero: folds
74c7294f: folds
fb694f0a: calls $31
*** FLOP *** [6h 3s 5h]
75287b12: checks
fb694f0a: checks
*** TURN *** [6h 3s 5h] [5c]
75287b12: bets $28.56
fb694f0a: calls $28.56
*** RIVER *** [6h 3s 5h 5c] [3h]
75287b12: checks
fb694f0a: checks
fb694f0a: shows [8c 6c]
75287b12: shows [Ks Ac]
*** SHOWDOWN ***
fb694f0a collected $141.12 from pot
*** SUMMARY ***
Total pot $141.12
Board [6h 3s 5h 5c 3h]
Seat 5: 74c7294f folded before Flop
Seat 6: fb694f0a showed [8c 6c] and won ($141.12) with Pair of Sixes and Pair of Fives
Seat 7: 75287b12(small blind) showed [Ks Ac] and lost with Pair of Fives and Pair of Treys
Seat 1: d45712cc(big blind) folded before Flop
Seat 2: Hero folded before Flop



Poker Hand #ring_831633492: NLH No Limit ($1/$2) - 2025/04/19 17:35:55
Table 'MR NLH 1/2' 7-max Seat #5 is the button
Seat 5: 74c7294f ($110.2 in chips)
Seat 6: fb694f0a ($427.79 in chips)
Seat 7: 75287b12 ($569.86 in chips)
Seat 1: d45712cc ($178.5 in chips)
Seat 2: Hero ($212.92 in chips)
fb694f0a: posts small blind $1
75287b12: posts big blind $2
*** HOLE CARDS ***
Dealt to 74c7294f 
Dealt to fb694f0a 
Dealt to 75287b12 
Dealt to d45712cc 
Dealt to Hero [Qs 4d]
d45712cc: calls $2
Hero: folds
74c7294f: folds
fb694f0a: calls $1
75287b12: checks
*** FLOP *** [5s 2c 2s]
fb694f0a: checks
75287b12: checks
d45712cc: bets $3
fb694f0a: folds
75287b12: folds
Uncalled bet ($3) returned to d45712cc
*** SHOWDOWN ***
d45712cc collected $6 from pot
*** SUMMARY ***
Total pot $6
Board [5s 2c 2s]
Seat 5: 74c7294f folded before Flop (didn't bet)
Seat 6: fb694f0a(small blind) folded on the Flop
Seat 7: 75287b12(big blind) folded on the Flop
Seat 1: d45712ccwon ($6) with Pair of Twos
Seat 2: Hero folded before Flop (didn't bet)



Poker Hand #ring_831632570: NLH No Limit ($1/$2) - 2025/04/19 17:35:04
Table 'MR NLH 1/2' 7-max Seat #4 is the button
Seat 5: 74c7294f ($118.2 in chips)
Seat 6: fb694f0a ($402.45 in chips)
Seat 7: 75287b12 ($569.86 in chips)
Seat 4: f0d81774 ($338.06 in chips)
Seat 1: d45712cc ($198.5 in chips)
Seat 2: Hero ($212.92 in chips)
74c7294f: posts small blind $1
fb694f0a: posts big blind $2
*** HOLE CARDS ***
Dealt to 74c7294f 
Dealt to fb694f0a 
Dealt to 75287b12 
Dealt to f0d81774 
Dealt to d45712cc 
Dealt to Hero [Jd 7c]
75287b12: folds
d45712cc: calls $2
Hero: folds
f0d81774: folds
74c7294f: calls $1
fb694f0a: raises $6 to $8
d45712cc: calls $6
74c7294f: calls $6
*** FLOP *** [9d 8c Th]
74c7294f: checks
fb694f0a: bets $12
d45712cc: calls $12
74c7294f: folds
*** TURN *** [9d 8c Th] [5h]
fb694f0a: bets $36
d45712cc: folds
Uncalled bet ($36) returned to fb694f0a
*** SHOWDOWN ***
fb694f0a collected $48 from pot
*** SUMMARY ***
Total pot $48
Board [9d 8c Th 5h]
Seat 5: 74c7294f(small blind) folded on the Flop
Seat 6: fb694f0a(big blind)won ($48) with Ace-High
Seat 7: 75287b12 folded before Flop (didn't bet)
Seat 4: f0d81774 folded before Flop (didn't bet)
Seat 1: d45712cc folded on the Turn
Seat 2: Hero folded before Flop (didn't bet)



Poker Hand #ring_831631965: NLH No Limit ($1/$2) - 2025/04/19 17:34:31
Table 'MR NLH 1/2' 7-max Seat #2 is the button
Seat 5: 74c7294f ($133.95 in chips)
Seat 6: fb694f0a ($402.45 in chips)
Seat 7: 75287b12 ($555.07 in chips)
Seat 4: f0d81774 ($339.06 in chips)
Seat 1: d45712cc ($198.5 in chips)
Seat 2: Hero ($212.92 in chips)
f0d81774: posts small blind $1
74c7294f: posts big blind $2
*** HOLE CARDS ***
Dealt to 74c7294f 
Dealt to fb694f0a 
Dealt to 75287b12 
Dealt to f0d81774 
Dealt to d45712cc 
Dealt to Hero [2s 7s]
fb694f0a: folds
75287b12: raises $4 to $6
d45712cc: folds
Hero: folds
f0d81774: folds
74c7294f: calls $4
*** FLOP *** [3d 5s Ad]
74c7294f: bets $9.75
75287b12: raises $24.05 to $33.8
74c7294f: folds
Uncalled bet ($24.05) returned to 75287b12
*** SHOWDOWN ***
75287b12 collected $32.5 from pot
*** SUMMARY ***
Total pot $32.5
Board [3d 5s Ad]
Seat 5: 74c7294f(big blind) folded on the Flop
Seat 6: fb694f0a folded before Flop (didn't bet)
Seat 7: 75287b12won ($32.5) with Pair of Aces
Seat 4: f0d81774(small blind) folded before Flop
Seat 1: d45712cc folded before Flop (didn't bet)
Seat 2: Hero folded before Flop (didn't bet)



Poker Hand #ring_831630737: NLH No Limit ($1/$2) - 2025/04/19 17:33:20
Table 'MR NLH 1/2' 7-max Seat #1 is the button
Seat 5: 74c7294f ($133.95 in chips)
Seat 6: fb694f0a ($402.45 in chips)
Seat 7: 75287b12 ($595.11 in chips)
Seat 4: f0d81774 ($345.06 in chips)
Seat 1: d45712cc ($198.5 in chips)
Seat 2: Hero ($171.25 in chips)
Hero: posts small blind $1
f0d81774: posts big blind $2
*** HOLE CARDS ***
Dealt to 74c7294f 
Dealt to fb694f0a 
Dealt to 75287b12 
Dealt to f0d81774 
Dealt to d45712cc 
Dealt to Hero [9d Ad]
74c7294f: folds
fb694f0a: folds
75287b12: raises $4 to $6
d45712cc: folds
Hero: calls $5
f0d81774: calls $4
*** FLOP *** [As 2d Td]
Hero: bets $9
f0d81774: folds
75287b12: calls $9
*** TURN *** [As 2d Td] [Qd]
Hero: bets $25.04
75287b12: calls $25.04
*** RIVER *** [As 2d Td Qd] [Kc]
Hero: bets $64.56
75287b12: folds
Uncalled bet ($64.56) returned to Hero
*** SHOWDOWN ***
Hero collected $86.08 from pot
*** SUMMARY ***
Total pot $86.08
Board [As 2d Td Qd Kc]
Seat 5: 74c7294f folded before Flop (didn't bet)
Seat 6: fb694f0a folded before Flop (didn't bet)
Seat 7: 75287b12 folded on the River
Seat 4: f0d81774(big blind) folded on the Flop
Seat 1: d45712cc folded before Flop (didn't bet)
Seat 2: Hero(small blind)won ($86.08) with Ace High Flush



Poker Hand #ring_831629524: NLH No Limit ($1/$2) - 2025/04/19 17:32:12
Table 'MR NLH 1/2' 7-max Seat #7 is the button
Seat 5: 74c7294f ($133.95 in chips)
Seat 6: fb694f0a ($402.45 in chips)
Seat 3: bb170b9b ($154.54 in chips)
Seat 7: 75287b12 ($600.11 in chips)
Seat 4: f0d81774 ($350.06 in chips)
Seat 1: d45712cc ($203.5 in chips)
Seat 2: Hero ($157.65 in chips)
d45712cc: posts small blind $1
Hero: posts big blind $2
*** HOLE CARDS ***
Dealt to 74c7294f 
Dealt to fb694f0a 
Dealt to bb170b9b 
Dealt to 75287b12 
Dealt to f0d81774 
Dealt to d45712cc 
Dealt to Hero [5d 7h]
bb170b9b: folds
f0d81774: raises $3 to $5
74c7294f: folds
fb694f0a: folds
75287b12: calls $5
d45712cc: calls $4
Hero: calls $3
*** FLOP *** [8d Kd 9c]
d45712cc: checks
Hero: checks
f0d81774: checks
75287b12: checks
*** TURN *** [8d Kd 9c] [Td]
d45712cc: checks
Hero: checks
f0d81774: checks
75287b12: checks
*** RIVER *** [8d Kd 9c Td] [Ad]
d45712cc: checks
Hero: checks
f0d81774: checks
75287b12: checks
d45712cc: shows [Qc 3s]
Hero: shows [5d 7h]
f0d81774: shows [2s As]
75287b12: shows [5h Ah]
*** SHOWDOWN ***
Hero collected $20 from pot
*** SUMMARY ***
Total pot $20
Board [8d Kd 9c Td Ad]
Seat 5: 74c7294f folded before Flop (didn't bet)
Seat 6: fb694f0a folded before Flop (didn't bet)
Seat 3: bb170b9b folded before Flop (didn't bet)
Seat 7: 75287b12 showed [5h Ah] and lost with Pair of Aces
Seat 4: f0d81774 showed [2s As] and lost with Pair of Aces
Seat 1: d45712cc(small blind) showed [Qc 3s] and lost with Ace-High
Seat 2: Hero(big blind) showed [5d 7h] and won ($20) with Ace High Flush



Poker Hand #ring_831623814: NLH No Limit ($1/$2) - 2025/04/19 17:26:50
Table 'MR NLH 1/2' 7-max Seat #6 is the button
Seat 5: 74c7294f ($146.13 in chips)
Seat 6: fb694f0a ($413.45 in chips)
Seat 3: bb170b9b ($197.04 in chips)
Seat 7: 75287b12 ($507.06 in chips)
Seat 4: f0d81774 ($323.32 in chips)
Seat 1: d45712cc ($273.1 in chips)
Seat 2: Hero ($157.65 in chips)
75287b12: posts small blind $1
d45712cc: posts big blind $2
*** HOLE CARDS ***
Dealt to 74c7294f 
Dealt to fb694f0a 
Dealt to bb170b9b 
Dealt to 75287b12 
Dealt to f0d81774 
Dealt to d45712cc 
Dealt to Hero [6h 7s]
Hero: folds
bb170b9b: folds
f0d81774: raises $3 to $5
74c7294f: folds
fb694f0a: folds
75287b12: folds
d45712cc: calls $3
*** FLOP *** [Qc As Ks]
d45712cc: checks
f0d81774: checks
*** TURN *** [Qc As Ks] [Jc]
d45712cc: checks
f0d81774: bets $3.63
d45712cc: folds
Uncalled bet ($3.63) returned to f0d81774
*** SHOWDOWN ***
f0d81774 collected $11 from pot
*** SUMMARY ***
Total pot $11
Board [Qc As Ks Jc]
Seat 5: 74c7294f folded before Flop (didn't bet)
Seat 6: fb694f0a folded before Flop (didn't bet)
Seat 3: bb170b9b folded before Flop (didn't bet)
Seat 7: 75287b12(small blind) folded before Flop
Seat 4: f0d81774won ($11) with Three Aces
Seat 1: d45712cc(big blind) folded on the Turn
Seat 2: Hero folded before Flop (didn't bet)



Poker Hand #ring_831622766: NLH No Limit ($1/$2) - 2025/04/19 17:25:50
Table 'MR NLH 1/2' 7-max Seat #5 is the button
Seat 5: 74c7294f ($176.18 in chips)
Seat 6: fb694f0a ($415.45 in chips)
Seat 3: bb170b9b ($197.04 in chips)
Seat 7: 75287b12 ($478.3 in chips)
Seat 4: f0d81774 ($323.32 in chips)
Seat 1: d45712cc ($273.1 in chips)
Seat 2: Hero ($157.65 in chips)
fb694f0a: posts small blind $1
75287b12: posts big blind $2
*** HOLE CARDS ***
Dealt to 74c7294f 
Dealt to fb694f0a 
Dealt to bb170b9b 
Dealt to 75287b12 
Dealt to f0d81774 
Dealt to d45712cc 
Dealt to Hero [Tc Qd]
d45712cc: folds
Hero: folds
bb170b9b: folds
f0d81774: folds
74c7294f: calls $2
fb694f0a: calls $1
75287b12: raises $8 to $10
74c7294f: calls $8
fb694f0a: folds
*** FLOP *** [As 7h Qs]
75287b12: bets $7.48
74c7294f: calls $7.48
*** TURN *** [As 7h Qs] [9s]
75287b12: bets $12.57
74c7294f: calls $12.57
*** RIVER *** [As 7h Qs 9s] [5s]
75287b12: bets $45.96
74c7294f: folds
Uncalled bet ($45.96) returned to 75287b12
bb170b9b: shows [8s]
*** SHOWDOWN ***
75287b12 collected $62.1 from pot
*** SUMMARY ***
Total pot $62.1
Board [As 7h Qs 9s 5s]
Seat 5: 74c7294f folded on the River
Seat 6: fb694f0a(small blind) folded before Flop
Seat 3: bb170b9b folded before Flop (didn't bet)
Seat 7: 75287b12(big blind)won ($62.1) with Ace High Flush
Seat 4: f0d81774 folded before Flop (didn't bet)
Seat 1: d45712cc folded before Flop (didn't bet)
Seat 2: Hero folded before Flop (didn't bet)



Poker Hand #ring_831621412: NLH No Limit ($1/$2) - 2025/04/19 17:24:31
Table 'MR NLH 1/2' 7-max Seat #4 is the button
Seat 5: 74c7294f ($177.18 in chips)
Seat 6: fb694f0a ($417.45 in chips)
Seat 3: bb170b9b ($213.54 in chips)
Seat 7: 75287b12 ($428.91 in chips)
Seat 4: f0d81774 ($323.32 in chips)
Seat 1: d45712cc ($273.1 in chips)
Seat 2: Hero ($192 in chips)
74c7294f: posts small blind $1
fb694f0a: posts big blind $2
*** HOLE CARDS ***
Dealt to 74c7294f 
Dealt to fb694f0a 
Dealt to bb170b9b 
Dealt to 75287b12 
Dealt to f0d81774 
Dealt to d45712cc 
Dealt to Hero [Ad 4d]
75287b12: raises $4 to $6
d45712cc: folds
Hero: calls $6
bb170b9b: raises $10.5 to $16.5
f0d81774: folds
74c7294f: folds
fb694f0a: folds
75287b12: calls $10.5
Hero: calls $10.5
*** FLOP *** [Ac 3s Tc]
75287b12: checks
Hero: checks
bb170b9b: checks
*** TURN *** [Ac 3s Tc] [Jd]
75287b12: checks
Hero: checks
bb170b9b: checks
*** RIVER *** [Ac 3s Tc Jd] [7d]
75287b12: bets $17.85
Hero: calls $17.85
bb170b9b: folds
Hero: shows [Ad 4d]
75287b12: shows [8s As]
bb170b9b: shows [Kc Kd]
*** SHOWDOWN ***
75287b12 collected $88.2 from pot
*** SUMMARY ***
Total pot $88.2
Board [Ac 3s Tc Jd 7d]
Seat 5: 74c7294f(small blind) folded before Flop
Seat 6: fb694f0a(big blind) folded before Flop
Seat 3: bb170b9b folded on the River
Seat 7: 75287b12 showed [8s As] and won ($88.2) with Pair of Aces
Seat 4: f0d81774 folded before Flop (didn't bet)
Seat 1: d45712cc folded before Flop (didn't bet)
Seat 2: Hero showed [Ad 4d] and lost with Pair of Aces



Poker Hand #ring_831620472: NLH No Limit ($1/$2) - 2025/04/19 17:23:37
Table 'MR NLH 1/2' 7-max Seat #3 is the button
Seat 5: 74c7294f ($183.18 in chips)
Seat 6: fb694f0a ($405.3 in chips)
Seat 3: bb170b9b ($213.54 in chips)
Seat 7: 75287b12 ($428.91 in chips)
Seat 4: f0d81774 ($324.32 in chips)
Seat 1: d45712cc ($279.1 in chips)
Seat 2: Hero ($192 in chips)
f0d81774: posts small blind $1
74c7294f: posts big blind $2
*** HOLE CARDS ***
Dealt to 74c7294f 
Dealt to fb694f0a 
Dealt to bb170b9b 
Dealt to 75287b12 
Dealt to f0d81774 
Dealt to d45712cc 
Dealt to Hero [4h Qd]
fb694f0a: raises $4 to $6
75287b12: folds
d45712cc: calls $6
Hero: folds
bb170b9b: folds
f0d81774: folds
74c7294f: calls $4
*** FLOP *** [5h Ks Jc]
74c7294f: checks
fb694f0a: checks
d45712cc: checks
*** TURN *** [5h Ks Jc] [As]
74c7294f: checks
fb694f0a: bets $14.25
d45712cc: folds
74c7294f: folds
Uncalled bet ($14.25) returned to fb694f0a
*** SHOWDOWN ***
fb694f0a collected $19 from pot
*** SUMMARY ***
Total pot $19
Board [5h Ks Jc As]
Seat 5: 74c7294f(big blind) folded on the Turn
Seat 6: fb694f0awon ($19) with Pair of Aces
Seat 3: bb170b9b folded before Flop (didn't bet)
Seat 7: 75287b12 folded before Flop (didn't bet)
Seat 4: f0d81774(small blind) folded before Flop
Seat 1: d45712cc folded on the Turn
Seat 2: Hero folded before Flop (didn't bet)



Poker Hand #ring_831619977: NLH No Limit ($1/$2) - 2025/04/19 17:23:08
Table 'MR NLH 1/2' 7-max Seat #2 is the button
Seat 5: 74c7294f ($180.18 in chips)
Seat 6: fb694f0a ($405.3 in chips)
Seat 3: bb170b9b ($214.54 in chips)
Seat 7: 75287b12 ($428.91 in chips)
Seat 4: f0d81774 ($326.32 in chips)
Seat 1: d45712cc ($279.1 in chips)
Seat 2: Hero ($192 in chips)
bb170b9b: posts small blind $1
f0d81774: posts big blind $2
*** HOLE CARDS ***
Dealt to 74c7294f 
Dealt to fb694f0a 
Dealt to bb170b9b 
Dealt to 75287b12 
Dealt to f0d81774 
Dealt to d45712cc 
Dealt to Hero [8h 7s]
74c7294f: raises $4 to $6
fb694f0a: folds
75287b12: folds
d45712cc: folds
Hero: folds
bb170b9b: folds
f0d81774: folds
Uncalled bet ($4) returned to 74c7294f
*** SHOWDOWN ***
74c7294f collected $5 from pot
*** SUMMARY ***
Total pot $5
Seat 5: 74c7294fwon ($5)
Seat 6: fb694f0a folded before Flop (didn't bet)
Seat 3: bb170b9b(small blind) folded before Flop
Seat 7: 75287b12 folded before Flop (didn't bet)
Seat 4: f0d81774(big blind) folded before Flop
Seat 1: d45712cc folded before Flop (didn't bet)
Seat 2: Hero folded before Flop (didn't bet)



Poker Hand #ring_831619570: NLH No Limit ($1/$2) - 2025/04/19 17:22:45
Table 'MR NLH 1/2' 7-max Seat #1 is the button
Seat 5: 74c7294f ($180.18 in chips)
Seat 6: fb694f0a ($402.3 in chips)
Seat 3: bb170b9b ($216.54 in chips)
Seat 7: 75287b12 ($428.91 in chips)
Seat 4: f0d81774 ($326.32 in chips)
Seat 1: d45712cc ($279.1 in chips)
Seat 2: Hero ($193 in chips)
Hero: posts small blind $1
bb170b9b: posts big blind $2
*** HOLE CARDS ***
Dealt to 74c7294f 
Dealt to fb694f0a 
Dealt to bb170b9b 
Dealt to 75287b12 
Dealt to f0d81774 
Dealt to d45712cc 
Dealt to Hero [2h Js]
f0d81774: folds
74c7294f: folds
fb694f0a: raises $4 to $6
75287b12: folds
d45712cc: folds
Hero: folds
bb170b9b: folds
Uncalled bet ($4) returned to fb694f0a
*** SHOWDOWN ***
fb694f0a collected $5 from pot
*** SUMMARY ***
Total pot $5
Seat 5: 74c7294f folded before Flop (didn't bet)
Seat 6: fb694f0awon ($5)
Seat 3: bb170b9b(big blind) folded before Flop
Seat 7: 75287b12 folded before Flop (didn't bet)
Seat 4: f0d81774 folded before Flop (didn't bet)
Seat 1: d45712cc folded before Flop (didn't bet)
Seat 2: Hero(small blind) folded before Flop



Poker Hand #ring_831618406: NLH No Limit ($1/$2) - 2025/04/19 17:21:35
Table 'MR NLH 1/2' 7-max Seat #7 is the button
Seat 5: 74c7294f ($180.18 in chips)
Seat 6: fb694f0a ($409.3 in chips)
Seat 3: bb170b9b ($223.54 in chips)
Seat 7: 75287b12 ($428.91 in chips)
Seat 4: f0d81774 ($306.12 in chips)
Seat 1: d45712cc ($280.1 in chips)
Seat 2: Hero ($200 in chips)
d45712cc: posts small blind $1
Hero: posts big blind $2
*** HOLE CARDS ***
Dealt to 74c7294f 
Dealt to fb694f0a 
Dealt to bb170b9b 
Dealt to 75287b12 
Dealt to f0d81774 
Dealt to d45712cc 
Dealt to Hero [2d 4c]
bb170b9b: calls $2
f0d81774: raises $5 to $7
74c7294f: folds
fb694f0a: calls $7
75287b12: folds
d45712cc: folds
Hero: calls $5
bb170b9b: calls $5
*** FLOP *** [Tc 9h 4h]
Hero: checks
bb170b9b: checks
f0d81774: bets $17
fb694f0a: folds
Hero: folds
bb170b9b: folds
Uncalled bet ($17) returned to f0d81774
*** SHOWDOWN ***
f0d81774 collected $29 from pot
*** SUMMARY ***
Total pot $29
Board [Tc 9h 4h]
Seat 5: 74c7294f folded before Flop (didn't bet)
Seat 6: fb694f0a folded on the Flop
Seat 3: bb170b9b folded on the Flop
Seat 7: 75287b12 folded before Flop (didn't bet)
Seat 4: f0d81774won ($29) with Three Nines
Seat 1: d45712cc(small blind) folded before Flop
Seat 2: Hero(big blind) folded on the Flop



