Poker Hand #ring_829048506: NLH No Limit ($1/$2) - 2025/04/18 02:35:52
Table 'MR NLH 1/2' 7-max Seat #1 is the button
Seat 1: 8321230f ($404.51 in chips)
Seat 5: Hero ($440.13 in chips)
8321230f: posts small blind $1
Hero: posts big blind $2
*** HOLE CARDS ***
Dealt to 8321230f 
Dealt to Hero [Ks 2d]
8321230f: raises $3 to $5
Hero: calls $3
*** FLOP *** [3s 2h Jh]
Hero: checks
8321230f: bets $5
Hero: calls $5
*** TURN *** [3s 2h Jh] [5d]
Hero: checks
8321230f: checks
*** RIVER *** [3s 2h Jh 5d] [9h]
Hero: checks
8321230f: checks
8321230f: shows [5s Kd]
Hero: shows [Ks 2d]
*** SHOWDOWN ***
8321230f collected $20 from pot
*** SUMMARY ***
Total pot $20
Board [3s 2h Jh 5d 9h]
Seat 1: 8321230f(small blind) showed [5s Kd] and won ($20) with Pair of Fives
Seat 5: Hero(big blind) showed [Ks 2d] and lost with Pair of Twos



Poker Hand #ring_829047996: NLH No Limit ($1/$2) - 2025/04/18 02:35:31
Table 'MR NLH 1/2' 7-max Seat #5 is the button
Seat 1: 8321230f ($406.51 in chips)
Seat 5: Hero ($438.13 in chips)
Hero: posts small blind $1
8321230f: posts big blind $2
*** HOLE CARDS ***
Dealt to 8321230f 
Dealt to Hero [6c Jc]
Hero: raises $3 to $5
8321230f: folds
Uncalled bet ($3) returned to Hero
*** SHOWDOWN ***
Hero collected $4 from pot
*** SUMMARY ***
Total pot $4
Seat 1: 8321230f(big blind) folded before Flop
Seat 5: Hero(small blind)won ($4)



Poker Hand #ring_829047492: NLH No Limit ($1/$2) - 2025/04/18 02:35:09
Table 'MR NLH 1/2' 7-max Seat #7 is the button
Seat 7: 83f30e15 ($228.27 in chips)
Seat 1: 8321230f ($407.51 in chips)
Seat 5: Hero ($443.13 in chips)
8321230f: posts small blind $1
Hero: posts big blind $2
*** HOLE CARDS ***
Dealt to 83f30e15 
Dealt to 8321230f 
Dealt to Hero [9s Qh]
83f30e15: raises $3 to $5
8321230f: folds
Hero: calls $3
*** FLOP *** [5c Ts Td]
Hero: checks
83f30e15: bets $3.63
Hero: folds
Uncalled bet ($3.63) returned to 83f30e15
*** SHOWDOWN ***
83f30e15 collected $11 from pot
*** SUMMARY ***
Total pot $11
Board [5c Ts Td]
Seat 7: 83f30e15won ($11) with Pair of Tens
Seat 1: 8321230f(small blind) folded before Flop
Seat 5: Hero(big blind) folded on the Flop



Poker Hand #ring_829046228: NLH No Limit ($1/$2) - 2025/04/18 02:34:13
Table 'MR NLH 1/2' 7-max Seat #5 is the button
Seat 7: 83f30e15 ($229.27 in chips)
Seat 1: 8321230f ($402 in chips)
Seat 5: Hero ($448.13 in chips)
83f30e15: posts small blind $1
8321230f: posts big blind $2
*** HOLE CARDS ***
Dealt to 83f30e15 
Dealt to 8321230f 
Dealt to Hero [5c 6s]
Hero: raises $3 to $5
83f30e15: folds
8321230f: calls $3
*** FLOP *** [7h As 6h]
8321230f: checks
Hero: checks
*** TURN *** [7h As 6h] [5s]
8321230f: bets $34
Hero: folds
Uncalled bet ($34) returned to 8321230f
*** SHOWDOWN ***
8321230f collected $11 from pot
*** SUMMARY ***
Total pot $11
Board [7h As 6h 5s]
Seat 7: 83f30e15(small blind) folded before Flop
Seat 1: 8321230f(big blind)won ($11) with Ace-High
Seat 5: Hero folded on the Turn



Poker Hand #ring_829045888: NLH No Limit ($1/$2) - 2025/04/18 02:33:58
Table 'MR NLH 1/2' 7-max Seat #1 is the button
Seat 7: 83f30e15 ($231.27 in chips)
Seat 1: 8321230f ($402 in chips)
Seat 5: Hero ($446.13 in chips)
Hero: posts small blind $1
83f30e15: posts big blind $2
*** HOLE CARDS ***
Dealt to 83f30e15 
Dealt to 8321230f 
Dealt to Hero [7h 7d]
8321230f: folds
Hero: raises $3 to $5
83f30e15: folds
Uncalled bet ($3) returned to Hero
*** SHOWDOWN ***
Hero collected $4 from pot
*** SUMMARY ***
Total pot $4
Seat 7: 83f30e15(big blind) folded before Flop
Seat 1: 8321230f folded before Flop (didn't bet)
Seat 5: Hero(small blind)won ($4)



Poker Hand #ring_829045180: NLH No Limit ($1/$2) - 2025/04/18 02:33:27
Table 'MR NLH 1/2' 7-max Seat #7 is the button
Seat 7: 83f30e15 ($228.27 in chips)
Seat 1: 8321230f ($403 in chips)
Seat 5: Hero ($448.13 in chips)
8321230f: posts small blind $1
Hero: posts big blind $2
*** HOLE CARDS ***
Dealt to 83f30e15 
Dealt to 8321230f 
Dealt to Hero [3c Ts]
83f30e15: raises $3 to $5
8321230f: folds
Hero: folds
Uncalled bet ($3) returned to 83f30e15
*** SHOWDOWN ***
83f30e15 collected $5 from pot
*** SUMMARY ***
Total pot $5
Seat 7: 83f30e15won ($5)
Seat 1: 8321230f(small blind) folded before Flop
Seat 5: Hero(big blind) folded before Flop



Poker Hand #ring_829044751: NLH No Limit ($1/$2) - 2025/04/18 02:33:08
Table 'MR NLH 1/2' 7-max Seat #5 is the button
Seat 7: 83f30e15 ($229.27 in chips)
Seat 1: 8321230f ($402 in chips)
Seat 5: Hero ($448.13 in chips)
83f30e15: posts small blind $1
8321230f: posts big blind $2
*** HOLE CARDS ***
Dealt to 83f30e15 
Dealt to 8321230f 
Dealt to Hero [5s Kh]
Hero: folds
83f30e15: folds
*** SHOWDOWN ***
8321230f collected $3 from pot
*** SUMMARY ***
Total pot $3
Seat 7: 83f30e15(small blind) folded before Flop
Seat 1: 8321230f(big blind)won ($3)
Seat 5: Hero folded before Flop (didn't bet)



Poker Hand #ring_829044106: NLH No Limit ($1/$2) - 2025/04/18 02:32:40
Table 'MR NLH 1/2' 7-max Seat #1 is the button
Seat 7: 83f30e15 ($231.27 in chips)
Seat 1: 8321230f ($399 in chips)
Seat 5: Hero ($449.13 in chips)
Hero: posts small blind $1
83f30e15: posts big blind $2
*** HOLE CARDS ***
Dealt to 83f30e15 
Dealt to 8321230f 
Dealt to Hero [8s Qd]
8321230f: raises $3 to $5
Hero: folds
83f30e15: folds
Uncalled bet ($3) returned to 8321230f
*** SHOWDOWN ***
8321230f collected $5 from pot
*** SUMMARY ***
Total pot $5
Seat 7: 83f30e15(big blind) folded before Flop
Seat 1: 8321230fwon ($5)
Seat 5: Hero(small blind) folded before Flop



Poker Hand #ring_829042956: NLH No Limit ($1/$2) - 2025/04/18 02:31:51
Table 'MR NLH 1/2' 7-max Seat #7 is the button
Seat 6: 9100d5f5 ($27.41 in chips)
Seat 7: 83f30e15 ($204.33 in chips)
Seat 1: 8321230f ($400 in chips)
Seat 5: Hero ($451.13 in chips)
8321230f: posts small blind $1
Hero: posts big blind $2
*** HOLE CARDS ***
Dealt to 9100d5f5 
Dealt to 83f30e15 
Dealt to 8321230f 
Dealt to Hero [Th 3d]
9100d5f5: calls $2
83f30e15: raises $6 to $8
8321230f: folds
Hero: folds
9100d5f5: calls $6
*** FLOP *** [2c Ac 6s]
9100d5f5: checks
83f30e15: checks
*** TURN *** [2c Ac 6s] [3s]
9100d5f5: checks
83f30e15: checks
*** RIVER *** [2c Ac 6s 3s] [7d]
9100d5f5: bets $19
83f30e15: calls $19
9100d5f5: shows [4s Kd]
83f30e15: shows [5h 5c]
*** SHOWDOWN ***
83f30e15 collected $57 from pot
*** SUMMARY ***
Total pot $57
Board [2c Ac 6s 3s 7d]
Seat 6: 9100d5f5 showed [4s Kd] and lost with Ace-High
Seat 7: 83f30e15 showed [5h 5c] and won ($57) with Pair of Fives
Seat 1: 8321230f(small blind) folded before Flop
Seat 5: Hero(big blind) folded before Flop



Poker Hand #ring_829038553: NLH No Limit ($1/$2) - 2025/04/18 02:28:37
Table 'MR NLH 1/2' 7-max Seat #6 is the button
Seat 4: 80887a85 ($255.97 in chips)
Seat 6: 9100d5f5 ($33.41 in chips)
Seat 7: 83f30e15 ($305.33 in chips)
Seat 1: 8321230f ($400 in chips)
Seat 5: Hero ($346.35 in chips)
83f30e15: posts small blind $1
8321230f: posts big blind $2
*** HOLE CARDS ***
Dealt to 80887a85 
Dealt to 9100d5f5 
Dealt to 83f30e15 
Dealt to 8321230f 
Dealt to Hero [9s 9d]
80887a85: raises $4 to $6
Hero: calls $6
9100d5f5: calls $6
83f30e15: raises $24 to $30
8321230f: folds
80887a85: folds
Hero: calls $24
9100d5f5: folds
*** FLOP *** [7c Qs 6c]
83f30e15: bets $24.42
Hero: raises $46.58 to $71
83f30e15: calls $46.58
*** TURN *** [7c Qs 6c] [8s]
83f30e15: checks
Hero: checks
*** RIVER *** [7c Qs 6c 8s] [Th]
83f30e15: checks
Hero: bets $96
83f30e15: folds
Uncalled bet ($96) returned to Hero
*** SHOWDOWN ***
Hero collected $216 from pot
*** SUMMARY ***
Total pot $216
Board [7c Qs 6c 8s Th]
Seat 4: 80887a85 folded before Flop
Seat 6: 9100d5f5 folded before Flop
Seat 7: 83f30e15(small blind) folded on the River
Seat 1: 8321230f(big blind) folded before Flop
Seat 5: Herowon ($216) with Tens-High Straight



Poker Hand #ring_829037619: NLH No Limit ($1/$2) - 2025/04/18 02:27:56
Table 'MR NLH 1/2' 7-max Seat #5 is the button
Seat 4: 80887a85 ($255.97 in chips)
Seat 6: 9100d5f5 ($38.41 in chips)
Seat 7: 83f30e15 ($307.33 in chips)
Seat 5: Hero ($339.89 in chips)
9100d5f5: posts small blind $1
83f30e15: posts big blind $2
*** HOLE CARDS ***
Dealt to 80887a85 
Dealt to 9100d5f5 
Dealt to 83f30e15 
Dealt to Hero [Th Ks]
80887a85: folds
Hero: raises $3 to $5
9100d5f5: calls $4
83f30e15: folds
*** FLOP *** [4s As 9c]
9100d5f5: checks
Hero: checks
*** TURN *** [4s As 9c] [Qh]
9100d5f5: checks
Hero: checks
*** RIVER *** [4s As 9c Qh] [8h]
9100d5f5: checks
Hero: checks
Hero: shows [Th Ks]
9100d5f5: shows [6c 5h]
*** SHOWDOWN ***
Hero collected $12 from pot
*** SUMMARY ***
Total pot $12
Board [4s As 9c Qh 8h]
Seat 4: 80887a85 folded before Flop (didn't bet)
Seat 6: 9100d5f5(small blind) showed [6c 5h] and lost with Ace-High
Seat 7: 83f30e15(big blind) folded before Flop
Seat 5: Hero showed [Th Ks] and won ($12) with Ace-High



Poker Hand #ring_829036949: NLH No Limit ($1/$2) - 2025/04/18 02:27:27
Table 'MR NLH 1/2' 7-max Seat #4 is the button
Seat 4: 80887a85 ($255.97 in chips)
Seat 6: 9100d5f5 ($33.81 in chips)
Seat 7: 83f30e15 ($311.33 in chips)
Seat 5: Hero ($340.89 in chips)
Hero: posts small blind $1
9100d5f5: posts big blind $2
*** HOLE CARDS ***
Dealt to 80887a85 
Dealt to 9100d5f5 
Dealt to 83f30e15 
Dealt to Hero [9d Qs]
83f30e15: raises $2 to $4
80887a85: folds
Hero: folds
9100d5f5: calls $2
*** FLOP *** [6h 2s 7c]
9100d5f5: bets $29.81 and is all-in
83f30e15: folds
Uncalled bet ($29.81) returned to 9100d5f5
*** SHOWDOWN ***
9100d5f5 collected $9 from pot
*** SUMMARY ***
Total pot $9
Board [6h 2s 7c]
Seat 4: 80887a85 folded before Flop (didn't bet)
Seat 6: 9100d5f5(big blind)won ($9) with Pair of Sixes
Seat 7: 83f30e15 folded on the Flop
Seat 5: Hero(small blind) folded before Flop



Poker Hand #ring_829036076: NLH No Limit ($1/$2) - 2025/04/18 02:26:50
Table 'MR NLH 1/2' 7-max Seat #0 is the button
Seat 4: 80887a85 ($256.97 in chips)
Seat 6: 9100d5f5 ($35.81 in chips)
Seat 7: 83f30e15 ($311.33 in chips)
Seat 5: Hero ($338.11 in chips)
80887a85: posts small blind $1
Hero: posts big blind $2
*** HOLE CARDS ***
Dealt to 80887a85 
Dealt to 9100d5f5 
Dealt to 83f30e15 
Dealt to Hero [Tc 2c]
9100d5f5: calls $2
83f30e15: folds
80887a85: folds
Hero: checks
*** FLOP *** [3h 7d 7c]
Hero: checks
9100d5f5: checks
*** TURN *** [3h 7d 7c] [Kd]
Hero: checks
9100d5f5: checks
*** RIVER *** [3h 7d 7c Kd] [Qc]
Hero: bets $2.5
9100d5f5: folds
Uncalled bet ($2.5) returned to Hero
*** SHOWDOWN ***
Hero collected $5 from pot
*** SUMMARY ***
Total pot $5
Board [3h 7d 7c Kd Qc]
Seat 4: 80887a85(small blind) folded before Flop
Seat 6: 9100d5f5 folded on the River
Seat 7: 83f30e15 folded before Flop (didn't bet)
Seat 5: Hero(big blind)won ($5) with Pair of Sevens



Poker Hand #ring_829035044: NLH No Limit ($1/$2) - 2025/04/18 02:26:04
Table 'MR NLH 1/2' 7-max Seat #7 is the button
Seat 3: 62cd1408 ($233.77 in chips)
Seat 4: 80887a85 ($258.97 in chips)
Seat 6: 9100d5f5 ($33.03 in chips)
Seat 7: 83f30e15 ($311.33 in chips)
Seat 5: Hero ($338.11 in chips)
62cd1408: posts small blind $1
80887a85: posts big blind $2
*** HOLE CARDS ***
Dealt to 62cd1408 
Dealt to 80887a85 
Dealt to 9100d5f5 
Dealt to 83f30e15 
Dealt to Hero [2c 6c]
Hero: folds
9100d5f5: calls $2
83f30e15: folds
62cd1408: folds
80887a85: checks
*** FLOP *** [Qs 4s 7s]
80887a85: checks
9100d5f5: bets $31.03 and is all-in
80887a85: folds
Uncalled bet ($31.03) returned to 9100d5f5
*** SHOWDOWN ***
9100d5f5 collected $5 from pot
*** SUMMARY ***
Total pot $5
Board [Qs 4s 7s]
Seat 3: 62cd1408(small blind) folded before Flop
Seat 4: 80887a85(big blind) folded on the Flop
Seat 6: 9100d5f5won ($5) with Pair of Queens
Seat 7: 83f30e15 folded before Flop (didn't bet)
Seat 5: Hero folded before Flop (didn't bet)



Poker Hand #ring_829034664: NLH No Limit ($1/$2) - 2025/04/18 02:25:47
Table 'MR NLH 1/2' 7-max Seat #6 is the button
Seat 3: 62cd1408 ($232.77 in chips)
Seat 4: 80887a85 ($258.97 in chips)
Seat 6: 9100d5f5 ($33.03 in chips)
Seat 7: 83f30e15 ($312.33 in chips)
Seat 5: Hero ($338.11 in chips)
83f30e15: posts small blind $1
62cd1408: posts big blind $2
*** HOLE CARDS ***
Dealt to 62cd1408 
Dealt to 80887a85 
Dealt to 9100d5f5 
Dealt to 83f30e15 
Dealt to Hero [8c Jh]
80887a85: folds
Hero: folds
9100d5f5: folds
83f30e15: folds
*** SHOWDOWN ***
62cd1408 collected $3 from pot
*** SUMMARY ***
Total pot $3
Seat 3: 62cd1408(big blind)won ($3)
Seat 4: 80887a85 folded before Flop (didn't bet)
Seat 6: 9100d5f5 folded before Flop (didn't bet)
Seat 7: 83f30e15(small blind) folded before Flop
Seat 5: Hero folded before Flop (didn't bet)



Poker Hand #ring_829033978: NLH No Limit ($1/$2) - 2025/04/18 02:25:16
Table 'MR NLH 1/2' 7-max Seat #5 is the button
Seat 3: 62cd1408 ($223.58 in chips)
Seat 4: 80887a85 ($258.97 in chips)
Seat 6: 9100d5f5 ($41.03 in chips)
Seat 7: 83f30e15 ($314.33 in chips)
Seat 5: Hero ($338.11 in chips)
9100d5f5: posts small blind $1
83f30e15: posts big blind $2
*** HOLE CARDS ***
Dealt to 62cd1408 
Dealt to 80887a85 
Dealt to 9100d5f5 
Dealt to 83f30e15 
Dealt to Hero [Kh 6c]
62cd1408: raises $6 to $8
80887a85: folds
Hero: folds
9100d5f5: calls $7
83f30e15: folds
*** FLOP *** [Js 6h 7c]
9100d5f5: checks
62cd1408: bets $13.5
9100d5f5: folds
Uncalled bet ($13.5) returned to 62cd1408
*** SHOWDOWN ***
62cd1408 collected $18 from pot
*** SUMMARY ***
Total pot $18
Board [Js 6h 7c]
Seat 3: 62cd1408won ($18) with Ace-High
Seat 4: 80887a85 folded before Flop (didn't bet)
Seat 6: 9100d5f5(small blind) folded on the Flop
Seat 7: 83f30e15(big blind) folded before Flop
Seat 5: Hero folded before Flop (didn't bet)



Poker Hand #ring_829032600: NLH No Limit ($1/$2) - 2025/04/18 02:24:17
Table 'MR NLH 1/2' 7-max Seat #4 is the button
Seat 3: 62cd1408 ($225.58 in chips)
Seat 4: 80887a85 ($258.97 in chips)
Seat 6: 9100d5f5 ($29.61 in chips)
Seat 7: 83f30e15 ($314.33 in chips)
Seat 5: Hero ($349.11 in chips)
Hero: posts small blind $1
9100d5f5: posts big blind $2
*** HOLE CARDS ***
Dealt to 62cd1408 
Dealt to 80887a85 
Dealt to 9100d5f5 
Dealt to 83f30e15 
Dealt to Hero [7s Js]
83f30e15: folds
62cd1408: calls $2
80887a85: folds
Hero: calls $1
9100d5f5: checks
*** FLOP *** [Ah 6s 5s]
Hero: checks
9100d5f5: checks
62cd1408: checks
*** TURN *** [Ah 6s 5s] [5h]
Hero: bets $3
9100d5f5: raises $6 to $9
62cd1408: folds
Hero: calls $6
*** RIVER *** [Ah 6s 5s 5h] [6c]
Hero: checks
9100d5f5: bets $12
Hero: folds
Uncalled bet ($12) returned to 9100d5f5
*** SHOWDOWN ***
9100d5f5 collected $24 from pot
*** SUMMARY ***
Total pot $24
Board [Ah 6s 5s 5h 6c]
Seat 3: 62cd1408 folded on the Turn
Seat 4: 80887a85 folded before Flop (didn't bet)
Seat 6: 9100d5f5(big blind)won ($24) with Fives Full over Sixes
Seat 7: 83f30e15 folded before Flop (didn't bet)
Seat 5: Hero(small blind) folded on the River



Poker Hand #ring_829030973: NLH No Limit ($1/$2) - 2025/04/18 02:23:08
Table 'MR NLH 1/2' 7-max Seat #3 is the button
Seat 3: 62cd1408 ($225.58 in chips)
Seat 4: 80887a85 ($220.62 in chips)
Seat 6: 9100d5f5 ($56.55 in chips)
Seat 7: 83f30e15 ($327.33 in chips)
Seat 5: Hero ($351.11 in chips)
80887a85: posts small blind $1
Hero: posts big blind $2
*** HOLE CARDS ***
Dealt to 62cd1408 
Dealt to 80887a85 
Dealt to 9100d5f5 
Dealt to 83f30e15 
Dealt to Hero [5d 3s]
9100d5f5: calls $2
83f30e15: raises $6 to $8
62cd1408: folds
80887a85: calls $7
Hero: folds
9100d5f5: calls $6
*** FLOP *** [Jc Ac 8d]
80887a85: checks
9100d5f5: checks
83f30e15: bets $5
80887a85: calls $5
9100d5f5: calls $5
*** TURN *** [Jc Ac 8d] [8h]
80887a85: bets $13.94
9100d5f5: calls $13.94
83f30e15: folds
*** RIVER *** [Jc Ac 8d 8h] [Tc]
80887a85: bets $37.2
9100d5f5: folds
Uncalled bet ($37.2) returned to 80887a85
*** SHOWDOWN ***
80887a85 collected $68.88 from pot
*** SUMMARY ***
Total pot $68.88
Board [Jc Ac 8d 8h Tc]
Seat 3: 62cd1408 folded before Flop (didn't bet)
Seat 4: 80887a85(small blind)won ($68.88) with Pair of Aces and Pair of Tens
Seat 6: 9100d5f5 folded on the River
Seat 7: 83f30e15 folded on the Turn
Seat 5: Hero(big blind) folded before Flop



Poker Hand #ring_829028861: NLH No Limit ($1/$2) - 2025/04/18 02:21:35
Table 'MR NLH 1/2' 7-max Seat #7 is the button
Seat 3: 62cd1408 ($255.59 in chips)
Seat 4: 80887a85 ($222.62 in chips)
Seat 6: 9100d5f5 ($56.55 in chips)
Seat 7: 83f30e15 ($357.34 in chips)
Seat 5: Hero ($293.73 in chips)
62cd1408: posts small blind $1
80887a85: posts big blind $2
*** HOLE CARDS ***
Dealt to 62cd1408 
Dealt to 80887a85 
Dealt to 9100d5f5 
Dealt to 83f30e15 
Dealt to Hero [Qd Td]
Hero: raises $3 to $5
9100d5f5: folds
83f30e15: raises $9.75 to $14.75
62cd1408: calls $13.75
80887a85: folds
Hero: calls $9.75
*** FLOP *** [6d Th 4c]
62cd1408: checks
Hero: checks
83f30e15: checks
*** TURN *** [6d Th 4c] [9s]
62cd1408: bets $15.26
Hero: calls $15.26
83f30e15: calls $15.26
*** RIVER *** [6d Th 4c 9s] [3c]
62cd1408: checks
Hero: checks
83f30e15: checks
62cd1408: shows [Ad 9d]
Hero: shows [Qd Td]
83f30e15: shows [Kd Qh]
*** SHOWDOWN ***
Hero collected $92.03 from pot
*** SUMMARY ***
Total pot $92.03
Board [6d Th 4c 9s 3c]
Seat 3: 62cd1408(small blind) showed [Ad 9d] and lost with Pair of Nines
Seat 4: 80887a85(big blind) folded before Flop
Seat 6: 9100d5f5 folded before Flop (didn't bet)
Seat 7: 83f30e15 showed [Kd Qh] and lost with King-High
Seat 5: Hero showed [Qd Td] and won ($92.03) with Pair of Tens



Poker Hand #ring_829028206: NLH No Limit ($1/$2) - 2025/04/18 02:21:07
Table 'MR NLH 1/2' 7-max Seat #6 is the button
Seat 3: 62cd1408 ($254.59 in chips)
Seat 6: 9100d5f5 ($56.55 in chips)
Seat 7: 83f30e15 ($358.34 in chips)
Seat 5: Hero ($293.73 in chips)
83f30e15: posts small blind $1
62cd1408: posts big blind $2
*** HOLE CARDS ***
Dealt to 62cd1408 
Dealt to 9100d5f5 
Dealt to 83f30e15 
Dealt to Hero [7h 9c]
Hero: folds
9100d5f5: folds
83f30e15: folds
*** SHOWDOWN ***
62cd1408 collected $3 from pot
*** SUMMARY ***
Total pot $3
Seat 3: 62cd1408(big blind)won ($3)
Seat 6: 9100d5f5 folded before Flop (didn't bet)
Seat 7: 83f30e15(small blind) folded before Flop
Seat 5: Hero folded before Flop (didn't bet)



Poker Hand #ring_829027392: NLH No Limit ($1/$2) - 2025/04/18 02:20:32
Table 'MR NLH 1/2' 7-max Seat #5 is the button
Seat 3: 62cd1408 ($261.59 in chips)
Seat 6: 9100d5f5 ($57.55 in chips)
Seat 7: 83f30e15 ($351.01 in chips)
Seat 5: Hero ($293.73 in chips)
9100d5f5: posts small blind $1
83f30e15: posts big blind $2
*** HOLE CARDS ***
Dealt to 62cd1408 
Dealt to 9100d5f5 
Dealt to 83f30e15 
Dealt to Hero [5h 6c]
62cd1408: calls $2
Hero: folds
9100d5f5: folds
83f30e15: checks
*** FLOP *** [4c 3h 2h]
83f30e15: bets $5
62cd1408: calls $5
*** TURN *** [4c 3h 2h] [6h]
83f30e15: bets $4.95
62cd1408: folds
Uncalled bet ($4.95) returned to 83f30e15
*** SHOWDOWN ***
83f30e15 collected $15 from pot
*** SUMMARY ***
Total pot $15
Board [4c 3h 2h 6h]
Seat 3: 62cd1408 folded on the Turn
Seat 6: 9100d5f5(small blind) folded before Flop
Seat 7: 83f30e15(big blind)won ($15) with Three Twos
Seat 5: Hero folded before Flop (didn't bet)



Poker Hand #ring_829026393: NLH No Limit ($1/$2) - 2025/04/18 02:19:48
Table 'MR NLH 1/2' 7-max Seat #0 is the button
Seat 3: 62cd1408 ($261.59 in chips)
Seat 6: 9100d5f5 ($62.55 in chips)
Seat 7: 83f30e15 ($351.01 in chips)
Seat 5: Hero ($289.18 in chips)
Hero: posts small blind $1
9100d5f5: posts big blind $2
*** HOLE CARDS ***
Dealt to 62cd1408 
Dealt to 9100d5f5 
Dealt to 83f30e15 
Dealt to Hero [As Ah]
83f30e15: folds
62cd1408: folds
Hero: raises $3 to $5
9100d5f5: calls $3
*** FLOP *** [Ts 3h Kc]
Hero: checks
9100d5f5: checks
*** TURN *** [Ts 3h Kc] [3d]
Hero: bets $5
9100d5f5: folds
Uncalled bet ($5) returned to Hero
*** SHOWDOWN ***
Hero collected $10 from pot
*** SUMMARY ***
Total pot $10
Board [Ts 3h Kc 3d]
Seat 3: 62cd1408 folded before Flop (didn't bet)
Seat 6: 9100d5f5(big blind) folded on the Turn
Seat 7: 83f30e15 folded before Flop (didn't bet)
Seat 5: Hero(small blind)won ($10) with Pair of Aces and Pair of Treys



Poker Hand #ring_829025726: NLH No Limit ($1/$2) - 2025/04/18 02:19:20
Table 'MR NLH 1/2' 7-max Seat #3 is the button
Seat 3: 62cd1408 ($259.77 in chips)
Seat 6: 9100d5f5 ($62.55 in chips)
Seat 7: 83f30e15 ($351.01 in chips)
Seat 5: Hero ($291.18 in chips)
Hero: posts big blind $2
*** HOLE CARDS ***
Dealt to 62cd1408 
Dealt to 9100d5f5 
Dealt to 83f30e15 
Dealt to Hero [Kh 5d]
9100d5f5: folds
83f30e15: folds
62cd1408: calls $2
Hero: checks
*** FLOP *** [Qs Td 9s]
Hero: checks
62cd1408: bets $4
Hero: folds
Uncalled bet ($4) returned to 62cd1408
*** SHOWDOWN ***
62cd1408 collected $4 from pot
*** SUMMARY ***
Total pot $4
Board [Qs Td 9s]
Seat 3: 62cd1408won ($4) with Queen-High
Seat 6: 9100d5f5 folded before Flop (didn't bet)
Seat 7: 83f30e15 folded before Flop (didn't bet)
Seat 5: Hero(big blind) folded on the Flop



Poker Hand #ring_829024782: NLH No Limit ($1/$2) - 2025/04/18 02:18:39
Table 'MR NLH 1/2' 7-max Seat #7 is the button
Seat 3: 62cd1408 ($260.77 in chips)
Seat 4: 80887a85 ($224.62 in chips)
Seat 6: 9100d5f5 ($59.55 in chips)
Seat 7: 83f30e15 ($351.01 in chips)
Seat 5: Hero ($291.18 in chips)
62cd1408: posts small blind $1
80887a85: posts big blind $2
*** HOLE CARDS ***
Dealt to 62cd1408 
Dealt to 80887a85 
Dealt to 9100d5f5 
Dealt to 83f30e15 
Dealt to Hero [Th 6c]
Hero: folds
9100d5f5: raises $5 to $7
83f30e15: folds
62cd1408: folds
80887a85: folds
Uncalled bet ($5) returned to 9100d5f5
83f30e15: shows [7c]
*** SHOWDOWN ***
9100d5f5 collected $5 from pot
*** SUMMARY ***
Total pot $5
Seat 3: 62cd1408(small blind) folded before Flop
Seat 4: 80887a85(big blind) folded before Flop
Seat 6: 9100d5f5won ($5)
Seat 7: 83f30e15 folded before Flop (didn't bet)
Seat 5: Hero folded before Flop (didn't bet)



Poker Hand #ring_829023836: NLH No Limit ($1/$2) - 2025/04/18 02:17:58
Table 'MR NLH 1/2' 7-max Seat #6 is the button
Seat 3: 62cd1408 ($240.29 in chips)
Seat 4: 80887a85 ($224.62 in chips)
Seat 6: 9100d5f5 ($81.55 in chips)
Seat 7: 83f30e15 ($352.01 in chips)
Seat 5: Hero ($291.18 in chips)
83f30e15: posts small blind $1
62cd1408: posts big blind $2
*** HOLE CARDS ***
Dealt to 62cd1408 
Dealt to 80887a85 
Dealt to 9100d5f5 
Dealt to 83f30e15 
Dealt to Hero [6h 7c]
80887a85: folds
Hero: folds
9100d5f5: raises $5 to $7
83f30e15: folds
62cd1408: calls $5
*** FLOP *** [8c 6c 5c]
62cd1408: checks
9100d5f5: bets $15
62cd1408: calls $15
*** TURN *** [8c 6c 5c] [Ah]
62cd1408: checks
9100d5f5: checks
*** RIVER *** [8c 6c 5c Ah] [7h]
62cd1408: checks
9100d5f5: checks
62cd1408: shows [9c Qd]
9100d5f5: shows [Jc Jh]
*** SHOWDOWN ***
62cd1408 collected $45 from pot
*** SUMMARY ***
Total pot $45
Board [8c 6c 5c Ah 7h]
Seat 3: 62cd1408(big blind) showed [9c Qd] and won ($45) with Nines-High Straight
Seat 4: 80887a85 folded before Flop (didn't bet)
Seat 6: 9100d5f5 showed [Jc Jh] and lost with Pair of Jacks
Seat 7: 83f30e15(small blind) folded before Flop
Seat 5: Hero folded before Flop (didn't bet)



Poker Hand #ring_829022365: NLH No Limit ($1/$2) - 2025/04/18 02:16:55
Table 'MR NLH 1/2' 7-max Seat #5 is the button
Seat 3: 62cd1408 ($246.79 in chips)
Seat 4: 80887a85 ($224.62 in chips)
Seat 6: 9100d5f5 ($83.55 in chips)
Seat 7: 83f30e15 ($344.18 in chips)
Seat 5: Hero ($291.18 in chips)
9100d5f5: posts small blind $1
83f30e15: posts big blind $2
*** HOLE CARDS ***
Dealt to 62cd1408 
Dealt to 80887a85 
Dealt to 9100d5f5 
Dealt to 83f30e15 
Dealt to Hero [3h 9h]
62cd1408: calls $2
80887a85: folds
Hero: folds
9100d5f5: calls $1
83f30e15: checks
*** FLOP *** [Qc 6d 8h]
9100d5f5: checks
83f30e15: checks
62cd1408: checks
*** TURN *** [Qc 6d 8h] [5c]
9100d5f5: checks
83f30e15: bets $4.5
62cd1408: calls $4.5
9100d5f5: folds
*** RIVER *** [Qc 6d 8h 5c] [Qh]
83f30e15: bets $4.95
62cd1408: folds
Uncalled bet ($4.95) returned to 83f30e15
*** SHOWDOWN ***
83f30e15 collected $15 from pot
*** SUMMARY ***
Total pot $15
Board [Qc 6d 8h 5c Qh]
Seat 3: 62cd1408 folded on the River
Seat 4: 80887a85 folded before Flop (didn't bet)
Seat 6: 9100d5f5(small blind) folded on the Turn
Seat 7: 83f30e15(big blind)won ($15) with Pair of Queens and Pair of Sixes
Seat 5: Hero folded before Flop (didn't bet)



Poker Hand #ring_829020866: NLH No Limit ($1/$2) - 2025/04/18 02:15:48
Table 'MR NLH 1/2' 7-max Seat #4 is the button
Seat 3: 62cd1408 ($265.03 in chips)
Seat 4: 80887a85 ($198.97 in chips)
Seat 6: 9100d5f5 ($92.55 in chips)
Seat 7: 83f30e15 ($344.18 in chips)
Seat 5: Hero ($292.18 in chips)
Hero: posts small blind $1
9100d5f5: posts big blind $2
*** HOLE CARDS ***
Dealt to 62cd1408 
Dealt to 80887a85 
Dealt to 9100d5f5 
Dealt to 83f30e15 
Dealt to Hero [Th 9s]
83f30e15: folds
62cd1408: calls $2
80887a85: raises $7 to $9
Hero: folds
9100d5f5: calls $7
62cd1408: calls $7
*** FLOP *** [2h Qc Qs]
9100d5f5: checks
62cd1408: checks
80887a85: bets $9.24
9100d5f5: folds
62cd1408: calls $9.24
*** TURN *** [2h Qc Qs] [Ts]
62cd1408: checks
80887a85: bets $34.4
62cd1408: folds
Uncalled bet ($34.4) returned to 80887a85
*** SHOWDOWN ***
80887a85 collected $46.48 from pot
*** SUMMARY ***
Total pot $46.48
Board [2h Qc Qs Ts]
Seat 3: 62cd1408 folded on the Turn
Seat 4: 80887a85won ($46.48) with Pair of Queens
Seat 6: 9100d5f5(big blind) folded on the Flop
Seat 7: 83f30e15 folded before Flop (didn't bet)
Seat 5: Hero(small blind) folded before Flop



Poker Hand #ring_829020061: NLH No Limit ($1/$2) - 2025/04/18 02:15:13
Table 'MR NLH 1/2' 7-max Seat #3 is the button
Seat 3: 62cd1408 ($260.34 in chips)
Seat 4: 80887a85 ($199.97 in chips)
Seat 6: 9100d5f5 ($94.55 in chips)
Seat 7: 83f30e15 ($344.18 in chips)
Seat 5: Hero ($294.18 in chips)
80887a85: posts small blind $1
Hero: posts big blind $2
*** HOLE CARDS ***
Dealt to 62cd1408 
Dealt to 80887a85 
Dealt to 9100d5f5 
Dealt to 83f30e15 
Dealt to Hero [6d 2d]
9100d5f5: calls $2
83f30e15: folds
62cd1408: calls $2
80887a85: folds
Hero: checks
*** FLOP *** [5h Qd Kh]
Hero: checks
9100d5f5: checks
62cd1408: bets $7
Hero: folds
9100d5f5: folds
Uncalled bet ($7) returned to 62cd1408
*** SHOWDOWN ***
62cd1408 collected $7 from pot
*** SUMMARY ***
Total pot $7
Board [5h Qd Kh]
Seat 3: 62cd1408won ($7) with Pair of Fives
Seat 4: 80887a85(small blind) folded before Flop
Seat 6: 9100d5f5 folded on the Flop
Seat 7: 83f30e15 folded before Flop (didn't bet)
Seat 5: Hero(big blind) folded on the Flop



Poker Hand #ring_829019328: NLH No Limit ($1/$2) - 2025/04/18 02:14:43
Table 'MR NLH 1/2' 7-max Seat #7 is the button
Seat 3: 62cd1408 ($252.97 in chips)
Seat 4: 80887a85 ($201.97 in chips)
Seat 6: 9100d5f5 ($94.55 in chips)
Seat 7: 83f30e15 ($344.18 in chips)
Seat 5: Hero ($300.18 in chips)
62cd1408: posts small blind $1
80887a85: posts big blind $2
*** HOLE CARDS ***
Dealt to 62cd1408 
Dealt to 80887a85 
Dealt to 9100d5f5 
Dealt to 83f30e15 
Dealt to Hero [Qh Ad]
Hero: raises $4 to $6
9100d5f5: folds
83f30e15: folds
62cd1408: calls $5
80887a85: folds
*** FLOP *** [2s Jh 4h]
62cd1408: checks
Hero: checks
*** TURN *** [2s Jh 4h] [5s]
62cd1408: bets $14
Hero: folds
Uncalled bet ($14) returned to 62cd1408
*** SHOWDOWN ***
62cd1408 collected $14 from pot
*** SUMMARY ***
Total pot $14
Board [2s Jh 4h 5s]
Seat 3: 62cd1408(small blind)won ($14) with Pair of Treys
Seat 4: 80887a85(big blind) folded before Flop
Seat 6: 9100d5f5 folded before Flop (didn't bet)
Seat 7: 83f30e15 folded before Flop (didn't bet)
Seat 5: Hero folded on the Turn



Poker Hand #ring_829018373: NLH No Limit ($1/$2) - 2025/04/18 02:14:00
Table 'MR NLH 1/2' 7-max Seat #6 is the button
Seat 3: 62cd1408 ($254.97 in chips)
Seat 4: 80887a85 ($201.97 in chips)
Seat 6: 9100d5f5 ($90.82 in chips)
Seat 7: 83f30e15 ($346.18 in chips)
Seat 5: Hero ($300.18 in chips)
83f30e15: posts small blind $1
62cd1408: posts big blind $2
*** HOLE CARDS ***
Dealt to 62cd1408 
Dealt to 80887a85 
Dealt to 9100d5f5 
Dealt to 83f30e15 
Dealt to Hero [2h 3c]
80887a85: folds
Hero: folds
9100d5f5: calls $2
83f30e15: calls $1
62cd1408: checks
*** FLOP *** [Qh 4d Kh]
83f30e15: checks
62cd1408: checks
9100d5f5: bets $6
83f30e15: folds
62cd1408: folds
Uncalled bet ($6) returned to 9100d5f5
*** SHOWDOWN ***
9100d5f5 collected $6 from pot
*** SUMMARY ***
Total pot $6
Board [Qh 4d Kh]
Seat 3: 62cd1408(big blind) folded on the Flop
Seat 4: 80887a85 folded before Flop (didn't bet)
Seat 6: 9100d5f5won ($6) with Pair of Kings
Seat 7: 83f30e15(small blind) folded on the Flop
Seat 5: Hero folded before Flop (didn't bet)



Poker Hand #ring_829016956: NLH No Limit ($1/$2) - 2025/04/18 02:12:57
Table 'MR NLH 1/2' 7-max Seat #5 is the button
Seat 3: 62cd1408 ($263.97 in chips)
Seat 4: 80887a85 ($210.97 in chips)
Seat 6: 9100d5f5 ($64.03 in chips)
Seat 7: 83f30e15 ($348.18 in chips)
Seat 5: Hero ($309.18 in chips)
9100d5f5: posts small blind $1
83f30e15: posts big blind $2
*** HOLE CARDS ***
Dealt to 62cd1408 
Dealt to 80887a85 
Dealt to 9100d5f5 
Dealt to 83f30e15 
Dealt to Hero [Ts Jd]
62cd1408: calls $2
80887a85: raises $7 to $9
Hero: calls $9
9100d5f5: calls $8
83f30e15: folds
62cd1408: calls $7
*** FLOP *** [Th 6c 6s]
9100d5f5: checks
62cd1408: checks
80887a85: checks
Hero: checks
*** TURN *** [Th 6c 6s] [Kh]
9100d5f5: checks
62cd1408: checks
80887a85: checks
Hero: checks
*** RIVER *** [Th 6c 6s Kh] [Ah]
9100d5f5: bets $55.03 and is all-in
62cd1408: folds
80887a85: folds
Hero: folds
Uncalled bet ($55.03) returned to 9100d5f5
*** SHOWDOWN ***
9100d5f5 collected $38 from pot
*** SUMMARY ***
Total pot $38
Board [Th 6c 6s Kh Ah]
Seat 3: 62cd1408 folded on the River
Seat 4: 80887a85 folded on the River
Seat 6: 9100d5f5(small blind)won ($38) with Ace High Flush
Seat 7: 83f30e15(big blind) folded before Flop
Seat 5: Hero folded on the River



Poker Hand #ring_829015586: NLH No Limit ($1/$2) - 2025/04/18 02:11:59
Table 'MR NLH 1/2' 7-max Seat #4 is the button
Seat 3: 62cd1408 ($268.37 in chips)
Seat 4: 80887a85 ($210.97 in chips)
Seat 6: 9100d5f5 ($68.43 in chips)
Seat 7: 83f30e15 ($352.58 in chips)
Seat 5: Hero ($296.77 in chips)
Hero: posts small blind $1
9100d5f5: posts big blind $2
*** HOLE CARDS ***
Dealt to 62cd1408 
Dealt to 80887a85 
Dealt to 9100d5f5 
Dealt to 83f30e15 
Dealt to Hero [7s 9c]
83f30e15: raises $2.4 to $4.4
62cd1408: calls $4.4
80887a85: folds
Hero: calls $3.4
9100d5f5: calls $2.4
*** FLOP *** [5d Kd 4c]
Hero: checks
9100d5f5: checks
83f30e15: checks
62cd1408: checks
*** TURN *** [5d Kd 4c] [Ac]
Hero: checks
9100d5f5: checks
83f30e15: checks
62cd1408: checks
*** RIVER *** [5d Kd 4c Ac] [7d]
Hero: checks
9100d5f5: checks
83f30e15: checks
62cd1408: checks
62cd1408: shows [Td 6c]
Hero: shows [7s 9c]
9100d5f5: shows [3c 4h]
83f30e15: shows [9h 8h]
*** SHOWDOWN ***
Hero collected $17.6 from pot
*** SUMMARY ***
Total pot $17.6
Board [5d Kd 4c Ac 7d]
Seat 3: 62cd1408 showed [Td 6c] and lost with Ace-High
Seat 4: 80887a85 folded before Flop (didn't bet)
Seat 6: 9100d5f5(big blind) showed [3c 4h] and lost with Pair of Fours
Seat 7: 83f30e15 showed [9h 8h] and lost with Ace-High
Seat 5: Hero(small blind) showed [7s 9c] and won ($17.6) with Pair of Sevens



Poker Hand #ring_829014607: NLH No Limit ($1/$2) - 2025/04/18 02:11:15
Table 'MR NLH 1/2' 7-max Seat #3 is the button
Seat 3: 62cd1408 ($273.37 in chips)
Seat 4: 80887a85 ($211.97 in chips)
Seat 6: 9100d5f5 ($68.43 in chips)
Seat 7: 83f30e15 ($342.3 in chips)
Seat 5: Hero ($301.77 in chips)
80887a85: posts small blind $1
Hero: posts big blind $2
*** HOLE CARDS ***
Dealt to 62cd1408 
Dealt to 80887a85 
Dealt to 9100d5f5 
Dealt to 83f30e15 
Dealt to Hero [6d Ts]
9100d5f5: folds
83f30e15: raises $3 to $5
62cd1408: calls $5
80887a85: folds
Hero: calls $3
*** FLOP *** [2d 3c 3s]
Hero: checks
83f30e15: checks
62cd1408: checks
*** TURN *** [2d 3c 3s] [Jc]
Hero: checks
83f30e15: bets $4
62cd1408: folds
Hero: folds
Uncalled bet ($4) returned to 83f30e15
*** SHOWDOWN ***
83f30e15 collected $16 from pot
*** SUMMARY ***
Total pot $16
Board [2d 3c 3s Jc]
Seat 3: 62cd1408 folded on the Turn
Seat 4: 80887a85(small blind) folded before Flop
Seat 6: 9100d5f5 folded before Flop (didn't bet)
Seat 7: 83f30e15won ($16) with Pair of Treys
Seat 5: Hero(big blind) folded on the Turn



Poker Hand #ring_829013388: NLH No Limit ($1/$2) - 2025/04/18 02:10:22
Table 'MR NLH 1/2' 7-max Seat #7 is the button
Seat 3: 62cd1408 ($200.75 in chips)
Seat 4: 80887a85 ($213.97 in chips)
Seat 6: 9100d5f5 ($141.43 in chips)
Seat 7: 83f30e15 ($342.3 in chips)
Seat 5: Hero ($306.77 in chips)
62cd1408: posts small blind $1
80887a85: posts big blind $2
*** HOLE CARDS ***
Dealt to 62cd1408 
Dealt to 80887a85 
Dealt to 9100d5f5 
Dealt to 83f30e15 
Dealt to Hero [Qs 9s]
Hero: raises $3 to $5
9100d5f5: calls $5
83f30e15: folds
62cd1408: calls $4
80887a85: folds
*** FLOP *** [Qh Ad 5s]
62cd1408: checks
Hero: checks
9100d5f5: checks
*** TURN *** [Qh Ad 5s] [6h]
62cd1408: bets $17
Hero: folds
9100d5f5: calls $17
*** RIVER *** [Qh Ad 5s 6h] [8d]
62cd1408: bets $51
9100d5f5: calls $51
62cd1408: shows [5h Qd]
9100d5f5: shows [Ah Th]
*** SHOWDOWN ***
62cd1408 collected $153 from pot
*** SUMMARY ***
Total pot $153
Board [Qh Ad 5s 6h 8d]
Seat 3: 62cd1408(small blind) showed [5h Qd] and won ($153) with Pair of Queens and Pair of Fives
Seat 4: 80887a85(big blind) folded before Flop
Seat 6: 9100d5f5 showed [Ah Th] and lost with Pair of Aces
Seat 7: 83f30e15 folded before Flop (didn't bet)
Seat 5: Hero folded on the Turn



Poker Hand #ring_829012488: NLH No Limit ($1/$2) - 2025/04/18 02:09:45
Table 'MR NLH 1/2' 7-max Seat #6 is the button
Seat 3: 62cd1408 ($202.75 in chips)
Seat 4: 80887a85 ($213.97 in chips)
Seat 6: 9100d5f5 ($138.65 in chips)
Seat 7: 83f30e15 ($343.3 in chips)
Seat 5: Hero ($306.77 in chips)
83f30e15: posts small blind $1
62cd1408: posts big blind $2
*** HOLE CARDS ***
Dealt to 62cd1408 
Dealt to 80887a85 
Dealt to 9100d5f5 
Dealt to 83f30e15 
Dealt to Hero [2c Jh]
80887a85: folds
Hero: folds
9100d5f5: calls $2
83f30e15: folds
62cd1408: checks
*** FLOP *** [3d Js Th]
62cd1408: checks
9100d5f5: bets $5
62cd1408: folds
Uncalled bet ($5) returned to 9100d5f5
*** SHOWDOWN ***
9100d5f5 collected $5 from pot
*** SUMMARY ***
Total pot $5
Board [3d Js Th]
Seat 3: 62cd1408(big blind) folded on the Flop
Seat 4: 80887a85 folded before Flop (didn't bet)
Seat 6: 9100d5f5won ($5) with Pair of Tens
Seat 7: 83f30e15(small blind) folded before Flop
Seat 5: Hero folded before Flop (didn't bet)



Poker Hand #ring_829011439: NLH No Limit ($1/$2) - 2025/04/18 02:08:59
Table 'MR NLH 1/2' 7-max Seat #5 is the button
Seat 3: 62cd1408 ($184 in chips)
Seat 4: 80887a85 ($231.97 in chips)
Seat 6: 9100d5f5 ($139.65 in chips)
Seat 7: 83f30e15 ($345.3 in chips)
Seat 5: Hero ($306.77 in chips)
9100d5f5: posts small blind $1
83f30e15: posts big blind $2
*** HOLE CARDS ***
Dealt to 62cd1408 
Dealt to 80887a85 
Dealt to 9100d5f5 
Dealt to 83f30e15 
Dealt to Hero [2s Tc]
62cd1408: raises $4 to $6
80887a85: raises $12 to $18
Hero: folds
9100d5f5: folds
83f30e15: folds
62cd1408: calls $12
*** FLOP *** [Th 9h Js]
62cd1408: checks
80887a85: checks
*** TURN *** [Th 9h Js] [Ah]
62cd1408: checks
80887a85: checks
*** RIVER *** [Th 9h Js Ah] [9d]
62cd1408: bets $39
80887a85: folds
Uncalled bet ($39) returned to 62cd1408
*** SHOWDOWN ***
62cd1408 collected $39 from pot
*** SUMMARY ***
Total pot $39
Board [Th 9h Js Ah 9d]
Seat 3: 62cd1408won ($39) with Pair of Aces and Pair of Nines
Seat 4: 80887a85 folded on the River
Seat 6: 9100d5f5(small blind) folded before Flop
Seat 7: 83f30e15(big blind) folded before Flop
Seat 5: Hero folded before Flop (didn't bet)



Poker Hand #ring_829009225: NLH No Limit ($1/$2) - 2025/04/18 02:07:24
Table 'MR NLH 1/2' 7-max Seat #4 is the button
Seat 3: 62cd1408 ($161.52 in chips)
Seat 4: 80887a85 ($231.97 in chips)
Seat 6: 9100d5f5 ($144.65 in chips)
Seat 7: 83f30e15 ($345.3 in chips)
Seat 5: Hero ($326.77 in chips)
Hero: posts small blind $1
9100d5f5: posts big blind $2
*** HOLE CARDS ***
Dealt to 62cd1408 
Dealt to 80887a85 
Dealt to 9100d5f5 
Dealt to 83f30e15 
Dealt to Hero [Ts 4s]
83f30e15: folds
62cd1408: calls $2
80887a85: folds
Hero: calls $1
9100d5f5: checks
*** FLOP *** [Td Ac 6c]
Hero: checks
9100d5f5: checks
62cd1408: checks
*** TURN *** [Td Ac 6c] [7s]
Hero: bets $3
9100d5f5: calls $3
62cd1408: calls $3
*** RIVER *** [Td Ac 6c 7s] [5h]
Hero: checks
9100d5f5: checks
62cd1408: bets $15
Hero: calls $15
9100d5f5: folds
62cd1408: shows [6s 5c]
Hero: shows [Ts 4s]
*** SHOWDOWN ***
62cd1408 collected $45 from pot
*** SUMMARY ***
Total pot $45
Board [Td Ac 6c 7s 5h]
Seat 3: 62cd1408 showed [6s 5c] and won ($45) with Pair of Sixes and Pair of Fives
Seat 4: 80887a85 folded before Flop (didn't bet)
Seat 6: 9100d5f5(big blind) folded on the River
Seat 7: 83f30e15 folded before Flop (didn't bet)
Seat 5: Hero(small blind) showed [Ts 4s] and lost with Pair of Tens



Poker Hand #ring_829007712: NLH No Limit ($1/$2) - 2025/04/18 02:06:19
Table 'MR NLH 1/2' 7-max Seat #3 is the button
Seat 3: 62cd1408 ($178.43 in chips)
Seat 4: 80887a85 ($232.97 in chips)
Seat 6: 9100d5f5 ($152.65 in chips)
Seat 7: 83f30e15 ($319.9 in chips)
Seat 5: Hero ($328.77 in chips)
80887a85: posts small blind $1
Hero: posts big blind $2
*** HOLE CARDS ***
Dealt to 62cd1408 
Dealt to 80887a85 
Dealt to 9100d5f5 
Dealt to 83f30e15 
Dealt to Hero [Jc 2c]
9100d5f5: calls $2
83f30e15: raises $6 to $8
62cd1408: calls $8
80887a85: folds
Hero: folds
9100d5f5: calls $6
*** FLOP *** [2d Qh As]
9100d5f5: checks
83f30e15: bets $8.91
62cd1408: calls $8.91
9100d5f5: folds
*** TURN *** [2d Qh As] [Th]
83f30e15: bets $33.62
62cd1408: folds
Uncalled bet ($33.62) returned to 83f30e15
*** SHOWDOWN ***
83f30e15 collected $44.82 from pot
*** SUMMARY ***
Total pot $44.82
Board [2d Qh As Th]
Seat 3: 62cd1408 folded on the Turn
Seat 4: 80887a85(small blind) folded before Flop
Seat 6: 9100d5f5 folded on the Flop
Seat 7: 83f30e15won ($44.82) with Pair of Aces
Seat 5: Hero(big blind) folded before Flop



Poker Hand #ring_829006573: NLH No Limit ($1/$2) - 2025/04/18 02:05:31
Table 'MR NLH 1/2' 7-max Seat #2 is the button
Seat 3: 62cd1408 ($190.43 in chips)
Seat 4: 80887a85 ($220.64 in chips)
Seat 6: 9100d5f5 ($154.65 in chips)
Seat 2: 6da634ae ($183.53 in chips)
Seat 7: 83f30e15 ($319.9 in chips)
Seat 5: Hero ($328.77 in chips)
62cd1408: posts small blind $1
80887a85: posts big blind $2
*** HOLE CARDS ***
Dealt to 62cd1408 
Dealt to 80887a85 
Dealt to 9100d5f5 
Dealt to 6da634ae 
Dealt to 83f30e15 
Dealt to Hero [6d Ac]
Hero: folds
9100d5f5: calls $2
83f30e15: folds
6da634ae: folds
62cd1408: calls $1
80887a85: raises $10 to $12
9100d5f5: folds
62cd1408: calls $10
*** FLOP *** [Jh 4s 4h]
62cd1408: checks
80887a85: bets $13
62cd1408: folds
Uncalled bet ($13) returned to 80887a85
*** SHOWDOWN ***
80887a85 collected $26 from pot
*** SUMMARY ***
Total pot $26
Board [Jh 4s 4h]
Seat 3: 62cd1408(small blind) folded on the Flop
Seat 4: 80887a85(big blind)won ($26) with Pair of Fours
Seat 6: 9100d5f5 folded before Flop
Seat 2: 6da634ae folded before Flop (didn't bet)
Seat 7: 83f30e15 folded before Flop (didn't bet)
Seat 5: Hero folded before Flop (didn't bet)



Poker Hand #ring_829006169: NLH No Limit ($1/$2) - 2025/04/18 02:05:14
Table 'MR NLH 1/2' 7-max Seat #7 is the button
Seat 3: 62cd1408 ($189.43 in chips)
Seat 4: 80887a85 ($220.64 in chips)
Seat 6: 9100d5f5 ($154.65 in chips)
Seat 2: 6da634ae ($184.53 in chips)
Seat 7: 83f30e15 ($319.9 in chips)
Seat 5: Hero ($328.77 in chips)
6da634ae: posts small blind $1
62cd1408: posts big blind $2
*** HOLE CARDS ***
Dealt to 62cd1408 
Dealt to 80887a85 
Dealt to 9100d5f5 
Dealt to 6da634ae 
Dealt to 83f30e15 
Dealt to Hero [5s 3h]
80887a85: folds
Hero: folds
9100d5f5: folds
83f30e15: folds
6da634ae: folds
*** SHOWDOWN ***
62cd1408 collected $3 from pot
*** SUMMARY ***
Total pot $3
Seat 3: 62cd1408(big blind)won ($3)
Seat 4: 80887a85 folded before Flop (didn't bet)
Seat 6: 9100d5f5 folded before Flop (didn't bet)
Seat 2: 6da634ae(small blind) folded before Flop
Seat 7: 83f30e15 folded before Flop (didn't bet)
Seat 5: Hero folded before Flop (didn't bet)



Poker Hand #ring_829005026: NLH No Limit ($1/$2) - 2025/04/18 02:04:25
Table 'MR NLH 1/2' 7-max Seat #6 is the button
Seat 3: 62cd1408 ($198.43 in chips)
Seat 4: 80887a85 ($210.08 in chips)
Seat 6: 9100d5f5 ($154.65 in chips)
Seat 2: 6da634ae ($186.53 in chips)
Seat 7: 83f30e15 ($320.9 in chips)
Seat 5: Hero ($328.77 in chips)
83f30e15: posts small blind $1
6da634ae: posts big blind $2
*** HOLE CARDS ***
Dealt to 62cd1408 
Dealt to 80887a85 
Dealt to 9100d5f5 
Dealt to 6da634ae 
Dealt to 83f30e15 
Dealt to Hero [6d 4s]
62cd1408: calls $2
80887a85: raises $7 to $9
Hero: folds
9100d5f5: folds
83f30e15: folds
6da634ae: folds
62cd1408: calls $7
*** FLOP *** [3h 7d Kd]
62cd1408: checks
80887a85: bets $15.54
62cd1408: folds
Uncalled bet ($15.54) returned to 80887a85
*** SHOWDOWN ***
80887a85 collected $21 from pot
*** SUMMARY ***
Total pot $21
Board [3h 7d Kd]
Seat 3: 62cd1408 folded on the Flop
Seat 4: 80887a85won ($21) with Pair of Kings
Seat 6: 9100d5f5 folded before Flop (didn't bet)
Seat 2: 6da634ae(big blind) folded before Flop
Seat 7: 83f30e15(small blind) folded before Flop
Seat 5: Hero folded before Flop (didn't bet)



Poker Hand #ring_829003538: NLH No Limit ($1/$2) - 2025/04/18 02:03:23
Table 'MR NLH 1/2' 7-max Seat #5 is the button
Seat 3: 62cd1408 ($200.43 in chips)
Seat 4: 80887a85 ($210.08 in chips)
Seat 6: 9100d5f5 ($155.65 in chips)
Seat 2: 6da634ae ($186.53 in chips)
Seat 7: 83f30e15 ($318.12 in chips)
Seat 5: Hero ($328.77 in chips)
9100d5f5: posts small blind $1
83f30e15: posts big blind $2
*** HOLE CARDS ***
Dealt to 62cd1408 
Dealt to 80887a85 
Dealt to 9100d5f5 
Dealt to 6da634ae 
Dealt to 83f30e15 
Dealt to Hero [4h Td]
6da634ae: folds
62cd1408: calls $2
80887a85: folds
Hero: folds
9100d5f5: folds
83f30e15: checks
*** FLOP *** [8s 7s Ts]
83f30e15: checks
62cd1408: checks
*** TURN *** [8s 7s Ts] [2h]
83f30e15: checks
62cd1408: checks
*** RIVER *** [8s 7s Ts 2h] [3h]
83f30e15: checks
62cd1408: checks
62cd1408: shows [6c Jc]
83f30e15: shows [5h 2c]
*** SHOWDOWN ***
83f30e15 collected $5 from pot
*** SUMMARY ***
Total pot $5
Board [8s 7s Ts 2h 3h]
Seat 3: 62cd1408 showed [6c Jc] and lost with Jack-High
Seat 4: 80887a85 folded before Flop (didn't bet)
Seat 6: 9100d5f5(small blind) folded before Flop
Seat 2: 6da634ae folded before Flop (didn't bet)
Seat 7: 83f30e15(big blind) showed [5h 2c] and won ($5) with Pair of Twos
Seat 5: Hero folded before Flop (didn't bet)



Poker Hand #ring_829002680: NLH No Limit ($1/$2) - 2025/04/18 02:02:48
Table 'MR NLH 1/2' 7-max Seat #4 is the button
Seat 3: 62cd1408 ($200.43 in chips)
Seat 4: 80887a85 ($210.08 in chips)
Seat 6: 9100d5f5 ($154.65 in chips)
Seat 2: 6da634ae ($186.53 in chips)
Seat 7: 83f30e15 ($318.12 in chips)
Seat 5: Hero ($329.77 in chips)
Hero: posts small blind $1
9100d5f5: posts big blind $2
*** HOLE CARDS ***
Dealt to 62cd1408 
Dealt to 80887a85 
Dealt to 9100d5f5 
Dealt to 6da634ae 
Dealt to 83f30e15 
Dealt to Hero [2d 7d]
83f30e15: folds
6da634ae: folds
62cd1408: folds
80887a85: folds
Hero: folds
*** SHOWDOWN ***
9100d5f5 collected $3 from pot
*** SUMMARY ***
Total pot $3
Seat 3: 62cd1408 folded before Flop (didn't bet)
Seat 4: 80887a85 folded before Flop (didn't bet)
Seat 6: 9100d5f5(big blind)won ($3)
Seat 2: 6da634ae folded before Flop (didn't bet)
Seat 7: 83f30e15 folded before Flop (didn't bet)
Seat 5: Hero(small blind) folded before Flop



Poker Hand #ring_829001588: NLH No Limit ($1/$2) - 2025/04/18 02:02:02
Table 'MR NLH 1/2' 7-max Seat #3 is the button
Seat 3: 62cd1408 ($202.43 in chips)
Seat 4: 80887a85 ($211.08 in chips)
Seat 6: 9100d5f5 ($149.96 in chips)
Seat 2: 6da634ae ($186.53 in chips)
Seat 7: 83f30e15 ($318.12 in chips)
Seat 5: Hero ($331.77 in chips)
80887a85: posts small blind $1
Hero: posts big blind $2
*** HOLE CARDS ***
Dealt to 62cd1408 
Dealt to 80887a85 
Dealt to 9100d5f5 
Dealt to 6da634ae 
Dealt to 83f30e15 
Dealt to Hero [2d 9s]
9100d5f5: calls $2
83f30e15: folds
6da634ae: folds
62cd1408: calls $2
80887a85: folds
Hero: checks
*** FLOP *** [8h 8d Kd]
Hero: checks
9100d5f5: bets $7
62cd1408: folds
Hero: folds
Uncalled bet ($7) returned to 9100d5f5
*** SHOWDOWN ***
9100d5f5 collected $7 from pot
*** SUMMARY ***
Total pot $7
Board [8h 8d Kd]
Seat 3: 62cd1408 folded on the Flop
Seat 4: 80887a85(small blind) folded before Flop
Seat 6: 9100d5f5won ($7) with Three Eights
Seat 2: 6da634ae folded before Flop (didn't bet)
Seat 7: 83f30e15 folded before Flop (didn't bet)
Seat 5: Hero(big blind) folded on the Flop



Poker Hand #ring_829000553: NLH No Limit ($1/$2) - 2025/04/18 02:01:19
Table 'MR NLH 1/2' 7-max Seat #2 is the button
Seat 3: 62cd1408 ($203.43 in chips)
Seat 4: 80887a85 ($173.08 in chips)
Seat 6: 9100d5f5 ($146.96 in chips)
Seat 2: 6da634ae ($186.53 in chips)
Seat 7: 83f30e15 ($318.12 in chips)
Seat 5: Hero ($331.77 in chips)
62cd1408: posts small blind $1
80887a85: posts big blind $2
*** HOLE CARDS ***
Dealt to 62cd1408 
Dealt to 80887a85 
Dealt to 9100d5f5 
Dealt to 6da634ae 
Dealt to 83f30e15 
Dealt to Hero [4s 9s]
Hero: folds
9100d5f5: raises $5 to $7
83f30e15: folds
6da634ae: folds
62cd1408: folds
80887a85: folds
Uncalled bet ($5) returned to 9100d5f5
*** SHOWDOWN ***
9100d5f5 collected $5 from pot
*** SUMMARY ***
Total pot $5
Seat 3: 62cd1408(small blind) folded before Flop
Seat 4: 80887a85(big blind) folded before Flop
Seat 6: 9100d5f5won ($5)
Seat 2: 6da634ae folded before Flop (didn't bet)
Seat 7: 83f30e15 folded before Flop (didn't bet)
Seat 5: Hero folded before Flop (didn't bet)



Poker Hand #ring_828999251: NLH No Limit ($1/$2) - 2025/04/18 02:00:26
Table 'MR NLH 1/2' 7-max Seat #7 is the button
Seat 3: 62cd1408 ($228.43 in chips)
Seat 4: 80887a85 ($179.08 in chips)
Seat 6: 9100d5f5 ($118.02 in chips)
Seat 2: 6da634ae ($187.53 in chips)
Seat 7: 83f30e15 ($318.12 in chips)
Seat 5: Hero ($331.77 in chips)
6da634ae: posts small blind $1
62cd1408: posts big blind $2
*** HOLE CARDS ***
Dealt to 62cd1408 
Dealt to 80887a85 
Dealt to 9100d5f5 
Dealt to 6da634ae 
Dealt to 83f30e15 
Dealt to Hero [2c Qh]
80887a85: raises $4 to $6
Hero: folds
9100d5f5: calls $6
83f30e15: folds
6da634ae: folds
62cd1408: calls $4
*** FLOP *** [6h 3c 7h]
62cd1408: checks
80887a85: checks
9100d5f5: checks
*** TURN *** [6h 3c 7h] [Ks]
62cd1408: bets $19
80887a85: folds
9100d5f5: calls $19
*** RIVER *** [6h 3c 7h Ks] [3s]
62cd1408: checks
9100d5f5: bets $18.81
62cd1408: folds
Uncalled bet ($18.81) returned to 9100d5f5
62cd1408: shows [6s 7d]
*** SHOWDOWN ***
9100d5f5 collected $57 from pot
*** SUMMARY ***
Total pot $57
Board [6h 3c 7h Ks 3s]
Seat 3: 62cd1408(big blind) folded on the River
Seat 4: 80887a85 folded on the Turn
Seat 6: 9100d5f5won ($57) with Pair of Kings and Pair of Treys
Seat 2: 6da634ae(small blind) folded before Flop
Seat 7: 83f30e15 folded before Flop (didn't bet)
Seat 5: Hero folded before Flop (didn't bet)



Poker Hand #ring_828998015: NLH No Limit ($1/$2) - 2025/04/18 01:59:35
Table 'MR NLH 1/2' 7-max Seat #6 is the button
Seat 3: 62cd1408 ($230.43 in chips)
Seat 4: 80887a85 ($179.08 in chips)
Seat 6: 9100d5f5 ($113.02 in chips)
Seat 2: 6da634ae ($189.53 in chips)
Seat 7: 83f30e15 ($319.12 in chips)
Seat 5: Hero ($331.77 in chips)
83f30e15: posts small blind $1
6da634ae: posts big blind $2
*** HOLE CARDS ***
Dealt to 62cd1408 
Dealt to 80887a85 
Dealt to 9100d5f5 
Dealt to 6da634ae 
Dealt to 83f30e15 
Dealt to Hero [2d Qs]
62cd1408: calls $2
80887a85: folds
Hero: folds
9100d5f5: raises $7 to $9
83f30e15: folds
6da634ae: folds
62cd1408: folds
Uncalled bet ($7) returned to 9100d5f5
*** SHOWDOWN ***
9100d5f5 collected $7 from pot
*** SUMMARY ***
Total pot $7
Seat 3: 62cd1408 folded before Flop
Seat 4: 80887a85 folded before Flop (didn't bet)
Seat 6: 9100d5f5won ($7)
Seat 2: 6da634ae(big blind) folded before Flop
Seat 7: 83f30e15(small blind) folded before Flop
Seat 5: Hero folded before Flop (didn't bet)



Poker Hand #ring_828996640: NLH No Limit ($1/$2) - 2025/04/18 01:58:39
Table 'MR NLH 1/2' 7-max Seat #5 is the button
Seat 4: 80887a85 ($179.08 in chips)
Seat 6: 9100d5f5 ($133.98 in chips)
Seat 2: 6da634ae ($169.04 in chips)
Seat 7: 83f30e15 ($321.12 in chips)
Seat 5: Hero ($331.77 in chips)
9100d5f5: posts small blind $1
83f30e15: posts big blind $2
*** HOLE CARDS ***
Dealt to 80887a85 
Dealt to 9100d5f5 
Dealt to 6da634ae 
Dealt to 83f30e15 
Dealt to Hero [5d Ts]
6da634ae: raises $3 to $5
80887a85: folds
Hero: folds
9100d5f5: calls $4
83f30e15: folds
*** FLOP *** [2s 9d Ks]
9100d5f5: checks
6da634ae: bets $3.96
9100d5f5: calls $3.96
*** TURN *** [2s 9d Ks] [7d]
9100d5f5: checks
6da634ae: bets $12
9100d5f5: calls $12
*** RIVER *** [2s 9d Ks 7d] [Qd]
9100d5f5: checks
6da634ae: checks
6da634ae: shows [Qs Ac]
9100d5f5: shows [2h Jh]
*** SHOWDOWN ***
6da634ae collected $43.92 from pot
*** SUMMARY ***
Total pot $43.92
Board [2s 9d Ks 7d Qd]
Seat 4: 80887a85 folded before Flop (didn't bet)
Seat 6: 9100d5f5(small blind) showed [2h Jh] and lost with Pair of Twos
Seat 2: 6da634ae showed [Qs Ac] and won ($43.92) with Pair of Queens
Seat 7: 83f30e15(big blind) folded before Flop
Seat 5: Hero folded before Flop (didn't bet)



Poker Hand #ring_828995902: NLH No Limit ($1/$2) - 2025/04/18 01:58:08
Table 'MR NLH 1/2' 7-max Seat #4 is the button
Seat 3: 62cd1408 ($230.43 in chips)
Seat 4: 80887a85 ($179.08 in chips)
Seat 6: 9100d5f5 ($135.98 in chips)
Seat 2: 6da634ae ($166.04 in chips)
Seat 7: 83f30e15 ($321.12 in chips)
Seat 5: Hero ($332.77 in chips)
Hero: posts small blind $1
9100d5f5: posts big blind $2
*** HOLE CARDS ***
Dealt to 62cd1408 
Dealt to 80887a85 
Dealt to 9100d5f5 
Dealt to 6da634ae 
Dealt to 83f30e15 
Dealt to Hero [7h 2c]
83f30e15: folds
6da634ae: raises $3 to $5
62cd1408: folds
80887a85: folds
Hero: folds
9100d5f5: folds
Uncalled bet ($3) returned to 6da634ae
*** SHOWDOWN ***
6da634ae collected $5 from pot
*** SUMMARY ***
Total pot $5
Seat 3: 62cd1408 folded before Flop (didn't bet)
Seat 4: 80887a85 folded before Flop (didn't bet)
Seat 6: 9100d5f5(big blind) folded before Flop
Seat 2: 6da634aewon ($5)
Seat 7: 83f30e15 folded before Flop (didn't bet)
Seat 5: Hero(small blind) folded before Flop



Poker Hand #ring_828994154: NLH No Limit ($1/$2) - 2025/04/18 01:56:56
Table 'MR NLH 1/2' 7-max Seat #3 is the button
Seat 3: 62cd1408 ($230.43 in chips)
Seat 4: 80887a85 ($180.08 in chips)
Seat 6: 9100d5f5 ($124.76 in chips)
Seat 2: 6da634ae ($171.54 in chips)
Seat 7: 83f30e15 ($321.12 in chips)
Seat 5: Hero ($338.27 in chips)
Seat 1: 13393666 ($227.6 in chips)
80887a85: posts small blind $1
Hero: posts big blind $2
*** HOLE CARDS ***
Dealt to 62cd1408 
Dealt to 80887a85 
Dealt to 9100d5f5 
Dealt to 6da634ae 
Dealt to 83f30e15 
Dealt to Hero [Th 2s]
Dealt to 13393666 
9100d5f5: calls $2
83f30e15: folds
13393666: folds
6da634ae: calls $2
62cd1408: folds
80887a85: folds
Hero: checks
*** FLOP *** [Ts 5h 2c]
Hero: checks
9100d5f5: checks
6da634ae: bets $3.5
Hero: calls $3.5
9100d5f5: calls $3.5
*** TURN *** [Ts 5h 2c] [Qh]
Hero: checks
9100d5f5: checks
6da634ae: checks
*** RIVER *** [Ts 5h 2c Qh] [5s]
Hero: checks
9100d5f5: bets $17.5
6da634ae: folds
Hero: folds
Uncalled bet ($17.5) returned to 9100d5f5
*** SHOWDOWN ***
9100d5f5 collected $17.5 from pot
*** SUMMARY ***
Total pot $17.5
Board [Ts 5h 2c Qh 5s]
Seat 3: 62cd1408 folded before Flop (didn't bet)
Seat 4: 80887a85(small blind) folded before Flop
Seat 6: 9100d5f5won ($17.5) with Three Fives
Seat 2: 6da634ae folded on the River
Seat 7: 83f30e15 folded before Flop (didn't bet)
Seat 5: Hero(big blind) folded on the River
Seat 1: 13393666 folded before Flop (didn't bet)



Poker Hand #ring_828993044: NLH No Limit ($1/$2) - 2025/04/18 01:56:11
Table 'MR NLH 1/2' 7-max Seat #2 is the button
Seat 3: 62cd1408 ($259.31 in chips)
Seat 4: 80887a85 ($182.08 in chips)
Seat 6: 9100d5f5 ($124.76 in chips)
Seat 2: 6da634ae ($171.54 in chips)
Seat 7: 83f30e15 ($321.12 in chips)
Seat 5: Hero ($338.27 in chips)
Seat 1: 13393666 ($199.9 in chips)
62cd1408: posts small blind $1
80887a85: posts big blind $2
*** HOLE CARDS ***
Dealt to 62cd1408 
Dealt to 80887a85 
Dealt to 9100d5f5 
Dealt to 6da634ae 
Dealt to 83f30e15 
Dealt to Hero [Ac 7h]
Dealt to 13393666 
Hero: folds
9100d5f5: folds
83f30e15: folds
13393666: calls $2
6da634ae: folds
62cd1408: calls $1
80887a85: checks
*** FLOP *** [4c Jh 9c]
62cd1408: bets $6
80887a85: folds
13393666: calls $6
*** TURN *** [4c Jh 9c] [2h]
62cd1408: bets $9
13393666: calls $9
*** RIVER *** [4c Jh 9c 2h] [Qc]
62cd1408: bets $11.88
13393666: raises $44.82 to $56.7
62cd1408: folds
Uncalled bet ($44.82) returned to 13393666
62cd1408: shows [Jc]
*** SHOWDOWN ***
13393666 collected $59.76 from pot
*** SUMMARY ***
Total pot $59.76
Board [4c Jh 9c 2h Qc]
Seat 3: 62cd1408(small blind) folded on the River
Seat 4: 80887a85(big blind) folded on the Flop
Seat 6: 9100d5f5 folded before Flop (didn't bet)
Seat 2: 6da634ae folded before Flop (didn't bet)
Seat 7: 83f30e15 folded before Flop (didn't bet)
Seat 5: Hero folded before Flop (didn't bet)
Seat 1: 13393666won ($59.76) with Pair of Nines



Poker Hand #ring_828991994: NLH No Limit ($1/$2) - 2025/04/18 01:55:27
Table 'MR NLH 1/2' 7-max Seat #1 is the button
Seat 3: 62cd1408 ($232.49 in chips)
Seat 4: 80887a85 ($182.08 in chips)
Seat 6: 9100d5f5 ($130.76 in chips)
Seat 2: 6da634ae ($172.54 in chips)
Seat 7: 83f30e15 ($321.12 in chips)
Seat 5: Hero ($338.27 in chips)
Seat 1: 13393666 ($222.57 in chips)
6da634ae: posts small blind $1
62cd1408: posts big blind $2
*** HOLE CARDS ***
Dealt to 62cd1408 
Dealt to 80887a85 
Dealt to 9100d5f5 
Dealt to 6da634ae 
Dealt to 83f30e15 
Dealt to Hero [3c Ah]
Dealt to 13393666 
80887a85: folds
Hero: folds
9100d5f5: calls $2
83f30e15: folds
13393666: raises $4 to $6
6da634ae: folds
62cd1408: calls $4
9100d5f5: calls $4
*** FLOP *** [6s Kh 3d]
62cd1408: bets $6.27
9100d5f5: folds
13393666: calls $6.27
*** TURN *** [6s Kh 3d] [4s]
62cd1408: bets $10.4
13393666: calls $10.4
*** RIVER *** [6s Kh 3d 4s] [Qc]
62cd1408: checks
13393666: checks
13393666: shows [Ad Jh]
62cd1408: shows [8s 6d]
*** SHOWDOWN ***
62cd1408 collected $52.34 from pot
*** SUMMARY ***
Total pot $52.34
Board [6s Kh 3d 4s Qc]
Seat 3: 62cd1408(big blind) showed [8s 6d] and won ($52.34) with Pair of Sixes
Seat 4: 80887a85 folded before Flop (didn't bet)
Seat 6: 9100d5f5 folded on the Flop
Seat 2: 6da634ae(small blind) folded before Flop
Seat 7: 83f30e15 folded before Flop (didn't bet)
Seat 5: Hero folded before Flop (didn't bet)
Seat 1: 13393666 showed [Ad Jh] and lost with Ace-High



Poker Hand #ring_828989898: NLH No Limit ($1/$2) - 2025/04/18 01:54:02
Table 'MR NLH 1/2' 7-max Seat #7 is the button
Seat 3: 62cd1408 ($232.49 in chips)
Seat 4: 80887a85 ($196 in chips)
Seat 6: 9100d5f5 ($99.56 in chips)
Seat 2: 6da634ae ($178.54 in chips)
Seat 7: 83f30e15 ($321.12 in chips)
Seat 5: Hero ($338.27 in chips)
Seat 1: 13393666 ($236.49 in chips)
13393666: posts small blind $1
6da634ae: posts big blind $2
*** HOLE CARDS ***
Dealt to 62cd1408 
Dealt to 80887a85 
Dealt to 9100d5f5 
Dealt to 6da634ae 
Dealt to 83f30e15 
Dealt to Hero [9c Js]
Dealt to 13393666 
62cd1408: folds
80887a85: raises $4 to $6
Hero: folds
9100d5f5: calls $6
83f30e15: folds
13393666: calls $5
6da634ae: calls $4
*** FLOP *** [Tc 2d Qh]
13393666: checks
6da634ae: checks
80887a85: checks
9100d5f5: checks
*** TURN *** [Tc 2d Qh] [4d]
13393666: checks
6da634ae: checks
80887a85: bets $7.92
9100d5f5: calls $7.92
13393666: calls $7.92
6da634ae: folds
*** RIVER *** [Tc 2d Qh 4d] [Qs]
13393666: checks
80887a85: checks
9100d5f5: checks
13393666: shows [2h 6h]
80887a85: shows [8h 8c]
9100d5f5: shows [9d Td]
*** SHOWDOWN ***
9100d5f5 collected $47.76 from pot
*** SUMMARY ***
Total pot $47.76
Board [Tc 2d Qh 4d Qs]
Seat 3: 62cd1408 folded before Flop (didn't bet)
Seat 4: 80887a85 showed [8h 8c] and lost with Pair of Queens and Pair of Eights
Seat 6: 9100d5f5 showed [9d Td] and won ($47.76) with Pair of Queens and Pair of Tens
Seat 2: 6da634ae(big blind) folded on the Turn
Seat 7: 83f30e15 folded before Flop (didn't bet)
Seat 5: Hero folded before Flop (didn't bet)
Seat 1: 13393666(small blind) showed [2h 6h] and lost with Pair of Queens and Pair of Twos



Poker Hand #ring_828988268: NLH No Limit ($1/$2) - 2025/04/18 01:52:54
Table 'MR NLH 1/2' 7-max Seat #6 is the button
Seat 3: 62cd1408 ($237.49 in chips)
Seat 4: 80887a85 ($196 in chips)
Seat 6: 9100d5f5 ($85 in chips)
Seat 2: 6da634ae ($183.54 in chips)
Seat 7: 83f30e15 ($322.12 in chips)
Seat 5: Hero ($338.27 in chips)
Seat 1: 13393666 ($241.49 in chips)
83f30e15: posts small blind $1
13393666: posts big blind $2
*** HOLE CARDS ***
Dealt to 62cd1408 
Dealt to 80887a85 
Dealt to 9100d5f5 
Dealt to 6da634ae 
Dealt to 83f30e15 
Dealt to Hero [6h 8s]
Dealt to 13393666 
6da634ae: raises $3 to $5
62cd1408: calls $5
80887a85: folds
Hero: folds
9100d5f5: calls $5
83f30e15: folds
13393666: calls $3
*** FLOP *** [4h Ah 8d]
13393666: checks
6da634ae: checks
62cd1408: checks
9100d5f5: checks
*** TURN *** [4h Ah 8d] [9h]
13393666: checks
6da634ae: checks
62cd1408: checks
9100d5f5: checks
*** RIVER *** [4h Ah 8d 9h] [9d]
13393666: checks
6da634ae: checks
62cd1408: checks
9100d5f5: checks
13393666: shows [Qc Td]
6da634ae: shows [Js Qd]
62cd1408: shows [3d 5d]
9100d5f5: shows [7s Kd]
*** SHOWDOWN ***
9100d5f5 collected $21 from pot
*** SUMMARY ***
Total pot $21
Board [4h Ah 8d 9h 9d]
Seat 3: 62cd1408 showed [3d 5d] and lost with Pair of Nines
Seat 4: 80887a85 folded before Flop (didn't bet)
Seat 6: 9100d5f5 showed [7s Kd] and won ($21) with Pair of Nines
Seat 2: 6da634ae showed [Js Qd] and lost with Pair of Nines
Seat 7: 83f30e15(small blind) folded before Flop
Seat 5: Hero folded before Flop (didn't bet)
Seat 1: 13393666(big blind) showed [Qc Td] and lost with Pair of Nines



Poker Hand #ring_828986847: NLH No Limit ($1/$2) - 2025/04/18 01:51:56
Table 'MR NLH 1/2' 7-max Seat #5 is the button
Seat 3: 62cd1408 ($265.99 in chips)
Seat 4: 80887a85 ($196 in chips)
Seat 6: 9100d5f5 ($86 in chips)
Seat 2: 6da634ae ($183.54 in chips)
Seat 7: 83f30e15 ($324.12 in chips)
Seat 5: Hero ($338.27 in chips)
Seat 1: 13393666 ($213.19 in chips)
9100d5f5: posts small blind $1
83f30e15: posts big blind $2
*** HOLE CARDS ***
Dealt to 62cd1408 
Dealt to 80887a85 
Dealt to 9100d5f5 
Dealt to 6da634ae 
Dealt to 83f30e15 
Dealt to Hero [8s 5d]
Dealt to 13393666 
13393666: calls $2
6da634ae: folds
62cd1408: raises $4 to $6
80887a85: folds
Hero: folds
9100d5f5: folds
83f30e15: folds
13393666: calls $4
*** FLOP *** [3d 6d 6c]
13393666: checks
62cd1408: bets $7.5
13393666: calls $7.5
*** TURN *** [3d 6d 6c] [4h]
13393666: checks
62cd1408: checks
*** RIVER *** [3d 6d 6c 4h] [8h]
13393666: checks
62cd1408: bets $15
13393666: calls $15
13393666: shows [9s Ac]
62cd1408: shows [Jc 7c]
*** SHOWDOWN ***
13393666 collected $60 from pot
*** SUMMARY ***
Total pot $60
Board [3d 6d 6c 4h 8h]
Seat 3: 62cd1408 showed [Jc 7c] and lost with Pair of Sixes
Seat 4: 80887a85 folded before Flop (didn't bet)
Seat 6: 9100d5f5(small blind) folded before Flop
Seat 2: 6da634ae folded before Flop (didn't bet)
Seat 7: 83f30e15(big blind) folded before Flop
Seat 5: Hero folded before Flop (didn't bet)
Seat 1: 13393666 showed [9s Ac] and won ($60) with Pair of Sixes



Poker Hand #ring_828984808: NLH No Limit ($1/$2) - 2025/04/18 01:50:33
Table 'MR NLH 1/2' 7-max Seat #4 is the button
Seat 3: 62cd1408 ($280.99 in chips)
Seat 4: 80887a85 ($196 in chips)
Seat 6: 9100d5f5 ($91 in chips)
Seat 2: 6da634ae ($198.54 in chips)
Seat 5: Hero ($306.02 in chips)
Seat 1: 13393666 ($213.19 in chips)
Hero: posts small blind $1
9100d5f5: posts big blind $2
*** HOLE CARDS ***
Dealt to 62cd1408 
Dealt to 80887a85 
Dealt to 9100d5f5 
Dealt to 6da634ae 
Dealt to Hero [5d 7d]
Dealt to 13393666 
13393666: folds
6da634ae: raises $3 to $5
62cd1408: calls $5
80887a85: folds
Hero: calls $4
9100d5f5: calls $3
*** FLOP *** [Kc 7h Jc]
Hero: checks
9100d5f5: checks
6da634ae: checks
62cd1408: bets $10
Hero: calls $10
9100d5f5: folds
6da634ae: calls $10
*** TURN *** [Kc 7h Jc] [7s]
Hero: checks
6da634ae: checks
62cd1408: checks
*** RIVER *** [Kc 7h Jc 7s] [Kh]
Hero: checks
6da634ae: checks
62cd1408: checks
6da634ae: shows [Jh Ah]
62cd1408: shows [Jd 9c]
Hero: shows [5d 7d]
*** SHOWDOWN ***
Hero collected $50 from pot
*** SUMMARY ***
Total pot $50
Board [Kc 7h Jc 7s Kh]
Seat 3: 62cd1408 showed [Jd 9c] and lost with Pair of Kings and Pair of Jacks
Seat 4: 80887a85 folded before Flop (didn't bet)
Seat 6: 9100d5f5(big blind) folded on the Flop
Seat 2: 6da634ae showed [Jh Ah] and lost with Pair of Kings and Pair of Jacks
Seat 5: Hero(small blind) showed [5d 7d] and won ($50) with Sevens Full over Kings
Seat 1: 13393666 folded before Flop (didn't bet)



Poker Hand #ring_828983453: NLH No Limit ($1/$2) - 2025/04/18 01:49:36
Table 'MR NLH 1/2' 7-max Seat #3 is the button
Seat 3: 62cd1408 ($270.43 in chips)
Seat 4: 80887a85 ($197 in chips)
Seat 6: 9100d5f5 ($100 in chips)
Seat 2: 6da634ae ($198.54 in chips)
Seat 5: Hero ($308.02 in chips)
80887a85: posts small blind $1
Hero: posts big blind $2
9100d5f5: posts big blind $2
*** HOLE CARDS ***
Dealt to 62cd1408 
Dealt to 80887a85 
Dealt to 9100d5f5 
Dealt to 6da634ae 
Dealt to Hero [Jc 3d]
9100d5f5: checks
6da634ae: folds
62cd1408: raises $7 to $9
80887a85: folds
Hero: folds
9100d5f5: calls $7
*** FLOP *** [Qh 4s As]
9100d5f5: checks
62cd1408: checks
*** TURN *** [Qh 4s As] [Js]
9100d5f5: checks
62cd1408: bets $6.93
9100d5f5: folds
Uncalled bet ($6.93) returned to 62cd1408
*** SHOWDOWN ***
62cd1408 collected $21 from pot
*** SUMMARY ***
Total pot $21
Board [Qh 4s As Js]
Seat 3: 62cd1408won ($21) with Ace High Flush
Seat 4: 80887a85(small blind) folded before Flop
Seat 6: 9100d5f5 folded on the Turn
Seat 2: 6da634ae folded before Flop (didn't bet)
Seat 5: Hero(big blind) folded before Flop



Poker Hand #ring_828982029: NLH No Limit ($1/$2) - 2025/04/18 01:48:37
Table 'MR NLH 1/2' 7-max Seat #2 is the button
Seat 3: 62cd1408 ($275.43 in chips)
Seat 4: 80887a85 ($202 in chips)
Seat 2: 6da634ae ($198.54 in chips)
Seat 5: Hero ($298.69 in chips)
Seat 1: 13393666 ($213.19 in chips)
62cd1408: posts small blind $1
80887a85: posts big blind $2
*** HOLE CARDS ***
Dealt to 62cd1408 
Dealt to 80887a85 
Dealt to 6da634ae 
Dealt to Hero [Ah Qs]
Dealt to 13393666 
Hero: raises $3 to $5
13393666: folds
6da634ae: folds
62cd1408: calls $4
80887a85: calls $3
*** FLOP *** [Qc 5h 5s]
62cd1408: checks
80887a85: checks
Hero: bets $4.5
62cd1408: folds
80887a85: folds
Uncalled bet ($4.5) returned to Hero
*** SHOWDOWN ***
Hero collected $15 from pot
*** SUMMARY ***
Total pot $15
Board [Qc 5h 5s]
Seat 3: 62cd1408(small blind) folded on the Flop
Seat 4: 80887a85(big blind) folded on the Flop
Seat 2: 6da634ae folded before Flop (didn't bet)
Seat 5: Herowon ($15) with Pair of Queens and Pair of Fives
Seat 1: 13393666 folded before Flop (didn't bet)



Poker Hand #ring_828980773: NLH No Limit ($1/$2) - 2025/04/18 01:47:46
Table 'MR NLH 1/2' 7-max Seat #1 is the button
Seat 3: 62cd1408 ($296.93 in chips)
Seat 2: 6da634ae ($177.56 in chips)
Seat 5: Hero ($298.69 in chips)
Seat 1: 13393666 ($215.19 in chips)
6da634ae: posts small blind $1
62cd1408: posts big blind $2
*** HOLE CARDS ***
Dealt to 62cd1408 
Dealt to 6da634ae 
Dealt to Hero [6d Tc]
Dealt to 13393666 
Hero: folds
13393666: calls $2
6da634ae: calls $1
62cd1408: checks
*** FLOP *** [Th Qh 3h]
6da634ae: checks
62cd1408: bets $6
13393666: folds
6da634ae: calls $6
*** TURN *** [Th Qh 3h] [Qd]
6da634ae: checks
62cd1408: bets $13.5
6da634ae: raises $19.7 to $33.2
62cd1408: folds
Uncalled bet ($19.7) returned to 6da634ae
*** SHOWDOWN ***
6da634ae collected $45 from pot
*** SUMMARY ***
Total pot $45
Board [Th Qh 3h Qd]
Seat 3: 62cd1408(big blind) folded on the Turn
Seat 2: 6da634ae(small blind)won ($45) with Three Queens
Seat 5: Hero folded before Flop (didn't bet)
Seat 1: 13393666 folded on the Flop



Poker Hand #ring_828979890: NLH No Limit ($1/$2) - 2025/04/18 01:47:12
Table 'MR NLH 1/2' 7-max Seat #5 is the button
Seat 3: 62cd1408 ($304.93 in chips)
Seat 2: 6da634ae ($179.56 in chips)
Seat 5: Hero ($298.69 in chips)
Seat 1: 13393666 ($206 in chips)
13393666: posts small blind $1
6da634ae: posts big blind $2
*** HOLE CARDS ***
Dealt to 62cd1408 
Dealt to 6da634ae 
Dealt to Hero [7s 2h]
Dealt to 13393666 
62cd1408: calls $2
Hero: folds
13393666: raises $6 to $8
6da634ae: folds
62cd1408: calls $6
*** FLOP *** [Ad 7h 8c]
13393666: bets $13.5
62cd1408: folds
Uncalled bet ($13.5) returned to 13393666
*** SHOWDOWN ***
13393666 collected $18 from pot
*** SUMMARY ***
Total pot $18
Board [Ad 7h 8c]
Seat 3: 62cd1408 folded on the Flop
Seat 2: 6da634ae(big blind) folded before Flop
Seat 5: Hero folded before Flop (didn't bet)
Seat 1: 13393666(small blind)won ($18) with Pair of Kings



Poker Hand #ring_828979376: NLH No Limit ($1/$2) - 2025/04/18 01:46:51
Table 'MR NLH 1/2' 7-max Seat #3 is the button
Seat 3: 62cd1408 ($304.93 in chips)
Seat 2: 6da634ae ($179.56 in chips)
Seat 5: Hero ($296.69 in chips)
Seat 1: 13393666 ($208 in chips)
Hero: posts small blind $1
13393666: posts big blind $2
*** HOLE CARDS ***
Dealt to 62cd1408 
Dealt to 6da634ae 
Dealt to Hero [6d Qd]
Dealt to 13393666 
6da634ae: folds
62cd1408: folds
Hero: raises $3 to $5
13393666: folds
Uncalled bet ($3) returned to Hero
*** SHOWDOWN ***
Hero collected $4 from pot
*** SUMMARY ***
Total pot $4
Seat 3: 62cd1408 folded before Flop (didn't bet)
Seat 2: 6da634ae folded before Flop (didn't bet)
Seat 5: Hero(small blind)won ($4)
Seat 1: 13393666(big blind) folded before Flop



Poker Hand #ring_828978038: NLH No Limit ($1/$2) - 2025/04/18 01:45:58
Table 'MR NLH 1/2' 7-max Seat #2 is the button
Seat 3: 62cd1408 ($305.93 in chips)
Seat 2: 6da634ae ($162.32 in chips)
Seat 5: Hero ($305.69 in chips)
Seat 1: 13393666 ($217 in chips)
62cd1408: posts small blind $1
Hero: posts big blind $2
*** HOLE CARDS ***
Dealt to 62cd1408 
Dealt to 6da634ae 
Dealt to Hero [Qd Td]
Dealt to 13393666 
13393666: calls $2
6da634ae: raises $7 to $9
62cd1408: folds
Hero: calls $7
13393666: calls $7
*** FLOP *** [4h 7d Kh]
Hero: checks
13393666: checks
6da634ae: bets $14
Hero: folds
13393666: folds
Uncalled bet ($14) returned to 6da634ae
*** SHOWDOWN ***
6da634ae collected $28 from pot
*** SUMMARY ***
Total pot $28
Board [4h 7d Kh]
Seat 3: 62cd1408(small blind) folded before Flop
Seat 2: 6da634aewon ($28) with Pair of Sevens
Seat 5: Hero(big blind) folded on the Flop
Seat 1: 13393666 folded on the Flop



Poker Hand #ring_828977419: NLH No Limit ($1/$2) - 2025/04/18 01:45:33
Table 'MR NLH 1/2' 7-max Seat #1 is the button
Seat 3: 62cd1408 ($307.93 in chips)
Seat 2: 6da634ae ($163.32 in chips)
Seat 5: Hero ($302.69 in chips)
Seat 1: 13393666 ($217 in chips)
6da634ae: posts small blind $1
62cd1408: posts big blind $2
*** HOLE CARDS ***
Dealt to 62cd1408 
Dealt to 6da634ae 
Dealt to Hero [Ac 2c]
Dealt to 13393666 
Hero: raises $3 to $5
13393666: folds
6da634ae: folds
62cd1408: folds
Uncalled bet ($3) returned to Hero
*** SHOWDOWN ***
Hero collected $5 from pot
*** SUMMARY ***
Total pot $5
Seat 3: 62cd1408(big blind) folded before Flop
Seat 2: 6da634ae(small blind) folded before Flop
Seat 5: Herowon ($5)
Seat 1: 13393666 folded before Flop (didn't bet)



Poker Hand #ring_828976259: NLH No Limit ($1/$2) - 2025/04/18 01:44:46
Table 'MR NLH 1/2' 7-max Seat #5 is the button
Seat 3: 62cd1408 ($293.09 in chips)
Seat 2: 6da634ae ($165.32 in chips)
Seat 5: Hero ($316.39 in chips)
Seat 1: 13393666 ($218 in chips)
13393666: posts small blind $1
6da634ae: posts big blind $2
*** HOLE CARDS ***
Dealt to 62cd1408 
Dealt to 6da634ae 
Dealt to Hero [5s 5h]
Dealt to 13393666 
62cd1408: calls $2
Hero: raises $6 to $8
13393666: folds
6da634ae: folds
62cd1408: calls $6
*** FLOP *** [As Qd Ts]
62cd1408: checks
Hero: bets $5.7
62cd1408: calls $5.7
*** TURN *** [As Qd Ts] [Tc]
62cd1408: checks
Hero: checks
*** RIVER *** [As Qd Ts Tc] [Jh]
62cd1408: checks
Hero: checks
62cd1408: shows [Qs 9h]
Hero: shows [5s 5h]
*** SHOWDOWN ***
62cd1408 collected $30.4 from pot
*** SUMMARY ***
Total pot $30.4
Board [As Qd Ts Tc Jh]
Seat 3: 62cd1408 showed [Qs 9h] and won ($30.4) with Pair of Queens and Pair of Tens
Seat 2: 6da634ae(big blind) folded before Flop
Seat 5: Hero showed [5s 5h] and lost with Pair of Tens and Pair of Fives
Seat 1: 13393666(small blind) folded before Flop



Poker Hand #ring_828974910: NLH No Limit ($1/$2) - 2025/04/18 01:43:51
Table 'MR NLH 1/2' 7-max Seat #3 is the button
Seat 3: 62cd1408 ($289.36 in chips)
Seat 2: 6da634ae ($165.32 in chips)
Seat 5: Hero ($318.39 in chips)
Seat 1: 13393666 ($220 in chips)
Hero: posts small blind $1
13393666: posts big blind $2
*** HOLE CARDS ***
Dealt to 62cd1408 
Dealt to 6da634ae 
Dealt to Hero [7d 3s]
Dealt to 13393666 
6da634ae: folds
62cd1408: calls $2
Hero: calls $1
13393666: checks
*** FLOP *** [8s 9c Kd]
Hero: checks
13393666: checks
62cd1408: checks
*** TURN *** [8s 9c Kd] [4c]
Hero: checks
13393666: checks
62cd1408: bets $6
Hero: folds
13393666: folds
Uncalled bet ($6) returned to 62cd1408
*** SHOWDOWN ***
62cd1408 collected $6 from pot
*** SUMMARY ***
Total pot $6
Board [8s 9c Kd 4c]
Seat 3: 62cd1408won ($6) with Pair of Fours
Seat 2: 6da634ae folded before Flop (didn't bet)
Seat 5: Hero(small blind) folded on the Turn
Seat 1: 13393666(big blind) folded on the Turn



Poker Hand #ring_828973461: NLH No Limit ($1/$2) - 2025/04/18 01:42:53
Table 'MR NLH 1/2' 7-max Seat #2 is the button
Seat 3: 62cd1408 ($273.21 in chips)
Seat 2: 6da634ae ($177.82 in chips)
Seat 5: Hero ($323.39 in chips)
62cd1408: posts small blind $1
Hero: posts big blind $2
*** HOLE CARDS ***
Dealt to 62cd1408 
Dealt to 6da634ae 
Dealt to Hero [6h Qh]
6da634ae: raises $3 to $5
62cd1408: calls $4
Hero: calls $3
*** FLOP *** [2s Kd Th]
62cd1408: checks
Hero: checks
6da634ae: checks
*** TURN *** [2s Kd Th] [Td]
62cd1408: bets $7.5
Hero: folds
6da634ae: calls $7.5
*** RIVER *** [2s Kd Th Td] [3h]
62cd1408: bets $22.5
6da634ae: folds
Uncalled bet ($22.5) returned to 62cd1408
62cd1408: shows [4s 5h]
*** SHOWDOWN ***
62cd1408 collected $30 from pot
*** SUMMARY ***
Total pot $30
Board [2s Kd Th Td 3h]
Seat 3: 62cd1408(small blind) showed [4s 5h] and won ($30) with Pair of Tens
Seat 2: 6da634ae folded on the River
Seat 5: Hero(big blind) folded on the Turn



Poker Hand #ring_828972686: NLH No Limit ($1/$2) - 2025/04/18 01:42:21
Table 'MR NLH 1/2' 7-max Seat #5 is the button
Seat 3: 62cd1408 ($271.39 in chips)
Seat 2: 6da634ae ($179.82 in chips)
Seat 5: Hero ($323.39 in chips)
6da634ae: posts small blind $1
62cd1408: posts big blind $2
*** HOLE CARDS ***
Dealt to 62cd1408 
Dealt to 6da634ae 
Dealt to Hero [6d 2h]
Hero: folds
6da634ae: calls $1
62cd1408: checks
*** FLOP *** [6s Td 4d]
6da634ae: checks
62cd1408: checks
*** TURN *** [6s Td 4d] [3d]
6da634ae: checks
62cd1408: bets $4
6da634ae: folds
Uncalled bet ($4) returned to 62cd1408
*** SHOWDOWN ***
62cd1408 collected $4 from pot
*** SUMMARY ***
Total pot $4
Board [6s Td 4d 3d]
Seat 3: 62cd1408(big blind)won ($4) with Pair of Tens
Seat 2: 6da634ae(small blind) folded on the Turn
Seat 5: Hero folded before Flop (didn't bet)



Poker Hand #ring_828971102: NLH No Limit ($1/$2) - 2025/04/18 01:41:19
Table 'MR NLH 1/2' 7-max Seat #3 is the button
Seat 3: 62cd1408 ($257.65 in chips)
Seat 2: 6da634ae ($181.82 in chips)
Seat 5: Hero ($336.39 in chips)
Hero: posts small blind $1
6da634ae: posts big blind $2
*** HOLE CARDS ***
Dealt to 62cd1408 
Dealt to 6da634ae 
Dealt to Hero [Qc 9s]
62cd1408: calls $2
Hero: raises $4 to $6
6da634ae: folds
62cd1408: raises $7 to $13
Hero: calls $7
*** FLOP *** [8h Td 9h]
Hero: checks
62cd1408: checks
*** TURN *** [8h Td 9h] [7h]
Hero: checks
62cd1408: checks
*** RIVER *** [8h Td 9h 7h] [2c]
Hero: checks
62cd1408: checks
62cd1408: shows [Ad Ac]
Hero: shows [Qc 9s]
*** SHOWDOWN ***
62cd1408 collected $28 from pot
*** SUMMARY ***
Total pot $28
Board [8h Td 9h 7h 2c]
Seat 3: 62cd1408 showed [Ad Ac] and won ($28) with Pair of Aces
Seat 2: 6da634ae(big blind) folded before Flop
Seat 5: Hero(small blind) showed [Qc 9s] and lost with Pair of Nines



Poker Hand #ring_828970202: NLH No Limit ($1/$2) - 2025/04/18 01:40:42
Table 'MR NLH 1/2' 7-max Seat #2 is the button
Seat 3: 62cd1408 ($258.65 in chips)
Seat 2: 6da634ae ($171.31 in chips)
Seat 5: Hero ($346.89 in chips)
62cd1408: posts small blind $1
Hero: posts big blind $2
*** HOLE CARDS ***
Dealt to 62cd1408 
Dealt to 6da634ae 
Dealt to Hero [9c 5c]
6da634ae: raises $3 to $5
62cd1408: folds
Hero: calls $3
*** FLOP *** [Ts 8s Kd]
Hero: checks
6da634ae: checks
*** TURN *** [Ts 8s Kd] [4d]
Hero: bets $5.5
6da634ae: calls $5.5
*** RIVER *** [Ts 8s Kd 4d] [Ad]
Hero: checks
6da634ae: checks
6da634ae: shows [6c 8c]
Hero: shows [9c 5c]
*** SHOWDOWN ***
6da634ae collected $22 from pot
*** SUMMARY ***
Total pot $22
Board [Ts 8s Kd 4d Ad]
Seat 3: 62cd1408(small blind) folded before Flop
Seat 2: 6da634ae showed [6c 8c] and won ($22) with Pair of Eights
Seat 5: Hero(big blind) showed [9c 5c] and lost with Ace-High



Poker Hand #ring_828968796: NLH No Limit ($1/$2) - 2025/04/18 01:39:47
Table 'MR NLH 1/2' 7-max Seat #5 is the button
Seat 3: 62cd1408 ($243.36 in chips)
Seat 2: 6da634ae ($172.31 in chips)
Seat 5: Hero ($362.64 in chips)
6da634ae: posts small blind $1
62cd1408: posts big blind $2
*** HOLE CARDS ***
Dealt to 62cd1408 
Dealt to 6da634ae 
Dealt to Hero [Qd 9d]
Hero: raises $4 to $6
6da634ae: folds
62cd1408: calls $4
*** FLOP *** [8s Kc Qc]
62cd1408: checks
Hero: checks
*** TURN *** [8s Kc Qc] [Jc]
62cd1408: bets $9.75
Hero: calls $9.75
*** RIVER *** [8s Kc Qc Jc] [4d]
62cd1408: bets $24.37
Hero: folds
Uncalled bet ($24.37) returned to 62cd1408
*** SHOWDOWN ***
62cd1408 collected $32.5 from pot
*** SUMMARY ***
Total pot $32.5
Board [8s Kc Qc Jc 4d]
Seat 3: 62cd1408(big blind)won ($32.5) with King High Flush
Seat 2: 6da634ae(small blind) folded before Flop
Seat 5: Hero folded on the River



Poker Hand #ring_828968495: NLH No Limit ($1/$2) - 2025/04/18 01:39:36
Table 'MR NLH 1/2' 7-max Seat #3 is the button
Seat 3: 62cd1408 ($243.36 in chips)
Seat 2: 6da634ae ($171.31 in chips)
Seat 5: Hero ($363.64 in chips)
Hero: posts small blind $1
6da634ae: posts big blind $2
*** HOLE CARDS ***
Dealt to 62cd1408 
Dealt to 6da634ae 
Dealt to Hero [5h Tc]
62cd1408: folds
Hero: folds
*** SHOWDOWN ***
6da634ae collected $3 from pot
*** SUMMARY ***
Total pot $3
Seat 3: 62cd1408 folded before Flop (didn't bet)
Seat 2: 6da634ae(big blind)won ($3)
Seat 5: Hero(small blind) folded before Flop



Poker Hand #ring_828967022: NLH No Limit ($1/$2) - 2025/04/18 01:38:39
Table 'MR NLH 1/2' 7-max Seat #2 is the button
Seat 3: 62cd1408 ($255.86 in chips)
Seat 2: 6da634ae ($202.56 in chips)
Seat 5: Hero ($323.26 in chips)
62cd1408: posts small blind $1
Hero: posts big blind $2
*** HOLE CARDS ***
Dealt to 62cd1408 
Dealt to 6da634ae 
Dealt to Hero [Kh 8s]
6da634ae: raises $3 to $5
62cd1408: calls $4
Hero: calls $3
*** FLOP *** [Kc Qh 8h]
62cd1408: checks
Hero: checks
6da634ae: checks
*** TURN *** [Kc Qh 8h] [2d]
62cd1408: bets $7.5
Hero: calls $7.5
6da634ae: calls $7.5
*** RIVER *** [Kc Qh 8h 2d] [4h]
62cd1408: checks
Hero: bets $18.75
6da634ae: calls $18.75
62cd1408: folds
6da634ae: shows [4s Qs]
Hero: shows [Kh 8s]
*** SHOWDOWN ***
Hero collected $75 from pot
*** SUMMARY ***
Total pot $75
Board [Kc Qh 8h 2d 4h]
Seat 3: 62cd1408(small blind) folded on the River
Seat 2: 6da634ae showed [4s Qs] and lost with Pair of Queens and Pair of Fours
Seat 5: Hero(big blind) showed [Kh 8s] and won ($75) with Pair of Kings and Pair of Eights



Poker Hand #ring_828966553: NLH No Limit ($1/$2) - 2025/04/18 01:38:19
Table 'MR NLH 1/2' 7-max Seat #5 is the button
Seat 3: 62cd1408 ($254.86 in chips)
Seat 2: 6da634ae ($203.56 in chips)
Seat 5: Hero ($323.26 in chips)
6da634ae: posts small blind $1
62cd1408: posts big blind $2
*** HOLE CARDS ***
Dealt to 62cd1408 
Dealt to 6da634ae 
Dealt to Hero [2s Jh]
Hero: folds
6da634ae: folds
*** SHOWDOWN ***
62cd1408 collected $3 from pot
*** SUMMARY ***
Total pot $3
Seat 3: 62cd1408(big blind)won ($3)
Seat 2: 6da634ae(small blind) folded before Flop
Seat 5: Hero folded before Flop (didn't bet)



Poker Hand #ring_828964788: NLH No Limit ($1/$2) - 2025/04/18 01:37:11
Table 'MR NLH 1/2' 7-max Seat #3 is the button
Seat 3: 62cd1408 ($245.67 in chips)
Seat 2: 6da634ae ($211.56 in chips)
Seat 5: Hero ($325.26 in chips)
Hero: posts small blind $1
6da634ae: posts big blind $2
*** HOLE CARDS ***
Dealt to 62cd1408 
Dealt to 6da634ae 
Dealt to Hero [Kh 5c]
62cd1408: calls $2
Hero: calls $1
6da634ae: checks
*** FLOP *** [2h 8h 8c]
Hero: checks
6da634ae: checks
62cd1408: checks
*** TURN *** [2h 8h 8c] [3h]
Hero: checks
6da634ae: checks
62cd1408: bets $6
Hero: folds
6da634ae: calls $6
*** RIVER *** [2h 8h 8c 3h] [Qh]
6da634ae: checks
62cd1408: checks
6da634ae: shows [4c 5h]
62cd1408: shows [9h 8s]
*** SHOWDOWN ***
62cd1408 collected $18 from pot
*** SUMMARY ***
Total pot $18
Board [2h 8h 8c 3h Qh]
Seat 3: 62cd1408 showed [9h 8s] and won ($18) with Queen High Flush
Seat 2: 6da634ae(big blind) showed [4c 5h] and lost with Queen High Flush
Seat 5: Hero(small blind) folded on the Turn



Poker Hand #ring_828963787: NLH No Limit ($1/$2) - 2025/04/18 01:36:33
Table 'MR NLH 1/2' 7-max Seat #2 is the button
Seat 3: 62cd1408 ($234.75 in chips)
Seat 2: 6da634ae ($211.56 in chips)
Seat 5: Hero ($337.26 in chips)
62cd1408: posts small blind $1
Hero: posts big blind $2
*** HOLE CARDS ***
Dealt to 62cd1408 
Dealt to 6da634ae 
Dealt to Hero [8s Qc]
6da634ae: folds
62cd1408: calls $1
Hero: raises $4 to $6
62cd1408: calls $4
*** FLOP *** [5d 2d 5s]
62cd1408: checks
Hero: checks
*** TURN *** [5d 2d 5s] [Ac]
62cd1408: checks
Hero: bets $6
62cd1408: calls $6
*** RIVER *** [5d 2d 5s Ac] [2c]
62cd1408: checks
Hero: checks
62cd1408: shows [As Kc]
Hero: shows [8s Qc]
*** SHOWDOWN ***
62cd1408 collected $24 from pot
*** SUMMARY ***
Total pot $24
Board [5d 2d 5s Ac 2c]
Seat 3: 62cd1408(small blind) showed [As Kc] and won ($24) with Pair of Aces and Pair of Fives
Seat 2: 6da634ae folded before Flop (didn't bet)
Seat 5: Hero(big blind) showed [8s Qc] and lost with Pair of Fives and Pair of Twos



Poker Hand #ring_828963434: NLH No Limit ($1/$2) - 2025/04/18 01:36:19
Table 'MR NLH 1/2' 7-max Seat #5 is the button
Seat 3: 62cd1408 ($233.75 in chips)
Seat 2: 6da634ae ($212.56 in chips)
Seat 5: Hero ($337.26 in chips)
6da634ae: posts small blind $1
62cd1408: posts big blind $2
*** HOLE CARDS ***
Dealt to 62cd1408 
Dealt to 6da634ae 
Dealt to Hero [3s 9h]
Hero: folds
6da634ae: folds
*** SHOWDOWN ***
62cd1408 collected $3 from pot
*** SUMMARY ***
Total pot $3
Seat 3: 62cd1408(big blind)won ($3)
Seat 2: 6da634ae(small blind) folded before Flop
Seat 5: Hero folded before Flop (didn't bet)



Poker Hand #ring_828962752: NLH No Limit ($1/$2) - 2025/04/18 01:35:53
Table 'MR NLH 1/2' 7-max Seat #3 is the button
Seat 3: 62cd1408 ($229.15 in chips)
Seat 2: 6da634ae ($216.56 in chips)
Seat 5: Hero ($338.26 in chips)
Hero: posts small blind $1
6da634ae: posts big blind $2
*** HOLE CARDS ***
Dealt to 62cd1408 
Dealt to 6da634ae 
Dealt to Hero [6s 9d]
62cd1408: raises $2 to $4
Hero: folds
6da634ae: calls $2
*** FLOP *** [5s 8c 5c]
6da634ae: checks
62cd1408: bets $9
6da634ae: folds
Uncalled bet ($9) returned to 62cd1408
*** SHOWDOWN ***
62cd1408 collected $9 from pot
*** SUMMARY ***
Total pot $9
Board [5s 8c 5c]
Seat 3: 62cd1408won ($9) with Pair of Fives
Seat 2: 6da634ae(big blind) folded on the Flop
Seat 5: Hero(small blind) folded before Flop



Poker Hand #ring_828961705: NLH No Limit ($1/$2) - 2025/04/18 01:35:12
Table 'MR NLH 1/2' 7-max Seat #2 is the button
Seat 3: 62cd1408 ($239.1 in chips)
Seat 2: 6da634ae ($202.73 in chips)
Seat 5: Hero ($343.26 in chips)
62cd1408: posts small blind $1
Hero: posts big blind $2
*** HOLE CARDS ***
Dealt to 62cd1408 
Dealt to 6da634ae 
Dealt to Hero [Th Jd]
6da634ae: raises $3 to $5
62cd1408: calls $4
Hero: calls $3
*** FLOP *** [7s 2d 7d]
62cd1408: checks
Hero: checks
6da634ae: bets $4.95
62cd1408: calls $4.95
Hero: folds
*** TURN *** [7s 2d 7d] [9h]
62cd1408: checks
6da634ae: bets $12.45
62cd1408: folds
Uncalled bet ($12.45) returned to 6da634ae
*** SHOWDOWN ***
6da634ae collected $24.9 from pot
*** SUMMARY ***
Total pot $24.9
Board [7s 2d 7d 9h]
Seat 3: 62cd1408(small blind) folded on the Turn
Seat 2: 6da634aewon ($24.9) with Pair of Sevens
Seat 5: Hero(big blind) folded on the Flop



Poker Hand #ring_828960778: NLH No Limit ($1/$2) - 2025/04/18 01:34:36
Table 'MR NLH 1/2' 7-max Seat #5 is the button
Seat 3: 62cd1408 ($228.59 in chips)
Seat 2: 6da634ae ($203.73 in chips)
Seat 5: Hero ($353.76 in chips)
6da634ae: posts small blind $1
62cd1408: posts big blind $2
*** HOLE CARDS ***
Dealt to 62cd1408 
Dealt to 6da634ae 
Dealt to Hero [Ah 4c]
Hero: raises $3 to $5
6da634ae: folds
62cd1408: calls $3
*** FLOP *** [3s 2h 7c]
62cd1408: checks
Hero: bets $5.5
62cd1408: calls $5.5
*** TURN *** [3s 2h 7c] [8h]
62cd1408: checks
Hero: checks
*** RIVER *** [3s 2h 7c 8h] [9s]
62cd1408: bets $16.5
Hero: folds
Uncalled bet ($16.5) returned to 62cd1408
*** SHOWDOWN ***
62cd1408 collected $22 from pot
*** SUMMARY ***
Total pot $22
Board [3s 2h 7c 8h 9s]
Seat 3: 62cd1408(big blind)won ($22) with Nines-High Straight
Seat 2: 6da634ae(small blind) folded before Flop
Seat 5: Hero folded on the River



Poker Hand #ring_828960165: NLH No Limit ($1/$2) - 2025/04/18 01:34:12
Table 'MR NLH 1/2' 7-max Seat #3 is the button
Seat 3: 62cd1408 ($225.81 in chips)
Seat 2: 6da634ae ($205.73 in chips)
Seat 5: Hero ($354.76 in chips)
Hero: posts small blind $1
6da634ae: posts big blind $2
*** HOLE CARDS ***
Dealt to 62cd1408 
Dealt to 6da634ae 
Dealt to Hero [2s 8c]
62cd1408: calls $2
Hero: folds
6da634ae: checks
*** FLOP *** [8s 2c Ah]
6da634ae: checks
62cd1408: bets $5
6da634ae: folds
Uncalled bet ($5) returned to 62cd1408
Hero: shows [2s 8c]
*** SHOWDOWN ***
62cd1408 collected $5 from pot
*** SUMMARY ***
Total pot $5
Board [8s 2c Ah]
Seat 3: 62cd1408won ($5) with Pair of Nines
Seat 2: 6da634ae(big blind) folded on the Flop
Seat 5: Hero(small blind) folded before Flop



Poker Hand #ring_828959534: NLH No Limit ($1/$2) - 2025/04/18 01:33:47
Table 'MR NLH 1/2' 7-max Seat #2 is the button
Seat 3: 62cd1408 ($227.81 in chips)
Seat 2: 6da634ae ($205.73 in chips)
Seat 5: Hero ($352.94 in chips)
62cd1408: posts small blind $1
Hero: posts big blind $2
*** HOLE CARDS ***
Dealt to 62cd1408 
Dealt to 6da634ae 
Dealt to Hero [Th 6c]
6da634ae: folds
62cd1408: calls $1
Hero: checks
*** FLOP *** [6h 4d 6s]
62cd1408: checks
Hero: bets $2
62cd1408: folds
Uncalled bet ($2) returned to Hero
*** SHOWDOWN ***
Hero collected $4 from pot
*** SUMMARY ***
Total pot $4
Board [6h 4d 6s]
Seat 3: 62cd1408(small blind) folded on the Flop
Seat 2: 6da634ae folded before Flop (didn't bet)
Seat 5: Hero(big blind)won ($4) with Three Sixes



Poker Hand #ring_828958605: NLH No Limit ($1/$2) - 2025/04/18 01:33:11
Table 'MR NLH 1/2' 7-max Seat #5 is the button
Seat 3: 62cd1408 ($232.81 in chips)
Seat 2: 6da634ae ($206.73 in chips)
Seat 5: Hero ($347.43 in chips)
6da634ae: posts small blind $1
62cd1408: posts big blind $2
*** HOLE CARDS ***
Dealt to 62cd1408 
Dealt to 6da634ae 
Dealt to Hero [8s Qh]
Hero: raises $3 to $5
6da634ae: folds
62cd1408: calls $3
*** FLOP *** [7s Kd 6h]
62cd1408: checks
Hero: checks
*** TURN *** [7s Kd 6h] [Js]
62cd1408: checks
Hero: checks
*** RIVER *** [7s Kd 6h Js] [8c]
62cd1408: checks
Hero: bets $5.5
62cd1408: folds
Uncalled bet ($5.5) returned to Hero
*** SHOWDOWN ***
Hero collected $11 from pot
*** SUMMARY ***
Total pot $11
Board [7s Kd 6h Js 8c]
Seat 3: 62cd1408(big blind) folded on the River
Seat 2: 6da634ae(small blind) folded before Flop
Seat 5: Herowon ($11) with Pair of Eights



Poker Hand #ring_828957833: NLH No Limit ($1/$2) - 2025/04/18 01:32:41
Table 'MR NLH 1/2' 7-max Seat #3 is the button
Seat 3: 62cd1408 ($232.81 in chips)
Seat 2: 6da634ae ($211.73 in chips)
Seat 5: Hero ($342.88 in chips)
Hero: posts small blind $1
6da634ae: posts big blind $2
*** HOLE CARDS ***
Dealt to 62cd1408 
Dealt to 6da634ae 
Dealt to Hero [Kd 4d]
62cd1408: folds
Hero: raises $3 to $5
6da634ae: calls $3
*** FLOP *** [2h Ks 8c]
Hero: checks
6da634ae: checks
*** TURN *** [2h Ks 8c] [3c]
Hero: bets $5
6da634ae: folds
Uncalled bet ($5) returned to Hero
*** SHOWDOWN ***
Hero collected $10 from pot
*** SUMMARY ***
Total pot $10
Board [2h Ks 8c 3c]
Seat 3: 62cd1408 folded before Flop (didn't bet)
Seat 2: 6da634ae(big blind) folded on the Turn
Seat 5: Hero(small blind)won ($10) with Pair of Kings



Poker Hand #ring_828957308: NLH No Limit ($1/$2) - 2025/04/18 01:32:21
Table 'MR NLH 1/2' 7-max Seat #2 is the button
Seat 3: 62cd1408 ($234.81 in chips)
Seat 2: 6da634ae ($211.73 in chips)
Seat 5: Hero ($340.88 in chips)
62cd1408: posts small blind $1
Hero: posts big blind $2
*** HOLE CARDS ***
Dealt to 62cd1408 
Dealt to 6da634ae 
Dealt to Hero [9c Kc]
6da634ae: folds
62cd1408: calls $1
Hero: raises $4 to $6
62cd1408: folds
Uncalled bet ($4) returned to Hero
62cd1408: shows [2d 7h]
*** SHOWDOWN ***
Hero collected $4 from pot
*** SUMMARY ***
Total pot $4
Seat 3: 62cd1408(small blind) folded before Flop
Seat 2: 6da634ae folded before Flop (didn't bet)
Seat 5: Hero(big blind)won ($4)



Poker Hand #ring_828956402: NLH No Limit ($1/$2) - 2025/04/18 01:31:45
Table 'MR NLH 1/2' 7-max Seat #5 is the button
Seat 3: 62cd1408 ($229.3 in chips)
Seat 2: 6da634ae ($212.73 in chips)
Seat 5: Hero ($345.88 in chips)
6da634ae: posts small blind $1
62cd1408: posts big blind $2
*** HOLE CARDS ***
Dealt to 62cd1408 
Dealt to 6da634ae 
Dealt to Hero [Jc 9h]
Hero: raises $3 to $5
6da634ae: folds
62cd1408: calls $3
*** FLOP *** [8d 4s 7c]
62cd1408: checks
Hero: checks
*** TURN *** [8d 4s 7c] [4c]
62cd1408: bets $11
Hero: folds
Uncalled bet ($11) returned to 62cd1408
*** SHOWDOWN ***
62cd1408 collected $11 from pot
*** SUMMARY ***
Total pot $11
Board [8d 4s 7c 4c]
Seat 3: 62cd1408(big blind)won ($11) with Pair of Sevens and Pair of Fours
Seat 2: 6da634ae(small blind) folded before Flop
Seat 5: Hero folded on the Turn



Poker Hand #ring_828955329: NLH No Limit ($1/$2) - 2025/04/18 01:31:04
Table 'MR NLH 1/2' 7-max Seat #0 is the button
Seat 3: 62cd1408 ($239.3 in chips)
Seat 2: 6da634ae ($201.72 in chips)
Seat 5: Hero ($347.88 in chips)
Hero: posts small blind $1
6da634ae: posts big blind $2
*** HOLE CARDS ***
Dealt to 62cd1408 
Dealt to 6da634ae 
Dealt to Hero [2s 5h]
62cd1408: calls $2
Hero: calls $1
6da634ae: checks
*** FLOP *** [9c Tc 7d]
Hero: checks
6da634ae: checks
62cd1408: checks
*** TURN *** [9c Tc 7d] [3d]
Hero: checks
6da634ae: bets $8
62cd1408: calls $8
Hero: folds
*** RIVER *** [9c Tc 7d 3d] [8d]
6da634ae: checks
62cd1408: checks
6da634ae: shows [3s Ts]
62cd1408: shows [8s Kc]
*** SHOWDOWN ***
6da634ae collected $22 from pot
*** SUMMARY ***
Total pot $22
Board [9c Tc 7d 3d 8d]
Seat 3: 62cd1408 showed [8s Kc] and lost with Pair of Eights
Seat 2: 6da634ae(big blind) showed [3s Ts] and won ($22) with Pair of Tens and Pair of Treys
Seat 5: Hero(small blind) folded on the Turn



Poker Hand #ring_828953997: NLH No Limit ($1/$2) - 2025/04/18 01:30:13
Table 'MR NLH 1/2' 7-max Seat #3 is the button
Seat 3: 62cd1408 ($152.99 in chips)
Seat 4: 3ca27d1 ($87 in chips)
Seat 2: 6da634ae ($207.72 in chips)
Seat 5: Hero ($349.88 in chips)
3ca27d1: posts small blind $1
Hero: posts big blind $2
*** HOLE CARDS ***
Dealt to 62cd1408 
Dealt to 3ca27d1 
Dealt to 6da634ae 
Dealt to Hero [Ad 5s]
6da634ae: raises $4 to $6
62cd1408: calls $6
3ca27d1: raises $20 to $26
Hero: folds
6da634ae: folds
62cd1408: calls $20
*** FLOP *** [2d Kc 3d]
3ca27d1: bets $30
62cd1408: raises $90 to $120
3ca27d1: calls $31 and is all-in
Uncalled bet ($59) returned to 62cd1408
62cd1408: shows [Jd Kd] (Pair of Kings)
3ca27d1: shows [Qs Qd] (Pair of Queens)
*** TURN *** [2d Kc 3d] [8s]
*** RIVER *** [2d Kc 3d 8s] [3h]
*** SHOWDOWN ***
62cd1408 collected $182 from pot
*** SUMMARY ***
Total pot $182
Board [2d Kc 3d 8s 3h]
Seat 3: 62cd1408 showed [Jd Kd] and won ($182) with Pair of Kings and Pair of Treys
Seat 4: 3ca27d1(small blind) showed [Qs Qd] and lost with Pair of Queens and Pair of Treys
Seat 2: 6da634ae folded before Flop
Seat 5: Hero(big blind) folded before Flop



Poker Hand #ring_828953090: NLH No Limit ($1/$2) - 2025/04/18 01:29:38
Table 'MR NLH 1/2' 7-max Seat #2 is the button
Seat 3: 62cd1408 ($158.99 in chips)
Seat 4: 3ca27d1 ($93 in chips)
Seat 2: 6da634ae ($207.72 in chips)
Seat 5: Hero ($338.69 in chips)
62cd1408: posts small blind $1
3ca27d1: posts big blind $2
*** HOLE CARDS ***
Dealt to 62cd1408 
Dealt to 3ca27d1 
Dealt to 6da634ae 
Dealt to Hero [Jh Jd]
Hero: raises $4 to $6
6da634ae: folds
62cd1408: calls $5
3ca27d1: calls $4
*** FLOP *** [Jc 7h Ts]
62cd1408: checks
3ca27d1: checks
Hero: bets $5.4
62cd1408: folds
3ca27d1: folds
Uncalled bet ($5.4) returned to Hero
*** SHOWDOWN ***
Hero collected $18 from pot
*** SUMMARY ***
Total pot $18
Board [Jc 7h Ts]
Seat 3: 62cd1408(small blind) folded on the Flop
Seat 4: 3ca27d1(big blind) folded on the Flop
Seat 2: 6da634ae folded before Flop (didn't bet)
Seat 5: Herowon ($18) with Three Jacks



Poker Hand #ring_828952314: NLH No Limit ($1/$2) - 2025/04/18 01:29:08
Table 'MR NLH 1/2' 7-max Seat #5 is the button
Seat 3: 62cd1408 ($151.66 in chips)
Seat 4: 3ca27d1 ($100 in chips)
Seat 2: 6da634ae ($208.72 in chips)
Seat 5: Hero ($338.69 in chips)
6da634ae: posts small blind $1
62cd1408: posts big blind $2
3ca27d1: posts big blind $2
*** HOLE CARDS ***
Dealt to 62cd1408 
Dealt to 3ca27d1 
Dealt to 6da634ae 
Dealt to Hero [3c 4d]
3ca27d1: checks
Hero: folds
6da634ae: folds
62cd1408: checks
*** FLOP *** [5s Js 3d]
62cd1408: checks
3ca27d1: bets $5
62cd1408: calls $5
*** TURN *** [5s Js 3d] [7h]
62cd1408: checks
3ca27d1: checks
*** RIVER *** [5s Js 3d 7h] [9s]
62cd1408: bets $15
3ca27d1: folds
Uncalled bet ($15) returned to 62cd1408
*** SHOWDOWN ***
62cd1408 collected $15 from pot
*** SUMMARY ***
Total pot $15
Board [5s Js 3d 7h 9s]
Seat 3: 62cd1408(big blind)won ($15) with Sevens-High Straight
Seat 4: 3ca27d1 folded on the River
Seat 2: 6da634ae(small blind) folded before Flop
Seat 5: Hero folded before Flop (didn't bet)



Poker Hand #ring_828951127: NLH No Limit ($1/$2) - 2025/04/18 01:28:25
Table 'MR NLH 1/2' 7-max Seat #3 is the button
Seat 3: 62cd1408 ($144.29 in chips)
Seat 2: 6da634ae ($210.72 in chips)
Seat 5: Hero ($344.69 in chips)
Hero: posts small blind $1
6da634ae: posts big blind $2
*** HOLE CARDS ***
Dealt to 62cd1408 
Dealt to 6da634ae 
Dealt to Hero [As Kd]
62cd1408: calls $2
Hero: raises $4 to $6
6da634ae: folds
62cd1408: calls $4
*** FLOP *** [2h Tc 5h]
Hero: checks
62cd1408: bets $10.5
Hero: folds
Uncalled bet ($10.5) returned to 62cd1408
*** SHOWDOWN ***
62cd1408 collected $14 from pot
*** SUMMARY ***
Total pot $14
Board [2h Tc 5h]
Seat 3: 62cd1408won ($14) with Pair of Fives
Seat 2: 6da634ae(big blind) folded before Flop
Seat 5: Hero(small blind) folded on the Flop



Poker Hand #ring_828948238: NLH No Limit ($1/$2) - 2025/04/18 01:26:34
Table 'MR NLH 1/2' 7-max Seat #2 is the button
Seat 3: 62cd1408 ($150.29 in chips)
Seat 2: 6da634ae ($297.36 in chips)
Seat 5: Hero ($260.11 in chips)
62cd1408: posts small blind $1
Hero: posts big blind $2
*** HOLE CARDS ***
Dealt to 62cd1408 
Dealt to 6da634ae 
Dealt to Hero [8h 8s]
6da634ae: raises $4 to $6
62cd1408: calls $5
Hero: raises $18 to $24
6da634ae: calls $18
62cd1408: folds
*** FLOP *** [6s 4c Td]
Hero: bets $27
6da634ae: calls $27
*** TURN *** [6s 4c Td] [5h]
Hero: checks
6da634ae: bets $35.64
Hero: calls $35.64
*** RIVER *** [6s 4c Td 5h] [Ks]
Hero: bets $44
6da634ae: folds
Uncalled bet ($44) returned to Hero
*** SHOWDOWN ***
Hero collected $179.28 from pot
*** SUMMARY ***
Total pot $179.28
Board [6s 4c Td 5h Ks]
Seat 3: 62cd1408(small blind) folded before Flop
Seat 2: 6da634ae folded on the River
Seat 5: Hero(big blind)won ($179.28) with Pair of Eights



Poker Hand #ring_828947800: NLH No Limit ($1/$2) - 2025/04/18 01:26:18
Table 'MR NLH 1/2' 7-max Seat #5 is the button
Seat 3: 62cd1408 ($148.29 in chips)
Seat 2: 6da634ae ($299.36 in chips)
Seat 5: Hero ($260.11 in chips)
6da634ae: posts small blind $1
62cd1408: posts big blind $2
*** HOLE CARDS ***
Dealt to 62cd1408 
Dealt to 6da634ae 
Dealt to Hero [Ks 2d]
Hero: folds
6da634ae: calls $1
62cd1408: raises $6 to $8
6da634ae: folds
Uncalled bet ($6) returned to 62cd1408
*** SHOWDOWN ***
62cd1408 collected $4 from pot
*** SUMMARY ***
Total pot $4
Seat 3: 62cd1408(big blind)won ($4)
Seat 2: 6da634ae(small blind) folded before Flop
Seat 5: Hero folded before Flop (didn't bet)



Poker Hand #ring_828946952: NLH No Limit ($1/$2) - 2025/04/18 01:25:45
Table 'MR NLH 1/2' 7-max Seat #3 is the button
Seat 3: 62cd1408 ($155.29 in chips)
Seat 2: 6da634ae ($292.03 in chips)
Seat 5: Hero ($261.11 in chips)
Hero: posts small blind $1
6da634ae: posts big blind $2
*** HOLE CARDS ***
Dealt to 62cd1408 
Dealt to 6da634ae 
Dealt to Hero [8d 3s]
62cd1408: calls $2
Hero: folds
6da634ae: checks
*** FLOP *** [Qc As 4h]
6da634ae: checks
62cd1408: checks
*** TURN *** [Qc As 4h] [Jc]
6da634ae: checks
62cd1408: bets $5
6da634ae: raises $7.5 to $12.5
62cd1408: folds
Uncalled bet ($7.5) returned to 6da634ae
62cd1408: shows [Jd]
*** SHOWDOWN ***
6da634ae collected $15 from pot
*** SUMMARY ***
Total pot $15
Board [Qc As 4h Jc]
Seat 3: 62cd1408 folded on the Turn
Seat 2: 6da634ae(big blind)won ($15) with Aces-High Straight
Seat 5: Hero(small blind) folded before Flop



Poker Hand #ring_828945482: NLH No Limit ($1/$2) - 2025/04/18 01:24:49
Table 'MR NLH 1/2' 7-max Seat #2 is the button
Seat 3: 62cd1408 ($161.6 in chips)
Seat 2: 6da634ae ($298.35 in chips)
Seat 5: Hero ($263.11 in chips)
62cd1408: posts small blind $1
Hero: posts big blind $2
*** HOLE CARDS ***
Dealt to 62cd1408 
Dealt to 6da634ae 
Dealt to Hero [9d Jh]
6da634ae: raises $4 to $6
62cd1408: raises $7 to $13
Hero: folds
6da634ae: calls $7
*** FLOP *** [5h Ac 5s]
62cd1408: bets $21
6da634ae: calls $21
*** TURN *** [5h Ac 5s] [Tc]
62cd1408: bets $35
6da634ae: calls $35
*** RIVER *** [5h Ac 5s Tc] [5d]
62cd1408: bets $92.6 and is all-in
6da634ae: calls $92.6
6da634ae: shows [3s Ah]
62cd1408: shows [Ks Ad]
*** SHOWDOWN ***
6da634ae collected $162.6 from pot
62cd1408 collected $162.6 from pot
*** SUMMARY ***
Total pot $325.2
Board [5h Ac 5s Tc 5d]
Seat 3: 62cd1408(small blind) showed [Ks Ad] and won ($162.6) with Fives Full over Aces
Seat 2: 6da634ae showed [3s Ah] and won ($162.6) with Fives Full over Aces
Seat 5: Hero(big blind) folded before Flop



Poker Hand #ring_828945051: NLH No Limit ($1/$2) - 2025/04/18 01:24:33
Table 'MR NLH 1/2' 7-max Seat #5 is the button
Seat 3: 62cd1408 ($160.6 in chips)
Seat 2: 6da634ae ($299.35 in chips)
Seat 5: Hero ($263.11 in chips)
6da634ae: posts small blind $1
62cd1408: posts big blind $2
*** HOLE CARDS ***
Dealt to 62cd1408 
Dealt to 6da634ae 
Dealt to Hero [Ts 8d]
Hero: folds
6da634ae: folds
*** SHOWDOWN ***
62cd1408 collected $3 from pot
*** SUMMARY ***
Total pot $3
Seat 3: 62cd1408(big blind)won ($3)
Seat 2: 6da634ae(small blind) folded before Flop
Seat 5: Hero folded before Flop (didn't bet)



Poker Hand #ring_828944716: NLH No Limit ($1/$2) - 2025/04/18 01:24:19
Table 'MR NLH 1/2' 7-max Seat #3 is the button
Seat 3: 62cd1408 ($157.6 in chips)
Seat 2: 6da634ae ($301.35 in chips)
Seat 5: Hero ($264.11 in chips)
Hero: posts small blind $1
6da634ae: posts big blind $2
*** HOLE CARDS ***
Dealt to 62cd1408 
Dealt to 6da634ae 
Dealt to Hero [Th 5d]
62cd1408: raises $4 to $6
Hero: folds
6da634ae: folds
Uncalled bet ($4) returned to 62cd1408
*** SHOWDOWN ***
62cd1408 collected $5 from pot
*** SUMMARY ***
Total pot $5
Seat 3: 62cd1408won ($5)
Seat 2: 6da634ae(big blind) folded before Flop
Seat 5: Hero(small blind) folded before Flop



Poker Hand #ring_828943836: NLH No Limit ($1/$2) - 2025/04/18 01:23:46
Table 'MR NLH 1/2' 7-max Seat #2 is the button
Seat 3: 62cd1408 ($163.6 in chips)
Seat 2: 6da634ae ($290.16 in chips)
Seat 5: Hero ($270.11 in chips)
62cd1408: posts small blind $1
Hero: posts big blind $2
*** HOLE CARDS ***
Dealt to 62cd1408 
Dealt to 6da634ae 
Dealt to Hero [Js 8d]
6da634ae: raises $4 to $6
62cd1408: calls $5
Hero: calls $4
*** FLOP *** [6s 3d Td]
62cd1408: checks
Hero: checks
6da634ae: bets $9
62cd1408: folds
Hero: folds
Uncalled bet ($9) returned to 6da634ae
*** SHOWDOWN ***
6da634ae collected $18 from pot
*** SUMMARY ***
Total pot $18
Board [6s 3d Td]
Seat 3: 62cd1408(small blind) folded on the Flop
Seat 2: 6da634aewon ($18) with Ace-High
Seat 5: Hero(big blind) folded on the Flop



Poker Hand #ring_828942032: NLH No Limit ($1/$2) - 2025/04/18 01:22:37
Table 'MR NLH 1/2' 7-max Seat #5 is the button
Seat 3: 62cd1408 ($85.15 in chips)
Seat 2: 6da634ae ($291.16 in chips)
Seat 5: Hero ($355.26 in chips)
6da634ae: posts small blind $1
62cd1408: posts big blind $2
*** HOLE CARDS ***
Dealt to 62cd1408 
Dealt to 6da634ae 
Dealt to Hero [9h 8c]
Hero: raises $3 to $5
6da634ae: folds
62cd1408: calls $3
*** FLOP *** [2c 3d 9s]
62cd1408: checks
Hero: bets $5.5
62cd1408: calls $5.5
*** TURN *** [2c 3d 9s] [Js]
62cd1408: checks
Hero: checks
*** RIVER *** [2c 3d 9s Js] [8h]
62cd1408: bets $22
Hero: raises $80 to $102
62cd1408: calls $52.65 and is all-in
Uncalled bet ($27.35) returned to Hero
62cd1408: shows [7s Th]
Hero: shows [9h 8c]
*** SHOWDOWN ***
62cd1408 collected $171.3 from pot
*** SUMMARY ***
Total pot $171.3
Board [2c 3d 9s Js 8h]
Seat 3: 62cd1408(big blind) showed [7s Th] and won ($171.3) with Jacks-High Straight
Seat 2: 6da634ae(small blind) folded before Flop
Seat 5: Hero showed [9h 8c] and lost with Pair of Nines and Pair of Eights



Poker Hand #ring_828941555: NLH No Limit ($1/$2) - 2025/04/18 01:22:18
Table 'MR NLH 1/2' 7-max Seat #3 is the button
Seat 3: 62cd1408 ($82.15 in chips)
Seat 2: 6da634ae ($293.16 in chips)
Seat 5: Hero ($356.26 in chips)
Hero: posts small blind $1
6da634ae: posts big blind $2
*** HOLE CARDS ***
Dealt to 62cd1408 
Dealt to 6da634ae 
Dealt to Hero [7c 9s]
62cd1408: raises $4 to $6
Hero: folds
6da634ae: folds
Uncalled bet ($4) returned to 62cd1408
*** SHOWDOWN ***
62cd1408 collected $5 from pot
*** SUMMARY ***
Total pot $5
Seat 3: 62cd1408won ($5)
Seat 2: 6da634ae(big blind) folded before Flop
Seat 5: Hero(small blind) folded before Flop



Poker Hand #ring_828941017: NLH No Limit ($1/$2) - 2025/04/18 01:21:58
Table 'MR NLH 1/2' 7-max Seat #2 is the button
Seat 3: 62cd1408 ($80.15 in chips)
Seat 2: 6da634ae ($293.16 in chips)
Seat 5: Hero ($358.26 in chips)
62cd1408: posts small blind $1
Hero: posts big blind $2
*** HOLE CARDS ***
Dealt to 62cd1408 
Dealt to 6da634ae 
Dealt to Hero [8c Th]
6da634ae: folds
62cd1408: raises $6 to $8
Hero: folds
Uncalled bet ($6) returned to 62cd1408
*** SHOWDOWN ***
62cd1408 collected $4 from pot
*** SUMMARY ***
Total pot $4
Seat 3: 62cd1408(small blind)won ($4)
Seat 2: 6da634ae folded before Flop (didn't bet)
Seat 5: Hero(big blind) folded before Flop



Poker Hand #ring_828940394: NLH No Limit ($1/$2) - 2025/04/18 01:21:34
Table 'MR NLH 1/2' 7-max Seat #5 is the button
Seat 3: 62cd1408 ($82.15 in chips)
Seat 2: 6da634ae ($291.34 in chips)
Seat 5: Hero ($358.26 in chips)
6da634ae: posts small blind $1
62cd1408: posts big blind $2
*** HOLE CARDS ***
Dealt to 62cd1408 
Dealt to 6da634ae 
Dealt to Hero [5c Qs]
Hero: folds
6da634ae: calls $1
62cd1408: checks
*** FLOP *** [Ah Kd 8s]
6da634ae: bets $2
62cd1408: folds
Uncalled bet ($2) returned to 6da634ae
*** SHOWDOWN ***
6da634ae collected $4 from pot
*** SUMMARY ***
Total pot $4
Board [Ah Kd 8s]
Seat 3: 62cd1408(big blind) folded on the Flop
Seat 2: 6da634ae(small blind)won ($4) with Ace-High
Seat 5: Hero folded before Flop (didn't bet)



Poker Hand #ring_828939092: NLH No Limit ($1/$2) - 2025/04/18 01:20:44
Table 'MR NLH 1/2' 7-max Seat #3 is the button
Seat 3: 62cd1408 ($81.56 in chips)
Seat 2: 6da634ae ($290.74 in chips)
Seat 5: Hero ($360.26 in chips)
Hero: posts small blind $1
6da634ae: posts big blind $2
*** HOLE CARDS ***
Dealt to 62cd1408 
Dealt to 6da634ae 
Dealt to Hero [4h Qh]
62cd1408: calls $2
Hero: calls $1
6da634ae: checks
*** FLOP *** [2d 2c 2s]
Hero: checks
6da634ae: checks
62cd1408: bets $6
Hero: folds
6da634ae: calls $6
*** TURN *** [2d 2c 2s] [Kc]
6da634ae: checks
62cd1408: checks
*** RIVER *** [2d 2c 2s Kc] [3s]
6da634ae: checks
62cd1408: checks
6da634ae: shows [4d Ah]
62cd1408: shows [Ad Jh]
*** SHOWDOWN ***
6da634ae collected $9 from pot
62cd1408 collected $9 from pot
*** SUMMARY ***
Total pot $18
Board [2d 2c 2s Kc 3s]
Seat 3: 62cd1408 showed [Ad Jh] and won ($9) with Three Twos
Seat 2: 6da634ae(big blind) showed [4d Ah] and won ($9) with Three Twos
Seat 5: Hero(small blind) folded on the Flop



Poker Hand #ring_828938354: NLH No Limit ($1/$2) - 2025/04/18 01:20:16
Table 'MR NLH 1/2' 7-max Seat #2 is the button
Seat 3: 62cd1408 ($83.56 in chips)
Seat 2: 6da634ae ($290.74 in chips)
Seat 5: Hero ($358.44 in chips)
62cd1408: posts small blind $1
Hero: posts big blind $2
*** HOLE CARDS ***
Dealt to 62cd1408 
Dealt to 6da634ae 
Dealt to Hero [6s 9s]
6da634ae: folds
62cd1408: calls $1
Hero: checks
*** FLOP *** [8c 6c 7d]
62cd1408: checks
Hero: bets $2
62cd1408: folds
Uncalled bet ($2) returned to Hero
*** SHOWDOWN ***
Hero collected $4 from pot
*** SUMMARY ***
Total pot $4
Board [8c 6c 7d]
Seat 3: 62cd1408(small blind) folded on the Flop
Seat 2: 6da634ae folded before Flop (didn't bet)
Seat 5: Hero(big blind)won ($4) with Pair of Sixes



Poker Hand #ring_828936974: NLH No Limit ($1/$2) - 2025/04/18 01:19:22
Table 'MR NLH 1/2' 7-max Seat #5 is the button
Seat 3: 62cd1408 ($85 in chips)
Seat 2: 6da634ae ($292.17 in chips)
Seat 5: Hero ($363.44 in chips)
6da634ae: posts small blind $1
62cd1408: posts big blind $2
*** HOLE CARDS ***
Dealt to 62cd1408 
Dealt to 6da634ae 
Dealt to Hero [Ts Kc]
Hero: raises $3 to $5
6da634ae: calls $4
62cd1408: raises $7.5 to $12.5
Hero: folds
6da634ae: calls $7.5
*** FIRST FLOP *** [9d Jc 3s]
6da634ae: checks
62cd1408: bets $30
6da634ae: raises $90 to $120
62cd1408: calls $42.5 and is all-in
Uncalled bet ($47.5) returned to 6da634ae
6da634ae: shows [8h Jh] (Pair of Jacks)
62cd1408: shows [Ac Ah] (Pair of Aces)
*** FIRST TURN *** [9d Jc 3s] [7c]
*** SECOND TURN *** [9d Jc 3s] [Ks]
*** FIRST RIVER *** [9d Jc 3s 7c] [Td]
*** SECOND RIVER *** [9d Jc 3s Ks] [Tc]
*** FIRST SHOWDOWN ***
6da634ae collected $87.51 from pot
*** SECOND SHOWDOWN ***
62cd1408 collected $87.49 from pot
*** SUMMARY ***
Total pot $175
Hand was run two timesFIRST Board [9d Jc 3s 7c Td]
SECOND Board [Ks Tc]
Seat 3: 62cd1408(big blind) showed [Ac Ah] and won ($87.49) with Pair of Aces / Pair of Aces
Seat 2: 6da634ae(small blind) showed [8h Jh] and won ($87.51) with Jacks-High Straight / Pair of Jacks
Seat 5: Hero folded before Flop



Poker Hand #ring_828935661: NLH No Limit ($1/$2) - 2025/04/18 01:18:31
Table 'MR NLH 1/2' 7-max Seat #5 is the button
Seat 3: 62cd1408 ($100 in chips)
Seat 2: 6da634ae ($264.19 in chips)
Seat 5: Hero ($378.44 in chips)
Hero: posts small blind $1
6da634ae: posts big blind $2
62cd1408: posts big blind $2
*** HOLE CARDS ***
Dealt to 62cd1408 
Dealt to 6da634ae 
Dealt to Hero [8d Td]
62cd1408: checks
Hero: raises $4 to $6
6da634ae: calls $4
62cd1408: calls $4
*** FLOP *** [9s Ad Qh]
6da634ae: checks
62cd1408: checks
Hero: checks
*** TURN *** [9s Ad Qh] [6h]
6da634ae: bets $9
62cd1408: calls $9
Hero: calls $9
*** RIVER *** [9s Ad Qh 6h] [Th]
6da634ae: checks
62cd1408: checks
Hero: checks
6da634ae: shows [Ac 6d]
62cd1408: shows [Jd Qc]
Hero: shows [8d Td]
*** SHOWDOWN ***
6da634ae collected $45 from pot
*** SUMMARY ***
Total pot $45
Board [9s Ad Qh 6h Th]
Seat 3: 62cd1408 showed [Jd Qc] and lost with Pair of Queens
Seat 2: 6da634ae(big blind) showed [Ac 6d] and won ($45) with Pair of Aces and Pair of Sixes
Seat 5: Hero(small blind) showed [8d Td] and lost with Pair of Tens



Poker Hand #ring_828932965: NLH No Limit ($1/$2) - 2025/04/18 01:16:47
Table 'MR NLH 1/2' 7-max Seat #2 is the button
Seat 2: 6da634ae ($187.79 in chips)
Seat 5: Hero ($458.44 in chips)
6da634ae: posts small blind $1
Hero: posts big blind $2
*** HOLE CARDS ***
Dealt to 6da634ae 
Dealt to Hero [Qh Ah]
6da634ae: raises $4 to $6
Hero: raises $14 to $20
6da634ae: calls $14
*** FLOP *** [Ad Jd 9d]
Hero: bets $12
6da634ae: calls $12
*** TURN *** [Ad Jd 9d] [2d]
Hero: bets $32
6da634ae: calls $32
*** RIVER *** [Ad Jd 9d 2d] [5c]
Hero: checks
6da634ae: bets $16
Hero: calls $16
6da634ae: shows [Kc Qd]
Hero: shows [Qh Ah]
*** SHOWDOWN ***
6da634ae collected $160 from pot
*** SUMMARY ***
Total pot $160
Board [Ad Jd 9d 2d 5c]
Seat 2: 6da634ae(small blind) showed [Kc Qd] and won ($160) with Ace High Flush
Seat 5: Hero(big blind) showed [Qh Ah] and lost with Pair of Aces



Poker Hand #ring_828932713: NLH No Limit ($1/$2) - 2025/04/18 01:16:37
Table 'MR NLH 1/2' 7-max Seat #5 is the button
Seat 2: 6da634ae ($186.79 in chips)
Seat 5: Hero ($459.44 in chips)
Hero: posts small blind $1
6da634ae: posts big blind $2
*** HOLE CARDS ***
Dealt to 6da634ae 
Dealt to Hero [6h 4c]
Hero: folds
*** SHOWDOWN ***
6da634ae collected $3 from pot
*** SUMMARY ***
Total pot $3
Seat 2: 6da634ae(big blind)won ($3)
Seat 5: Hero(small blind) folded before Flop



Poker Hand #ring_828931806: NLH No Limit ($1/$2) - 2025/04/18 01:16:03
Table 'MR NLH 1/2' 7-max Seat #2 is the button
Seat 2: 6da634ae ($188.79 in chips)
Seat 5: Hero ($457.53 in chips)
6da634ae: posts small blind $1
Hero: posts big blind $2
*** HOLE CARDS ***
Dealt to 6da634ae 
Dealt to Hero [7d Ts]
6da634ae: calls $1
Hero: checks
*** FLOP *** [2s 4s 3d]
Hero: checks
6da634ae: checks
*** TURN *** [2s 4s 3d] [Ac]
Hero: bets $2
6da634ae: folds
Uncalled bet ($2) returned to Hero
*** SHOWDOWN ***
Hero collected $4 from pot
*** SUMMARY ***
Total pot $4
Board [2s 4s 3d Ac]
Seat 2: 6da634ae(small blind) folded on the Turn
Seat 5: Hero(big blind)won ($4) with Ace-High



Poker Hand #ring_828931526: NLH No Limit ($1/$2) - 2025/04/18 01:15:52
Table 'MR NLH 1/2' 7-max Seat #5 is the button
Seat 2: 6da634ae ($187.79 in chips)
Seat 5: Hero ($458.53 in chips)
Hero: posts small blind $1
6da634ae: posts big blind $2
*** HOLE CARDS ***
Dealt to 6da634ae 
Dealt to Hero [5h 3d]
Hero: folds
*** SHOWDOWN ***
6da634ae collected $3 from pot
*** SUMMARY ***
Total pot $3
Seat 2: 6da634ae(big blind)won ($3)
Seat 5: Hero(small blind) folded before Flop



Poker Hand #ring_828931240: NLH No Limit ($1/$2) - 2025/04/18 01:15:42
Table 'MR NLH 1/2' 7-max Seat #2 is the button
Seat 2: 6da634ae ($188.79 in chips)
Seat 5: Hero ($457.53 in chips)
6da634ae: posts small blind $1
Hero: posts big blind $2
*** HOLE CARDS ***
Dealt to 6da634ae 
Dealt to Hero [Kh Th]
6da634ae: folds
*** SHOWDOWN ***
Hero collected $3 from pot
*** SUMMARY ***
Total pot $3
Seat 2: 6da634ae(small blind) folded before Flop
Seat 5: Hero(big blind)won ($3)



Poker Hand #ring_828930380: NLH No Limit ($1/$2) - 2025/04/18 01:15:09
Table 'MR NLH 1/2' 7-max Seat #5 is the button
Seat 2: 6da634ae ($179.24 in chips)
Seat 5: Hero ($467.53 in chips)
Hero: posts small blind $1
6da634ae: posts big blind $2
*** HOLE CARDS ***
Dealt to 6da634ae 
Dealt to Hero [Ad Qs]
Hero: raises $3 to $5
6da634ae: calls $3
*** FLOP *** [Jd Kd 5d]
6da634ae: checks
Hero: bets $5
6da634ae: calls $5
*** TURN *** [Jd Kd 5d] [6s]
6da634ae: checks
Hero: checks
*** RIVER *** [Jd Kd 5d 6s] [9s]
6da634ae: checks
Hero: checks
6da634ae: shows [Ks 2c]
Hero: shows [Ad Qs]
*** SHOWDOWN ***
6da634ae collected $20 from pot
*** SUMMARY ***
Total pot $20
Board [Jd Kd 5d 6s 9s]
Seat 2: 6da634ae(big blind) showed [Ks 2c] and won ($20) with Pair of Kings
Seat 5: Hero(small blind) showed [Ad Qs] and lost with Ace-High



Poker Hand #ring_828929340: NLH No Limit ($1/$2) - 2025/04/18 01:14:30
Table 'MR NLH 1/2' 7-max Seat #2 is the button
Seat 2: 6da634ae ($191.24 in chips)
Seat 5: Hero ($456.07 in chips)
6da634ae: posts small blind $1
Hero: posts big blind $2
*** HOLE CARDS ***
Dealt to 6da634ae 
Dealt to Hero [Jh 7h]
6da634ae: raises $4 to $6
Hero: calls $4
*** FLOP *** [Th 4c 9h]
Hero: checks
6da634ae: bets $6
Hero: raises $16 to $22
6da634ae: folds
Uncalled bet ($16) returned to Hero
*** SHOWDOWN ***
Hero collected $24 from pot
*** SUMMARY ***
Total pot $24
Board [Th 4c 9h]
Seat 2: 6da634ae(small blind) folded on the Flop
Seat 5: Hero(big blind)won ($24) with Jack-High



Poker Hand #ring_828929005: NLH No Limit ($1/$2) - 2025/04/18 01:14:17
Table 'MR NLH 1/2' 7-max Seat #5 is the button
Seat 2: 6da634ae ($193.24 in chips)
Seat 5: Hero ($454.07 in chips)
Hero: posts small blind $1
6da634ae: posts big blind $2
*** HOLE CARDS ***
Dealt to 6da634ae 
Dealt to Hero [Qd Ad]
Hero: raises $3 to $5
6da634ae: folds
Uncalled bet ($3) returned to Hero
*** SHOWDOWN ***
Hero collected $4 from pot
*** SUMMARY ***
Total pot $4
Seat 2: 6da634ae(big blind) folded before Flop
Seat 5: Hero(small blind)won ($4)



Poker Hand #ring_828928712: NLH No Limit ($1/$2) - 2025/04/18 01:14:05
Table 'MR NLH 1/2' 7-max Seat #2 is the button
Seat 2: 6da634ae ($194.24 in chips)
Seat 5: Hero ($453.07 in chips)
6da634ae: posts small blind $1
Hero: posts big blind $2
*** HOLE CARDS ***
Dealt to 6da634ae 
Dealt to Hero [6h 8c]
6da634ae: folds
*** SHOWDOWN ***
Hero collected $3 from pot
*** SUMMARY ***
Total pot $3
Seat 2: 6da634ae(small blind) folded before Flop
Seat 5: Hero(big blind)won ($3)



Poker Hand #ring_828928418: NLH No Limit ($1/$2) - 2025/04/18 01:13:54
Table 'MR NLH 1/2' 7-max Seat #5 is the button
Seat 2: 6da634ae ($193.24 in chips)
Seat 5: Hero ($454.07 in chips)
Hero: posts small blind $1
6da634ae: posts big blind $2
*** HOLE CARDS ***
Dealt to 6da634ae 
Dealt to Hero [Td 3s]
Hero: folds
*** SHOWDOWN ***
6da634ae collected $3 from pot
*** SUMMARY ***
Total pot $3
Seat 2: 6da634ae(big blind)won ($3)
Seat 5: Hero(small blind) folded before Flop



Poker Hand #ring_828928170: NLH No Limit ($1/$2) - 2025/04/18 01:13:44
Table 'MR NLH 1/2' 7-max Seat #2 is the button
Seat 2: 6da634ae ($194.24 in chips)
Seat 5: Hero ($453.07 in chips)
6da634ae: posts small blind $1
Hero: posts big blind $2
*** HOLE CARDS ***
Dealt to 6da634ae 
Dealt to Hero [9d 3s]
6da634ae: folds
*** SHOWDOWN ***
Hero collected $3 from pot
*** SUMMARY ***
Total pot $3
Seat 2: 6da634ae(small blind) folded before Flop
Seat 5: Hero(big blind)won ($3)



Poker Hand #ring_828926425: NLH No Limit ($1/$2) - 2025/04/18 01:12:38
Table 'MR NLH 1/2' 7-max Seat #5 is the button
Seat 2: 6da634ae ($248.24 in chips)
Seat 5: Hero ($401.5 in chips)
Hero: posts small blind $1
6da634ae: posts big blind $2
*** HOLE CARDS ***
Dealt to 6da634ae 
Dealt to Hero [4h 2h]
Hero: raises $3 to $5
6da634ae: calls $3
*** FLOP *** [4c 3c 5c]
6da634ae: checks
Hero: bets $3
6da634ae: calls $3
*** TURN *** [4c 3c 5c] [4d]
6da634ae: checks
Hero: bets $22
6da634ae: calls $22
*** RIVER *** [4c 3c 5c 4d] [Td]
6da634ae: checks
Hero: bets $24
6da634ae: calls $24
6da634ae: shows [Qs 5s]
Hero: shows [4h 2h]
*** SHOWDOWN ***
Hero collected $108 from pot
*** SUMMARY ***
Total pot $108
Board [4c 3c 5c 4d Td]
Seat 2: 6da634ae(big blind) showed [Qs 5s] and lost with Pair of Fives and Pair of Fours
Seat 5: Hero(small blind) showed [4h 2h] and won ($108) with Three Fours



Poker Hand #ring_828926130: NLH No Limit ($1/$2) - 2025/04/18 01:12:27
Table 'MR NLH 1/2' 7-max Seat #2 is the button
Seat 2: 6da634ae ($249.24 in chips)
Seat 5: Hero ($400.5 in chips)
6da634ae: posts small blind $1
Hero: posts big blind $2
*** HOLE CARDS ***
Dealt to 6da634ae 
Dealt to Hero [7c 5h]
6da634ae: folds
*** SHOWDOWN ***
Hero collected $3 from pot
*** SUMMARY ***
Total pot $3
Seat 2: 6da634ae(small blind) folded before Flop
Seat 5: Hero(big blind)won ($3)



Poker Hand #ring_828925610: NLH No Limit ($1/$2) - 2025/04/18 01:12:06
Table 'MR NLH 1/2' 7-max Seat #5 is the button
Seat 2: 6da634ae ($244.24 in chips)
Seat 5: Hero ($405.5 in chips)
Hero: posts small blind $1
6da634ae: posts big blind $2
*** HOLE CARDS ***
Dealt to 6da634ae 
Dealt to Hero [7h Ts]
Hero: raises $3 to $5
6da634ae: raises $14 to $19
Hero: folds
Uncalled bet ($14) returned to 6da634ae
*** SHOWDOWN ***
6da634ae collected $10 from pot
*** SUMMARY ***
Total pot $10
Seat 2: 6da634ae(big blind)won ($10)
Seat 5: Hero(small blind) folded before Flop



Poker Hand #ring_828924158: NLH No Limit ($1/$2) - 2025/04/18 01:11:11
Table 'MR NLH 1/2' 7-max Seat #2 is the button
Seat 2: 6da634ae ($256.24 in chips)
Seat 5: Hero ($394.04 in chips)
6da634ae: posts small blind $1
Hero: posts big blind $2
*** HOLE CARDS ***
Dealt to 6da634ae 
Dealt to Hero [Th Qh]
6da634ae: raises $4 to $6
Hero: calls $4
*** FLOP *** [9s 5h 2h]
Hero: checks
6da634ae: bets $6
Hero: calls $6
*** TURN *** [9s 5h 2h] [8h]
Hero: checks
6da634ae: checks
*** RIVER *** [9s 5h 2h 8h] [7h]
Hero: bets $7.2
6da634ae: folds
Uncalled bet ($7.2) returned to Hero
*** SHOWDOWN ***
Hero collected $24 from pot
*** SUMMARY ***
Total pot $24
Board [9s 5h 2h 8h 7h]
Seat 2: 6da634ae(small blind) folded on the River
Seat 5: Hero(big blind)won ($24) with Queen High Flush



Poker Hand #ring_828922867: NLH No Limit ($1/$2) - 2025/04/18 01:10:21
Table 'MR NLH 1/2' 7-max Seat #5 is the button
Seat 2: 6da634ae ($251.46 in chips)
Seat 5: Hero ($399.04 in chips)
Hero: posts small blind $1
6da634ae: posts big blind $2
*** HOLE CARDS ***
Dealt to 6da634ae 
Dealt to Hero [Ac 6h]
Hero: raises $3 to $5
6da634ae: calls $3
*** FLOP *** [Js 9h Ts]
6da634ae: checks
Hero: checks
*** TURN *** [Js 9h Ts] [3h]
6da634ae: bets $7.5
Hero: folds
Uncalled bet ($7.5) returned to 6da634ae
*** SHOWDOWN ***
6da634ae collected $10 from pot
*** SUMMARY ***
Total pot $10
Board [Js 9h Ts 3h]
Seat 2: 6da634ae(big blind)won ($10) with Pair of Tens
Seat 5: Hero(small blind) folded on the Turn



Poker Hand #ring_828922580: NLH No Limit ($1/$2) - 2025/04/18 01:10:10
Table 'MR NLH 1/2' 7-max Seat #2 is the button
Seat 2: 6da634ae ($252.46 in chips)
Seat 5: Hero ($398.04 in chips)
6da634ae: posts small blind $1
Hero: posts big blind $2
*** HOLE CARDS ***
Dealt to 6da634ae 
Dealt to Hero [Td Ac]
6da634ae: folds
*** SHOWDOWN ***
Hero collected $3 from pot
*** SUMMARY ***
Total pot $3
Seat 2: 6da634ae(small blind) folded before Flop
Seat 5: Hero(big blind)won ($3)



Poker Hand #ring_828922139: NLH No Limit ($1/$2) - 2025/04/18 01:09:55
Table 'MR NLH 1/2' 7-max Seat #5 is the button
Seat 2: 6da634ae ($254.46 in chips)
Seat 5: Hero ($396.04 in chips)
Hero: posts small blind $1
6da634ae: posts big blind $2
*** HOLE CARDS ***
Dealt to 6da634ae 
Dealt to Hero [Kc 2h]
Hero: raises $3 to $5
6da634ae: folds
Uncalled bet ($3) returned to Hero
*** SHOWDOWN ***
Hero collected $4 from pot
*** SUMMARY ***
Total pot $4
Seat 2: 6da634ae(big blind) folded before Flop
Seat 5: Hero(small blind)won ($4)



Poker Hand #ring_828920689: NLH No Limit ($1/$2) - 2025/04/18 01:08:59
Table 'MR NLH 1/2' 7-max Seat #2 is the button
Seat 2: 6da634ae ($266.46 in chips)
Seat 5: Hero ($384.58 in chips)
6da634ae: posts small blind $1
Hero: posts big blind $2
*** HOLE CARDS ***
Dealt to 6da634ae 
Dealt to Hero [5c Kc]
6da634ae: calls $1
Hero: raises $4 to $6
6da634ae: calls $4
*** FLOP *** [3s Qd Qh]
Hero: checks
6da634ae: checks
*** TURN *** [3s Qd Qh] [2c]
Hero: checks
6da634ae: checks
*** RIVER *** [3s Qd Qh 2c] [4h]
Hero: checks
6da634ae: bets $6
Hero: calls $6
6da634ae: shows [8d 6d]
Hero: shows [5c Kc]
*** SHOWDOWN ***
Hero collected $24 from pot
*** SUMMARY ***
Total pot $24
Board [3s Qd Qh 2c 4h]
Seat 2: 6da634ae(small blind) showed [8d 6d] and lost with Pair of Queens
Seat 5: Hero(big blind) showed [5c Kc] and won ($24) with Pair of Queens



Poker Hand #ring_828920215: NLH No Limit ($1/$2) - 2025/04/18 01:08:42
Table 'MR NLH 1/2' 7-max Seat #5 is the button
Seat 2: 6da634ae ($268.46 in chips)
Seat 5: Hero ($382.58 in chips)
Hero: posts small blind $1
6da634ae: posts big blind $2
*** HOLE CARDS ***
Dealt to 6da634ae 
Dealt to Hero [Jd As]
Hero: raises $4 to $6
6da634ae: folds
Uncalled bet ($4) returned to Hero
*** SHOWDOWN ***
Hero collected $4 from pot
*** SUMMARY ***
Total pot $4
Seat 2: 6da634ae(big blind) folded before Flop
Seat 5: Hero(small blind)won ($4)



Poker Hand #ring_828919198: NLH No Limit ($1/$2) - 2025/04/18 01:08:03
Table 'MR NLH 1/2' 7-max Seat #2 is the button
Seat 2: 6da634ae ($257 in chips)
Seat 5: Hero ($394.58 in chips)
6da634ae: posts small blind $1
Hero: posts big blind $2
*** HOLE CARDS ***
Dealt to 6da634ae 
Dealt to Hero [8d Ah]
6da634ae: raises $4 to $6
Hero: calls $4
*** FLOP *** [3c Jd 9c]
Hero: checks
6da634ae: bets $6
Hero: calls $6
*** TURN *** [3c Jd 9c] [4d]
Hero: checks
6da634ae: bets $16
Hero: folds
Uncalled bet ($16) returned to 6da634ae
*** SHOWDOWN ***
6da634ae collected $24 from pot
*** SUMMARY ***
Total pot $24
Board [3c Jd 9c 4d]
Seat 2: 6da634ae(small blind)won ($24) with Pair of Kings
Seat 5: Hero(big blind) folded on the Turn



Poker Hand #ring_828918468: NLH No Limit ($1/$2) - 2025/04/18 01:07:36
Table 'MR NLH 1/2' 7-max Seat #5 is the button
Seat 2: 6da634ae ($262 in chips)
Seat 5: Hero ($389.8 in chips)
Hero: posts small blind $1
6da634ae: posts big blind $2
*** HOLE CARDS ***
Dealt to 6da634ae 
Dealt to Hero [Js 8d]
Hero: raises $3 to $5
6da634ae: calls $3
*** FLOP *** [2d 3c Jd]
6da634ae: checks
Hero: bets $8
6da634ae: folds
Uncalled bet ($8) returned to Hero
*** SHOWDOWN ***
Hero collected $10 from pot
*** SUMMARY ***
Total pot $10
Board [2d 3c Jd]
Seat 2: 6da634ae(big blind) folded on the Flop
Seat 5: Hero(small blind)won ($10) with Pair of Jacks



Poker Hand #ring_828918003: NLH No Limit ($1/$2) - 2025/04/18 01:07:18
Table 'MR NLH 1/2' 7-max Seat #2 is the button
Seat 2: 6da634ae ($260 in chips)
Seat 5: Hero ($391.8 in chips)
6da634ae: posts small blind $1
Hero: posts big blind $2
*** HOLE CARDS ***
Dealt to 6da634ae 
Dealt to Hero [6h 5d]
6da634ae: raises $4 to $6
Hero: folds
Uncalled bet ($4) returned to 6da634ae
*** SHOWDOWN ***
6da634ae collected $4 from pot
*** SUMMARY ***
Total pot $4
Seat 2: 6da634ae(small blind)won ($4)
Seat 5: Hero(big blind) folded before Flop



Poker Hand #ring_828917542: NLH No Limit ($1/$2) - 2025/04/18 01:07:01
Table 'MR NLH 1/2' 7-max Seat #0 is the button
Seat 2: 6da634ae ($259 in chips)
Seat 5: Hero ($392.8 in chips)
Hero: posts small blind $1
6da634ae: posts big blind $2
*** HOLE CARDS ***
Dealt to 6da634ae 
Dealt to Hero [3d 6h]
Hero: folds
*** SHOWDOWN ***
6da634ae collected $3 from pot
*** SUMMARY ***
Total pot $3
Seat 2: 6da634ae(big blind)won ($3)
Seat 5: Hero(small blind) folded before Flop



Poker Hand #ring_828917251: NLH No Limit ($1/$2) - 2025/04/18 01:06:50
Table 'MR NLH 1/2' 7-max Seat #2 is the button
Seat 2: 6da634ae ($259 in chips)
Seat 5: Hero ($392.8 in chips)
Hero: posts big blind $2
*** HOLE CARDS ***
Dealt to 6da634ae 
Dealt to Hero [Qd 2h]
6da634ae: folds
Uncalled bet ($2) returned to Hero
*** SHOWDOWN ***
Hero collected $0 from pot
*** SUMMARY ***
Total pot $0
Seat 2: 6da634ae folded before Flop (didn't bet)
Seat 5: Hero(big blind)lost



Poker Hand #ring_828916393: NLH No Limit ($1/$2) - 2025/04/18 01:06:18
Table 'MR NLH 1/2' 7-max Seat #5 is the button
Seat 3: a21ff522 ($327.55 in chips)
Seat 2: 6da634ae ($252 in chips)
Seat 5: Hero ($397.8 in chips)
6da634ae: posts small blind $1
a21ff522: posts big blind $2
*** HOLE CARDS ***
Dealt to a21ff522 
Dealt to 6da634ae 
Dealt to Hero [Qs 5s]
Hero: raises $3 to $5
6da634ae: raises $14 to $19
a21ff522: folds
Hero: folds
Uncalled bet ($14) returned to 6da634ae
*** SHOWDOWN ***
6da634ae collected $12 from pot
*** SUMMARY ***
Total pot $12
Seat 3: a21ff522(big blind) folded before Flop
Seat 2: 6da634ae(small blind)won ($12)
Seat 5: Hero folded before Flop



Poker Hand #ring_828915420: NLH No Limit ($1/$2) - 2025/04/18 01:05:43
Table 'MR NLH 1/2' 7-max Seat #3 is the button
Seat 3: a21ff522 ($327.55 in chips)
Seat 2: 6da634ae ($258 in chips)
Seat 5: Hero ($392.34 in chips)
Hero: posts small blind $1
6da634ae: posts big blind $2
*** HOLE CARDS ***
Dealt to a21ff522 
Dealt to 6da634ae 
Dealt to Hero [Qs Ad]
a21ff522: folds
Hero: raises $4 to $6
6da634ae: calls $4
*** FLOP *** [Td 2h Qc]
Hero: bets $9.6
6da634ae: folds
Uncalled bet ($9.6) returned to Hero
*** SHOWDOWN ***
Hero collected $12 from pot
*** SUMMARY ***
Total pot $12
Board [Td 2h Qc]
Seat 3: a21ff522 folded before Flop (didn't bet)
Seat 2: 6da634ae(big blind) folded on the Flop
Seat 5: Hero(small blind)won ($12) with Pair of Queens



Poker Hand #ring_828914634: NLH No Limit ($1/$2) - 2025/04/18 01:05:13
Table 'MR NLH 1/2' 7-max Seat #3 is the button
Seat 3: a21ff522 ($339.55 in chips)
Seat 5: Hero ($380.88 in chips)
a21ff522: posts small blind $1
Hero: posts big blind $2
*** HOLE CARDS ***
Dealt to a21ff522 
Dealt to Hero [2c Ah]
a21ff522: raises $4 to $6
Hero: calls $4
*** FLOP *** [9h 6h 2s]
Hero: checks
a21ff522: bets $6
Hero: calls $6
*** TURN *** [9h 6h 2s] [9c]
Hero: checks
a21ff522: checks
*** RIVER *** [9h 6h 2s 9c] [4s]
Hero: checks
a21ff522: checks
a21ff522: shows [Kh 5h]
Hero: shows [2c Ah]
*** SHOWDOWN ***
Hero collected $24 from pot
*** SUMMARY ***
Total pot $24
Board [9h 6h 2s 9c 4s]
Seat 3: a21ff522(small blind) showed [Kh 5h] and lost with Pair of Nines
Seat 5: Hero(big blind) showed [2c Ah] and won ($24) with Pair of Nines and Pair of Twos



Poker Hand #ring_828914249: NLH No Limit ($1/$2) - 2025/04/18 01:04:59
Table 'MR NLH 1/2' 7-max Seat #5 is the button
Seat 3: a21ff522 ($338.55 in chips)
Seat 5: Hero ($381.88 in chips)
Hero: posts small blind $1
a21ff522: posts big blind $2
*** HOLE CARDS ***
Dealt to a21ff522 
Dealt to Hero [4d 9c]
Hero: folds
*** SHOWDOWN ***
a21ff522 collected $3 from pot
*** SUMMARY ***
Total pot $3
Seat 3: a21ff522(big blind)won ($3)
Seat 5: Hero(small blind) folded before Flop



Poker Hand #ring_828913959: NLH No Limit ($1/$2) - 2025/04/18 01:04:49
Table 'MR NLH 1/2' 7-max Seat #3 is the button
Seat 3: a21ff522 ($339.55 in chips)
Seat 5: Hero ($380.88 in chips)
a21ff522: posts small blind $1
Hero: posts big blind $2
*** HOLE CARDS ***
Dealt to a21ff522 
Dealt to Hero [Jd 3d]
a21ff522: folds
*** SHOWDOWN ***
Hero collected $3 from pot
*** SUMMARY ***
Total pot $3
Seat 3: a21ff522(small blind) folded before Flop
Seat 5: Hero(big blind)won ($3)



Poker Hand #ring_828913527: NLH No Limit ($1/$2) - 2025/04/18 01:04:32
Table 'MR NLH 1/2' 7-max Seat #5 is the button
Seat 3: a21ff522 ($334.55 in chips)
Seat 5: Hero ($385.88 in chips)
Hero: posts small blind $1
a21ff522: posts big blind $2
*** HOLE CARDS ***
Dealt to a21ff522 
Dealt to Hero [2d 5d]
Hero: raises $3 to $5
a21ff522: raises $13 to $18
Hero: folds
Uncalled bet ($13) returned to a21ff522
*** SHOWDOWN ***
a21ff522 collected $10 from pot
*** SUMMARY ***
Total pot $10
Seat 3: a21ff522(big blind)won ($10)
Seat 5: Hero(small blind) folded before Flop



Poker Hand #ring_828913241: NLH No Limit ($1/$2) - 2025/04/18 01:04:22
Table 'MR NLH 1/2' 7-max Seat #3 is the button
Seat 3: a21ff522 ($335.55 in chips)
Seat 5: Hero ($384.88 in chips)
a21ff522: posts small blind $1
Hero: posts big blind $2
*** HOLE CARDS ***
Dealt to a21ff522 
Dealt to Hero [Ks 5d]
a21ff522: folds
*** SHOWDOWN ***
Hero collected $3 from pot
*** SUMMARY ***
Total pot $3
Seat 3: a21ff522(small blind) folded before Flop
Seat 5: Hero(big blind)won ($3)



Poker Hand #ring_828912945: NLH No Limit ($1/$2) - 2025/04/18 01:04:11
Table 'MR NLH 1/2' 7-max Seat #5 is the button
Seat 3: a21ff522 ($334.55 in chips)
Seat 5: Hero ($385.88 in chips)
Hero: posts small blind $1
a21ff522: posts big blind $2
*** HOLE CARDS ***
Dealt to a21ff522 
Dealt to Hero [6d Jc]
Hero: folds
*** SHOWDOWN ***
a21ff522 collected $3 from pot
*** SUMMARY ***
Total pot $3
Seat 3: a21ff522(big blind)won ($3)
Seat 5: Hero(small blind) folded before Flop



Poker Hand #ring_828911285: NLH No Limit ($1/$2) - 2025/04/18 01:03:08
Table 'MR NLH 1/2' 7-max Seat #3 is the button
Seat 3: a21ff522 ($414.55 in chips)
Seat 5: Hero ($309.48 in chips)
a21ff522: posts small blind $1
Hero: posts big blind $2
*** HOLE CARDS ***
Dealt to a21ff522 
Dealt to Hero [Ad Kd]
a21ff522: raises $4 to $6
Hero: raises $14 to $20
a21ff522: calls $14
*** FLOP *** [Js 8d Jh]
Hero: checks
a21ff522: bets $20
Hero: calls $20
*** TURN *** [Js 8d Jh] [Td]
Hero: checks
a21ff522: bets $40
Hero: raises $70 to $110
a21ff522: folds
Uncalled bet ($70) returned to Hero
*** SHOWDOWN ***
Hero collected $160 from pot
*** SUMMARY ***
Total pot $160
Board [Js 8d Jh Td]
Seat 3: a21ff522(small blind) folded on the Turn
Seat 5: Hero(big blind)won ($160) with Pair of Jacks



Poker Hand #ring_828910870: NLH No Limit ($1/$2) - 2025/04/18 01:02:54
Table 'MR NLH 1/2' 7-max Seat #5 is the button
Seat 3: a21ff522 ($413.55 in chips)
Seat 5: Hero ($310.48 in chips)
Hero: posts small blind $1
a21ff522: posts big blind $2
*** HOLE CARDS ***
Dealt to a21ff522 
Dealt to Hero [2h Qs]
Hero: folds
*** SHOWDOWN ***
a21ff522 collected $3 from pot
*** SUMMARY ***
Total pot $3
Seat 3: a21ff522(big blind)won ($3)
Seat 5: Hero(small blind) folded before Flop



Poker Hand #ring_828910389: NLH No Limit ($1/$2) - 2025/04/18 01:02:36
Table 'MR NLH 1/2' 7-max Seat #3 is the button
Seat 3: a21ff522 ($414.55 in chips)
Seat 5: Hero ($309.48 in chips)
a21ff522: posts small blind $1
Hero: posts big blind $2
*** HOLE CARDS ***
Dealt to a21ff522 
Dealt to Hero [Th As]
a21ff522: folds
*** SHOWDOWN ***
Hero collected $3 from pot
*** SUMMARY ***
Total pot $3
Seat 3: a21ff522(small blind) folded before Flop
Seat 5: Hero(big blind)won ($3)



Poker Hand #ring_828909702: NLH No Limit ($1/$2) - 2025/04/18 01:02:09
Table 'MR NLH 1/2' 7-max Seat #5 is the button
Seat 3: a21ff522 ($419.55 in chips)
Seat 5: Hero ($304.7 in chips)
Hero: posts small blind $1
a21ff522: posts big blind $2
*** HOLE CARDS ***
Dealt to a21ff522 
Dealt to Hero [7h Tc]
Hero: raises $3 to $5
a21ff522: calls $3
*** FLOP *** [3s 2c Th]
a21ff522: checks
Hero: bets $5
a21ff522: folds
Uncalled bet ($5) returned to Hero
*** SHOWDOWN ***
Hero collected $10 from pot
*** SUMMARY ***
Total pot $10
Board [3s 2c Th]
Seat 3: a21ff522(big blind) folded on the Flop
Seat 5: Hero(small blind)won ($10) with Pair of Tens



Poker Hand #ring_828909366: NLH No Limit ($1/$2) - 2025/04/18 01:01:56
Table 'MR NLH 1/2' 7-max Seat #3 is the button
Seat 3: a21ff522 ($417.55 in chips)
Seat 5: Hero ($306.7 in chips)
a21ff522: posts small blind $1
Hero: posts big blind $2
*** HOLE CARDS ***
Dealt to a21ff522 
Dealt to Hero [4d Kc]
a21ff522: raises $4 to $6
Hero: folds
Uncalled bet ($4) returned to a21ff522
*** SHOWDOWN ***
a21ff522 collected $4 from pot
*** SUMMARY ***
Total pot $4
Seat 3: a21ff522(small blind)won ($4)
Seat 5: Hero(big blind) folded before Flop



Poker Hand #ring_828908642: NLH No Limit ($1/$2) - 2025/04/18 01:01:29
Table 'MR NLH 1/2' 7-max Seat #5 is the button
Seat 3: a21ff522 ($416.55 in chips)
Seat 5: Hero ($307.7 in chips)
Hero: posts small blind $1
a21ff522: posts big blind $2
*** HOLE CARDS ***
Dealt to a21ff522 
Dealt to Hero [6c 9s]
Hero: folds
*** SHOWDOWN ***
a21ff522 collected $3 from pot
*** SUMMARY ***
Total pot $3
Seat 3: a21ff522(big blind)won ($3)
Seat 5: Hero(small blind) folded before Flop



Poker Hand #ring_828908351: NLH No Limit ($1/$2) - 2025/04/18 01:01:19
Table 'MR NLH 1/2' 7-max Seat #3 is the button
Seat 3: a21ff522 ($417.55 in chips)
Seat 5: Hero ($306.7 in chips)
a21ff522: posts small blind $1
Hero: posts big blind $2
*** HOLE CARDS ***
Dealt to a21ff522 
Dealt to Hero [Ah 6c]
a21ff522: folds
*** SHOWDOWN ***
Hero collected $3 from pot
*** SUMMARY ***
Total pot $3
Seat 3: a21ff522(small blind) folded before Flop
Seat 5: Hero(big blind)won ($3)



Poker Hand #ring_828907882: NLH No Limit ($1/$2) - 2025/04/18 01:01:01
Table 'MR NLH 1/2' 7-max Seat #5 is the button
Seat 3: a21ff522 ($419.55 in chips)
Seat 5: Hero ($304.7 in chips)
Hero: posts small blind $1
a21ff522: posts big blind $2
*** HOLE CARDS ***
Dealt to a21ff522 
Dealt to Hero [3s Qs]
Hero: raises $3 to $5
a21ff522: folds
Uncalled bet ($3) returned to Hero
*** SHOWDOWN ***
Hero collected $4 from pot
*** SUMMARY ***
Total pot $4
Seat 3: a21ff522(big blind) folded before Flop
Seat 5: Hero(small blind)won ($4)



Poker Hand #ring_828907375: NLH No Limit ($1/$2) - 2025/04/18 01:00:42
Table 'MR NLH 1/2' 7-max Seat #3 is the button
Seat 3: a21ff522 ($421.55 in chips)
Seat 5: Hero ($302.7 in chips)
a21ff522: posts small blind $1
Hero: posts big blind $2
*** HOLE CARDS ***
Dealt to a21ff522 
Dealt to Hero [Jc Kc]
a21ff522: calls $1
Hero: raises $6 to $8
a21ff522: folds
Uncalled bet ($6) returned to Hero
*** SHOWDOWN ***
Hero collected $4 from pot
*** SUMMARY ***
Total pot $4
Seat 3: a21ff522(small blind) folded before Flop
Seat 5: Hero(big blind)won ($4)



Poker Hand #ring_828907090: NLH No Limit ($1/$2) - 2025/04/18 01:00:30
Table 'MR NLH 1/2' 7-max Seat #5 is the button
Seat 3: a21ff522 ($420.55 in chips)
Seat 5: Hero ($303.7 in chips)
Hero: posts small blind $1
a21ff522: posts big blind $2
*** HOLE CARDS ***
Dealt to a21ff522 
Dealt to Hero [9h 5d]
Hero: folds
*** SHOWDOWN ***
a21ff522 collected $3 from pot
*** SUMMARY ***
Total pot $3
Seat 3: a21ff522(big blind)won ($3)
Seat 5: Hero(small blind) folded before Flop



Poker Hand #ring_828906701: NLH No Limit ($1/$2) - 2025/04/18 01:00:16
Table 'MR NLH 1/2' 7-max Seat #0 is the button
Seat 3: a21ff522 ($421.55 in chips)
Seat 6: aa9e7d5 ($541.03 in chips)
Seat 5: Hero ($302.7 in chips)
a21ff522: posts small blind $1
Hero: posts big blind $2
*** HOLE CARDS ***
Dealt to a21ff522 
Dealt to aa9e7d5 
Dealt to Hero [7c 5s]
aa9e7d5: folds
a21ff522: folds
*** SHOWDOWN ***
Hero collected $3 from pot
*** SUMMARY ***
Total pot $3
Seat 3: a21ff522(small blind) folded before Flop
Seat 6: aa9e7d5 folded before Flop (didn't bet)
Seat 5: Hero(big blind)won ($3)



Poker Hand #ring_828906382: NLH No Limit ($1/$2) - 2025/04/18 01:00:05
Table 'MR NLH 1/2' 7-max Seat #6 is the button
Seat 3: a21ff522 ($421.55 in chips)
Seat 6: aa9e7d5 ($541.03 in chips)
Seat 5: Hero ($302.7 in chips)
a21ff522: posts big blind $2
*** HOLE CARDS ***
Dealt to a21ff522 
Dealt to aa9e7d5 
Dealt to Hero [2d 8d]
Hero: folds
aa9e7d5: folds
Uncalled bet ($2) returned to a21ff522
*** SHOWDOWN ***
a21ff522 collected $0 from pot
*** SUMMARY ***
Total pot $0
Seat 3: a21ff522(big blind)lost
Seat 6: aa9e7d5 folded before Flop (didn't bet)
Seat 5: Hero folded before Flop (didn't bet)



Poker Hand #ring_828905414: NLH No Limit ($1/$2) - 2025/04/18 00:59:28
Table 'MR NLH 1/2' 7-max Seat #5 is the button
Seat 3: a21ff522 ($421.55 in chips)
Seat 6: aa9e7d5 ($533.03 in chips)
Seat 2: 108e8fac ($324.12 in chips)
Seat 5: Hero ($308.7 in chips)
Seat 7: a24e76ec ($250.8 in chips)
aa9e7d5: posts small blind $1
a24e76ec: posts big blind $2
*** HOLE CARDS ***
Dealt to a21ff522 
Dealt to aa9e7d5 
Dealt to 108e8fac 
Dealt to Hero [9d Kd]
Dealt to a24e76ec 
108e8fac: folds
a21ff522: folds
Hero: raises $4 to $6
aa9e7d5: raises $19 to $25
a24e76ec: folds
Hero: folds
Uncalled bet ($19) returned to aa9e7d5
*** SHOWDOWN ***
aa9e7d5 collected $14 from pot
*** SUMMARY ***
Total pot $14
Seat 3: a21ff522 folded before Flop (didn't bet)
Seat 6: aa9e7d5(small blind)won ($14)
Seat 2: 108e8fac folded before Flop (didn't bet)
Seat 5: Hero folded before Flop
Seat 7: a24e76ec(big blind) folded before Flop



Poker Hand #ring_828904079: NLH No Limit ($1/$2) - 2025/04/18 00:58:39
Table 'MR NLH 1/2' 7-max Seat #3 is the button
Seat 3: a21ff522 ($421.55 in chips)
Seat 6: aa9e7d5 ($535.03 in chips)
Seat 1: a4ebca22 ($61.14 in chips)
Seat 2: 108e8fac ($266.11 in chips)
Seat 5: Hero ($309.7 in chips)
Seat 7: a24e76ec ($250.8 in chips)
Hero: posts small blind $1
aa9e7d5: posts big blind $2
*** HOLE CARDS ***
Dealt to a21ff522 
Dealt to aa9e7d5 
Dealt to a4ebca22 
Dealt to 108e8fac 
Dealt to Hero [5s 8d]
Dealt to a24e76ec 
a24e76ec: folds
a4ebca22: calls $2
108e8fac: raises $6 to $8
a21ff522: folds
Hero: folds
aa9e7d5: folds
a4ebca22: calls $6
*** FLOP *** [8c 3h 6d]
a4ebca22: checks
108e8fac: checks
*** TURN *** [8c 3h 6d] [9d]
a4ebca22: bets $53.14 and is all-in
108e8fac: calls $53.14
a4ebca22: shows [6h Ah]
108e8fac: shows [Ks 9s]
*** RIVER *** [8c 3h 6d 9d] [8h]
*** SHOWDOWN ***
108e8fac collected $125.28 from pot
*** SUMMARY ***
Total pot $125.28
Board [8c 3h 6d 9d 8h]
Seat 3: a21ff522 folded before Flop (didn't bet)
Seat 6: aa9e7d5(big blind) folded before Flop
Seat 1: a4ebca22 showed [6h Ah] and lost with Pair of Eights and Pair of Sixes
Seat 2: 108e8fac showed [Ks 9s] and won ($125.28) with Pair of Nines and Pair of Eights
Seat 5: Hero(small blind) folded before Flop
Seat 7: a24e76ec folded before Flop (didn't bet)



Poker Hand #ring_828903120: NLH No Limit ($1/$2) - 2025/04/18 00:58:03
Table 'MR NLH 1/2' 7-max Seat #2 is the button
Seat 3: a21ff522 ($419.73 in chips)
Seat 6: aa9e7d5 ($535.03 in chips)
Seat 1: a4ebca22 ($61.14 in chips)
Seat 2: 108e8fac ($266.11 in chips)
Seat 5: Hero ($311.7 in chips)
Seat 7: a24e76ec ($250.8 in chips)
a21ff522: posts small blind $1
Hero: posts big blind $2
*** HOLE CARDS ***
Dealt to a21ff522 
Dealt to aa9e7d5 
Dealt to a4ebca22 
Dealt to 108e8fac 
Dealt to Hero [5h 2d]
Dealt to a24e76ec 
aa9e7d5: folds
a24e76ec: folds
a4ebca22: folds
108e8fac: folds
a21ff522: calls $1
Hero: checks
*** FLOP *** [4h 9h 4c]
a21ff522: bets $2
Hero: folds
Uncalled bet ($2) returned to a21ff522
*** SHOWDOWN ***
a21ff522 collected $4 from pot
*** SUMMARY ***
Total pot $4
Board [4h 9h 4c]
Seat 3: a21ff522(small blind)won ($4) with Pair of Fours
Seat 6: aa9e7d5 folded before Flop (didn't bet)
Seat 1: a4ebca22 folded before Flop (didn't bet)
Seat 2: 108e8fac folded before Flop (didn't bet)
Seat 5: Hero(big blind) folded on the Flop
Seat 7: a24e76ec folded before Flop (didn't bet)



Poker Hand #ring_828901513: NLH No Limit ($1/$2) - 2025/04/18 00:57:04
Table 'MR NLH 1/2' 7-max Seat #1 is the button
Seat 3: a21ff522 ($435.23 in chips)
Seat 6: aa9e7d5 ($535.03 in chips)
Seat 1: a4ebca22 ($76.64 in chips)
Seat 2: 108e8fac ($267.11 in chips)
Seat 5: Hero ($282.33 in chips)
Seat 7: a24e76ec ($250.8 in chips)
108e8fac: posts small blind $1
a21ff522: posts big blind $2
*** HOLE CARDS ***
Dealt to a21ff522 
Dealt to aa9e7d5 
Dealt to a4ebca22 
Dealt to 108e8fac 
Dealt to Hero [Jd Td]
Dealt to a24e76ec 
Hero: raises $4 to $6
aa9e7d5: folds
a24e76ec: folds
a4ebca22: calls $6
108e8fac: folds
a21ff522: calls $4
*** FLOP *** [3d Kh 9c]
a21ff522: checks
Hero: checks
a4ebca22: checks
*** TURN *** [3d Kh 9c] [Qc]
a21ff522: checks
Hero: bets $9.5
a4ebca22: calls $9.5
a21ff522: calls $9.5
*** RIVER *** [3d Kh 9c Qc] [7s]
a21ff522: checks
Hero: bets $14.25
a4ebca22: folds
a21ff522: folds
Uncalled bet ($14.25) returned to Hero
*** SHOWDOWN ***
Hero collected $47.5 from pot
*** SUMMARY ***
Total pot $47.5
Board [3d Kh 9c Qc 7s]
Seat 3: a21ff522(big blind) folded on the River
Seat 6: aa9e7d5 folded before Flop (didn't bet)
Seat 1: a4ebca22 folded on the River
Seat 2: 108e8fac(small blind) folded before Flop
Seat 5: Herowon ($47.5) with Kings-High Straight
Seat 7: a24e76ec folded before Flop (didn't bet)



Poker Hand #ring_828900117: NLH No Limit ($1/$2) - 2025/04/18 00:56:12
Table 'MR NLH 1/2' 7-max Seat #7 is the button
Seat 3: a21ff522 ($435.23 in chips)
Seat 6: aa9e7d5 ($553.03 in chips)
Seat 1: a4ebca22 ($113.12 in chips)
Seat 2: 108e8fac ($269.11 in chips)
Seat 5: Hero ($282.33 in chips)
Seat 7: a24e76ec ($199 in chips)
a4ebca22: posts small blind $1
108e8fac: posts big blind $2
*** HOLE CARDS ***
Dealt to a21ff522 
Dealt to aa9e7d5 
Dealt to a4ebca22 
Dealt to 108e8fac 
Dealt to Hero [Jh 7d]
Dealt to a24e76ec 
a21ff522: folds
Hero: folds
aa9e7d5: raises $4 to $6
a24e76ec: raises $12 to $18
a4ebca22: calls $17
108e8fac: folds
aa9e7d5: calls $12
*** FLOP *** [7s Kh 7c]
a4ebca22: checks
aa9e7d5: checks
a24e76ec: bets $18.48
a4ebca22: calls $18.48
aa9e7d5: folds
*** TURN *** [7s Kh 7c] [4h]
a4ebca22: checks
a24e76ec: bets $56
a4ebca22: folds
Uncalled bet ($56) returned to a24e76ec
*** SHOWDOWN ***
a24e76ec collected $92.96 from pot
*** SUMMARY ***
Total pot $92.96
Board [7s Kh 7c 4h]
Seat 3: a21ff522 folded before Flop (didn't bet)
Seat 6: aa9e7d5 folded on the Flop
Seat 1: a4ebca22(small blind) folded on the Turn
Seat 2: 108e8fac(big blind) folded before Flop
Seat 5: Hero folded before Flop (didn't bet)
Seat 7: a24e76ecwon ($92.96) with Pair of Kings and Pair of Sevens



Poker Hand #ring_828898505: NLH No Limit ($1/$2) - 2025/04/18 00:55:14
Table 'MR NLH 1/2' 7-max Seat #6 is the button
Seat 3: a21ff522 ($435.23 in chips)
Seat 6: aa9e7d5 ($566.03 in chips)
Seat 1: a4ebca22 ($118.12 in chips)
Seat 2: 108e8fac ($269.11 in chips)
Seat 5: Hero ($265.27 in chips)
Seat 7: a24e76ec ($200 in chips)
a24e76ec: posts small blind $1
a4ebca22: posts big blind $2
*** HOLE CARDS ***
Dealt to a21ff522 
Dealt to aa9e7d5 
Dealt to a4ebca22 
Dealt to 108e8fac 
Dealt to Hero [9h As]
Dealt to a24e76ec 
108e8fac: folds
a21ff522: folds
Hero: raises $3 to $5
aa9e7d5: calls $5
a24e76ec: folds
a4ebca22: calls $3
*** FLOP *** [9d 2s 2c]
a4ebca22: checks
Hero: checks
aa9e7d5: bets $8
a4ebca22: folds
Hero: calls $8
*** TURN *** [9d 2s 2c] [8s]
Hero: checks
aa9e7d5: checks
*** RIVER *** [9d 2s 2c 8s] [Th]
Hero: checks
aa9e7d5: checks
Hero: shows [9h As]
aa9e7d5: shows [7d Ad]
*** SHOWDOWN ***
Hero collected $32 from pot
*** SUMMARY ***
Total pot $32
Board [9d 2s 2c 8s Th]
Seat 3: a21ff522 folded before Flop (didn't bet)
Seat 6: aa9e7d5 showed [7d Ad] and lost with Pair of Twos
Seat 1: a4ebca22(big blind) folded on the Flop
Seat 2: 108e8fac folded before Flop (didn't bet)
Seat 5: Hero showed [9h As] and won ($32) with Pair of Nines and Pair of Twos
Seat 7: a24e76ec(small blind) folded before Flop



Poker Hand #ring_828897774: NLH No Limit ($1/$2) - 2025/04/18 00:54:47
Table 'MR NLH 1/2' 7-max Seat #5 is the button
Seat 3: a21ff522 ($435.23 in chips)
Seat 6: aa9e7d5 ($554.03 in chips)
Seat 1: a4ebca22 ($120.12 in chips)
Seat 2: 108e8fac ($277.11 in chips)
Seat 5: Hero ($265.27 in chips)
Seat 7: a24e76ec ($202 in chips)
aa9e7d5: posts small blind $1
a24e76ec: posts big blind $2
*** HOLE CARDS ***
Dealt to a21ff522 
Dealt to aa9e7d5 
Dealt to a4ebca22 
Dealt to 108e8fac 
Dealt to Hero [8c 3s]
Dealt to a24e76ec 
a4ebca22: calls $2
108e8fac: raises $6 to $8
a21ff522: folds
Hero: folds
aa9e7d5: raises $20 to $28
a24e76ec: folds
a4ebca22: folds
108e8fac: folds
Uncalled bet ($20) returned to aa9e7d5
*** SHOWDOWN ***
aa9e7d5 collected $20 from pot
*** SUMMARY ***
Total pot $20
Seat 3: a21ff522 folded before Flop (didn't bet)
Seat 6: aa9e7d5(small blind)won ($20)
Seat 1: a4ebca22 folded before Flop
Seat 2: 108e8fac folded before Flop
Seat 5: Hero folded before Flop (didn't bet)
Seat 7: a24e76ec(big blind) folded before Flop



Poker Hand #ring_828895477: NLH No Limit ($1/$2) - 2025/04/18 00:53:21
Table 'MR NLH 1/2' 7-max Seat #3 is the button
Seat 3: a21ff522 ($435.23 in chips)
Seat 6: aa9e7d5 ($556.03 in chips)
Seat 1: a4ebca22 ($175.62 in chips)
Seat 2: 108e8fac ($224.24 in chips)
Seat 5: Hero ($266.27 in chips)
Hero: posts small blind $1
aa9e7d5: posts big blind $2
*** HOLE CARDS ***
Dealt to a21ff522 
Dealt to aa9e7d5 
Dealt to a4ebca22 
Dealt to 108e8fac 
Dealt to Hero [4d 5s]
a4ebca22: calls $2
108e8fac: raises $6 to $8
a21ff522: folds
Hero: folds
aa9e7d5: folds
a4ebca22: calls $6
*** FLOP *** [2h Ac 3h]
a4ebca22: bets $9.5
108e8fac: calls $9.5
*** TURN *** [2h Ac 3h] [8s]
a4ebca22: checks
108e8fac: bets $38
a4ebca22: calls $38
*** RIVER *** [2h Ac 3h 8s] [2d]
a4ebca22: checks
108e8fac: bets $57
a4ebca22: folds
Uncalled bet ($57) returned to 108e8fac
*** SHOWDOWN ***
108e8fac collected $114 from pot
*** SUMMARY ***
Total pot $114
Board [2h Ac 3h 8s 2d]
Seat 3: a21ff522 folded before Flop (didn't bet)
Seat 6: aa9e7d5(big blind) folded before Flop
Seat 1: a4ebca22 folded on the River
Seat 2: 108e8facwon ($114) with Pair of Aces and Pair of Eights
Seat 5: Hero(small blind) folded before Flop



Poker Hand #ring_828894764: NLH No Limit ($1/$2) - 2025/04/18 00:52:54
Table 'MR NLH 1/2' 7-max Seat #2 is the button
Seat 3: a21ff522 ($433.23 in chips)
Seat 6: aa9e7d5 ($556.03 in chips)
Seat 1: a4ebca22 ($175.62 in chips)
Seat 2: 108e8fac ($174.24 in chips)
Seat 5: Hero ($268.27 in chips)
a21ff522: posts small blind $1
Hero: posts big blind $2
*** HOLE CARDS ***
Dealt to a21ff522 
Dealt to aa9e7d5 
Dealt to a4ebca22 
Dealt to 108e8fac 
Dealt to Hero [7d 5s]
aa9e7d5: folds
a4ebca22: folds
108e8fac: folds
a21ff522: raises $4 to $6
Hero: folds
Uncalled bet ($4) returned to a21ff522
*** SHOWDOWN ***
a21ff522 collected $4 from pot
*** SUMMARY ***
Total pot $4
Seat 3: a21ff522(small blind)won ($4)
Seat 6: aa9e7d5 folded before Flop (didn't bet)
Seat 1: a4ebca22 folded before Flop (didn't bet)
Seat 2: 108e8fac folded before Flop (didn't bet)
Seat 5: Hero(big blind) folded before Flop



Poker Hand #ring_828892446: NLH No Limit ($1/$2) - 2025/04/18 00:51:29
Table 'MR NLH 1/2' 7-max Seat #1 is the button
Seat 3: a21ff522 ($435.23 in chips)
Seat 6: aa9e7d5 ($501.88 in chips)
Seat 1: a4ebca22 ($187.62 in chips)
Seat 2: 108e8fac ($219.6 in chips)
Seat 5: Hero ($268.27 in chips)
Seat 4: cf643ce3 ($180.82 in chips)
108e8fac: posts small blind $1
a21ff522: posts big blind $2
*** HOLE CARDS ***
Dealt to a21ff522 
Dealt to aa9e7d5 
Dealt to a4ebca22 
Dealt to 108e8fac 
Dealt to Hero [5h Th]
Dealt to cf643ce3 
cf643ce3: folds
Hero: folds
aa9e7d5: calls $2
a4ebca22: calls $2
108e8fac: raises $10 to $12
a21ff522: folds
aa9e7d5: calls $10
a4ebca22: calls $10
*** FLOP *** [5c Kh 7s]
108e8fac: bets $12.54
aa9e7d5: calls $12.54
a4ebca22: folds
*** TURN *** [5c Kh 7s] [2s]
108e8fac: bets $20.82
aa9e7d5: raises $456.52 to $477.34 and is all-in
108e8fac: folds
Uncalled bet ($456.52) returned to aa9e7d5
*** SHOWDOWN ***
aa9e7d5 collected $104.72 from pot
*** SUMMARY ***
Total pot $104.72
Board [5c Kh 7s 2s]
Seat 3: a21ff522(big blind) folded before Flop
Seat 6: aa9e7d5won ($104.72) with Pair of Kings and Pair of Fives
Seat 1: a4ebca22 folded on the Flop
Seat 2: 108e8fac(small blind) folded on the Turn
Seat 5: Hero folded before Flop (didn't bet)
Seat 4: cf643ce3 folded before Flop (didn't bet)



Poker Hand #ring_828890843: NLH No Limit ($1/$2) - 2025/04/18 00:50:30
Table 'MR NLH 1/2' 7-max Seat #7 is the button
Seat 3: a21ff522 ($435.23 in chips)
Seat 6: aa9e7d5 ($501.88 in chips)
Seat 1: a4ebca22 ($197.82 in chips)
Seat 2: 108e8fac ($221.6 in chips)
Seat 7: 7b3a5aef ($542.82 in chips)
Seat 5: Hero ($257.57 in chips)
Seat 4: cf643ce3 ($180.82 in chips)
a4ebca22: posts small blind $1
108e8fac: posts big blind $2
*** HOLE CARDS ***
Dealt to a21ff522 
Dealt to aa9e7d5 
Dealt to a4ebca22 
Dealt to 108e8fac 
Dealt to 7b3a5aef 
Dealt to Hero [Kh As]
Dealt to cf643ce3 
a21ff522: folds
cf643ce3: folds
Hero: raises $4 to $6
aa9e7d5: folds
7b3a5aef: folds
a4ebca22: calls $5
108e8fac: folds
*** FLOP *** [Js Qs 7s]
a4ebca22: checks
Hero: bets $4.2
a4ebca22: calls $4.2
*** TURN *** [Js Qs 7s] [2c]
a4ebca22: checks
Hero: checks
*** RIVER *** [Js Qs 7s 2c] [Qd]
a4ebca22: checks
Hero: bets $30
a4ebca22: folds
Uncalled bet ($30) returned to Hero
*** SHOWDOWN ***
Hero collected $22.4 from pot
*** SUMMARY ***
Total pot $22.4
Board [Js Qs 7s 2c Qd]
Seat 3: a21ff522 folded before Flop (didn't bet)
Seat 6: aa9e7d5 folded before Flop (didn't bet)
Seat 1: a4ebca22(small blind) folded on the River
Seat 2: 108e8fac(big blind) folded before Flop
Seat 7: 7b3a5aef folded before Flop (didn't bet)
Seat 5: Herowon ($22.4) with Pair of Queens
Seat 4: cf643ce3 folded before Flop (didn't bet)



Poker Hand #ring_828887421: NLH No Limit ($1/$2) - 2025/04/18 00:48:24
Table 'MR NLH 1/2' 7-max Seat #6 is the button
Seat 3: a21ff522 ($435.23 in chips)
Seat 6: aa9e7d5 ($506.88 in chips)
Seat 1: a4ebca22 ($199.82 in chips)
Seat 2: 108e8fac ($221.6 in chips)
Seat 7: 7b3a5aef ($543.82 in chips)
Seat 5: Hero ($177.63 in chips)
Seat 4: cf643ce3 ($260.82 in chips)
7b3a5aef: posts small blind $1
a4ebca22: posts big blind $2
*** HOLE CARDS ***
Dealt to a21ff522 
Dealt to aa9e7d5 
Dealt to a4ebca22 
Dealt to 108e8fac 
Dealt to 7b3a5aef 
Dealt to Hero [Jc Tc]
Dealt to cf643ce3 
108e8fac: folds
a21ff522: folds
cf643ce3: raises $3 to $5
Hero: calls $5
aa9e7d5: calls $5
7b3a5aef: folds
a4ebca22: folds
*** FLOP *** [Qs 8d Kh]
cf643ce3: checks
Hero: checks
aa9e7d5: checks
*** TURN *** [Qs 8d Kh] [6s]
cf643ce3: bets $27
Hero: calls $27
aa9e7d5: folds
*** RIVER *** [Qs 8d Kh 6s] [Ah]
cf643ce3: bets $48
Hero: raises $56 to $104
cf643ce3: folds
Uncalled bet ($56) returned to Hero
*** SHOWDOWN ***
Hero collected $168 from pot
*** SUMMARY ***
Total pot $168
Board [Qs 8d Kh 6s Ah]
Seat 3: a21ff522 folded before Flop (didn't bet)
Seat 6: aa9e7d5 folded on the Turn
Seat 1: a4ebca22(big blind) folded before Flop
Seat 2: 108e8fac folded before Flop (didn't bet)
Seat 7: 7b3a5aef(small blind) folded before Flop
Seat 5: Herowon ($168) with Aces-High Straight
Seat 4: cf643ce3 folded on the River



Poker Hand #ring_828886085: NLH No Limit ($1/$2) - 2025/04/18 00:47:35
Table 'MR NLH 1/2' 7-max Seat #5 is the button
Seat 3: a21ff522 ($439.63 in chips)
Seat 6: aa9e7d5 ($507.88 in chips)
Seat 1: a4ebca22 ($199.82 in chips)
Seat 2: 108e8fac ($226 in chips)
Seat 7: 7b3a5aef ($545.82 in chips)
Seat 5: Hero ($177.63 in chips)
Seat 4: cf643ce3 ($249.02 in chips)
aa9e7d5: posts small blind $1
7b3a5aef: posts big blind $2
*** HOLE CARDS ***
Dealt to a21ff522 
Dealt to aa9e7d5 
Dealt to a4ebca22 
Dealt to 108e8fac 
Dealt to 7b3a5aef 
Dealt to Hero [6c 4h]
Dealt to cf643ce3 
a4ebca22: folds
108e8fac: raises $2.4 to $4.4
a21ff522: calls $4.4
cf643ce3: raises $19.6 to $24
Hero: folds
aa9e7d5: folds
7b3a5aef: folds
108e8fac: folds
a21ff522: folds
Uncalled bet ($19.6) returned to cf643ce3
*** SHOWDOWN ***
cf643ce3 collected $16.2 from pot
*** SUMMARY ***
Total pot $16.2
Seat 3: a21ff522 folded before Flop
Seat 6: aa9e7d5(small blind) folded before Flop
Seat 1: a4ebca22 folded before Flop (didn't bet)
Seat 2: 108e8fac folded before Flop
Seat 7: 7b3a5aef(big blind) folded before Flop
Seat 5: Hero folded before Flop (didn't bet)
Seat 4: cf643ce3won ($16.2)



Poker Hand #ring_828884230: NLH No Limit ($1/$2) - 2025/04/18 00:46:26
Table 'MR NLH 1/2' 7-max Seat #4 is the button
Seat 3: a21ff522 ($457.13 in chips)
Seat 6: aa9e7d5 ($509.88 in chips)
Seat 1: a4ebca22 ($181.53 in chips)
Seat 2: 108e8fac ($226 in chips)
Seat 7: 7b3a5aef ($545.82 in chips)
Seat 5: Hero ($178.63 in chips)
Seat 4: cf643ce3 ($249.02 in chips)
Hero: posts small blind $1
aa9e7d5: posts big blind $2
*** HOLE CARDS ***
Dealt to a21ff522 
Dealt to aa9e7d5 
Dealt to a4ebca22 
Dealt to 108e8fac 
Dealt to 7b3a5aef 
Dealt to Hero [6s Jd]
Dealt to cf643ce3 
7b3a5aef: folds
a4ebca22: calls $2
108e8fac: folds
a21ff522: raises $6 to $8
cf643ce3: folds
Hero: folds
aa9e7d5: folds
a4ebca22: calls $6
*** FLOP *** [2c 4d 9h]
a4ebca22: checks
a21ff522: bets $9.5
a4ebca22: calls $9.5
*** TURN *** [2c 4d 9h] [4h]
a4ebca22: checks
a21ff522: checks
*** RIVER *** [2c 4d 9h 4h] [8h]
a4ebca22: bets $12.54
a21ff522: folds
Uncalled bet ($12.54) returned to a4ebca22
*** SHOWDOWN ***
a4ebca22 collected $38 from pot
*** SUMMARY ***
Total pot $38
Board [2c 4d 9h 4h 8h]
Seat 3: a21ff522 folded on the River
Seat 6: aa9e7d5(big blind) folded before Flop
Seat 1: a4ebca22won ($38) with Pair of Nines and Pair of Fours
Seat 2: 108e8fac folded before Flop (didn't bet)
Seat 7: 7b3a5aef folded before Flop (didn't bet)
Seat 5: Hero(small blind) folded before Flop
Seat 4: cf643ce3 folded before Flop (didn't bet)



Poker Hand #ring_828881873: NLH No Limit ($1/$2) - 2025/04/18 00:44:59
Table 'MR NLH 1/2' 7-max Seat #3 is the button
Seat 3: a21ff522 ($457.13 in chips)
Seat 6: aa9e7d5 ($509.88 in chips)
Seat 1: a4ebca22 ($179.41 in chips)
Seat 2: 108e8fac ($226 in chips)
Seat 7: 7b3a5aef ($545.82 in chips)
Seat 5: Hero ($176.5 in chips)
Seat 4: cf643ce3 ($255.52 in chips)
cf643ce3: posts small blind $1
Hero: posts big blind $2
*** HOLE CARDS ***
Dealt to a21ff522 
Dealt to aa9e7d5 
Dealt to a4ebca22 
Dealt to 108e8fac 
Dealt to 7b3a5aef 
Dealt to Hero [Qs 5s]
Dealt to cf643ce3 
aa9e7d5: folds
7b3a5aef: folds
a4ebca22: calls $2
108e8fac: folds
a21ff522: folds
cf643ce3: calls $1
Hero: checks
*** FLOP *** [Jc Ah Qh]
cf643ce3: checks
Hero: checks
a4ebca22: checks
*** TURN *** [Jc Ah Qh] [Qc]
cf643ce3: bets $4.5
Hero: calls $4.5
a4ebca22: raises $9.75 to $14.25
cf643ce3: folds
Hero: calls $9.75
*** RIVER *** [Jc Ah Qh Qc] [8s]
Hero: checks
a4ebca22: checks
a4ebca22: shows [Qd 4d]
Hero: shows [Qs 5s]
*** SHOWDOWN ***
a4ebca22 collected $19.5 from pot
Hero collected $19.5 from pot
*** SUMMARY ***
Total pot $39
Board [Jc Ah Qh Qc 8s]
Seat 3: a21ff522 folded before Flop (didn't bet)
Seat 6: aa9e7d5 folded before Flop (didn't bet)
Seat 1: a4ebca22 showed [Qd 4d] and won ($19.5) with Three Queens
Seat 2: 108e8fac folded before Flop (didn't bet)
Seat 7: 7b3a5aef folded before Flop (didn't bet)
Seat 5: Hero(big blind) showed [Qs 5s] and won ($19.5) with Three Queens
Seat 4: cf643ce3(small blind) folded on the Turn



Poker Hand #ring_828879803: NLH No Limit ($1/$2) - 2025/04/18 00:43:43
Table 'MR NLH 1/2' 7-max Seat #2 is the button
Seat 3: a21ff522 ($469.63 in chips)
Seat 6: aa9e7d5 ($509.88 in chips)
Seat 1: a4ebca22 ($156.59 in chips)
Seat 2: 108e8fac ($226 in chips)
Seat 7: 7b3a5aef ($545.82 in chips)
Seat 5: Hero ($176.5 in chips)
Seat 4: cf643ce3 ($268.02 in chips)
a21ff522: posts small blind $1
cf643ce3: posts big blind $2
*** HOLE CARDS ***
Dealt to a21ff522 
Dealt to aa9e7d5 
Dealt to a4ebca22 
Dealt to 108e8fac 
Dealt to 7b3a5aef 
Dealt to Hero [5h Kd]
Dealt to cf643ce3 
Hero: folds
aa9e7d5: folds
7b3a5aef: folds
a4ebca22: calls $2
108e8fac: folds
a21ff522: calls $1
cf643ce3: checks
*** FLOP *** [6h 8d 5s]
a21ff522: checks
cf643ce3: bets $3
a4ebca22: calls $3
a21ff522: calls $3
*** TURN *** [6h 8d 5s] [5d]
a21ff522: checks
cf643ce3: checks
a4ebca22: checks
*** RIVER *** [6h 8d 5s 5d] [Qs]
a21ff522: bets $7.5
cf643ce3: calls $7.5
a4ebca22: calls $7.5
a4ebca22: shows [Qd Jh]
a21ff522: shows [Qc 9d]
cf643ce3: shows [Ah 6c]
*** SHOWDOWN ***
a4ebca22 collected $37.5 from pot
*** SUMMARY ***
Total pot $37.5
Board [6h 8d 5s 5d Qs]
Seat 3: a21ff522(small blind) showed [Qc 9d] and lost with Pair of Queens and Pair of Fives
Seat 6: aa9e7d5 folded before Flop (didn't bet)
Seat 1: a4ebca22 showed [Qd Jh] and won ($37.5) with Pair of Queens and Pair of Fives
Seat 2: 108e8fac folded before Flop (didn't bet)
Seat 7: 7b3a5aef folded before Flop (didn't bet)
Seat 5: Hero folded before Flop (didn't bet)
Seat 4: cf643ce3(big blind) showed [Ah 6c] and lost with Pair of Sixes and Pair of Fives



Poker Hand #ring_828878272: NLH No Limit ($1/$2) - 2025/04/18 00:42:45
Table 'MR NLH 1/2' 7-max Seat #1 is the button
Seat 3: a21ff522 ($532.63 in chips)
Seat 6: aa9e7d5 ($509.88 in chips)
Seat 1: a4ebca22 ($84 in chips)
Seat 2: 108e8fac ($227 in chips)
Seat 7: 7b3a5aef ($545.82 in chips)
Seat 5: Hero ($192 in chips)
Seat 4: cf643ce3 ($268.02 in chips)
108e8fac: posts small blind $1
a21ff522: posts big blind $2
*** HOLE CARDS ***
Dealt to a21ff522 
Dealt to aa9e7d5 
Dealt to a4ebca22 
Dealt to 108e8fac 
Dealt to 7b3a5aef 
Dealt to Hero [Ac Qs]
Dealt to cf643ce3 
cf643ce3: folds
Hero: raises $4 to $6
aa9e7d5: folds
7b3a5aef: folds
a4ebca22: calls $6
108e8fac: folds
a21ff522: calls $4
*** FLOP *** [Ks 3d 9c]
a21ff522: checks
Hero: bets $9.5
a4ebca22: calls $9.5
a21ff522: calls $9.5
*** TURN *** [Ks 3d 9c] [8h]
a21ff522: checks
Hero: checks
a4ebca22: checks
*** RIVER *** [Ks 3d 9c 8h] [3c]
a21ff522: bets $47.5
Hero: folds
a4ebca22: calls $47.5
a4ebca22: shows [5h 3h]
a21ff522: shows [8d Kc]
*** SHOWDOWN ***
a4ebca22 collected $142.5 from pot
*** SUMMARY ***
Total pot $142.5
Board [Ks 3d 9c 8h 3c]
Seat 3: a21ff522(big blind) showed [8d Kc] and lost with Pair of Kings and Pair of Eights
Seat 6: aa9e7d5 folded before Flop (didn't bet)
Seat 1: a4ebca22 showed [5h 3h] and won ($142.5) with Three Treys
Seat 2: 108e8fac(small blind) folded before Flop
Seat 7: 7b3a5aef folded before Flop (didn't bet)
Seat 5: Hero folded on the River
Seat 4: cf643ce3 folded before Flop (didn't bet)



Poker Hand #ring_828877626: NLH No Limit ($1/$2) - 2025/04/18 00:42:21
Table 'MR NLH 1/2' 7-max Seat #7 is the button
Seat 3: a21ff522 ($538.63 in chips)
Seat 6: aa9e7d5 ($509.88 in chips)
Seat 1: a4ebca22 ($76 in chips)
Seat 2: 108e8fac ($229 in chips)
Seat 7: 7b3a5aef ($545.82 in chips)
Seat 5: Hero ($192 in chips)
Seat 4: cf643ce3 ($268.02 in chips)
a4ebca22: posts small blind $1
108e8fac: posts big blind $2
*** HOLE CARDS ***
Dealt to a21ff522 
Dealt to aa9e7d5 
Dealt to a4ebca22 
Dealt to 108e8fac 
Dealt to 7b3a5aef 
Dealt to Hero [6h Qc]
Dealt to cf643ce3 
a21ff522: raises $4 to $6
cf643ce3: folds
Hero: folds
aa9e7d5: folds
7b3a5aef: folds
a4ebca22: raises $14 to $20
108e8fac: folds
a21ff522: folds
Uncalled bet ($14) returned to a4ebca22
*** SHOWDOWN ***
a4ebca22 collected $14 from pot
*** SUMMARY ***
Total pot $14
Seat 3: a21ff522 folded before Flop
Seat 6: aa9e7d5 folded before Flop (didn't bet)
Seat 1: a4ebca22(small blind)won ($14)
Seat 2: 108e8fac(big blind) folded before Flop
Seat 7: 7b3a5aef folded before Flop (didn't bet)
Seat 5: Hero folded before Flop (didn't bet)
Seat 4: cf643ce3 folded before Flop (didn't bet)



Poker Hand #ring_828876518: NLH No Limit ($1/$2) - 2025/04/18 00:41:40
Table 'MR NLH 1/2' 7-max Seat #6 is the button
Seat 3: a21ff522 ($538.63 in chips)
Seat 6: aa9e7d5 ($509.88 in chips)
Seat 1: a4ebca22 ($78 in chips)
Seat 2: 108e8fac ($229 in chips)
Seat 7: 7b3a5aef ($546.82 in chips)
Seat 5: Hero ($184 in chips)
Seat 4: cf643ce3 ($273.02 in chips)
7b3a5aef: posts small blind $1
a4ebca22: posts big blind $2
*** HOLE CARDS ***
Dealt to a21ff522 
Dealt to aa9e7d5 
Dealt to a4ebca22 
Dealt to 108e8fac 
Dealt to 7b3a5aef 
Dealt to Hero [Jc Jd]
Dealt to cf643ce3 
108e8fac: folds
a21ff522: folds
cf643ce3: raises $3 to $5
Hero: raises $14.95 to $19.95
aa9e7d5: folds
7b3a5aef: folds
a4ebca22: folds
cf643ce3: folds
Uncalled bet ($14.95) returned to Hero
*** SHOWDOWN ***
Hero collected $13 from pot
*** SUMMARY ***
Total pot $13
Seat 3: a21ff522 folded before Flop (didn't bet)
Seat 6: aa9e7d5 folded before Flop (didn't bet)
Seat 1: a4ebca22(big blind) folded before Flop
Seat 2: 108e8fac folded before Flop (didn't bet)
Seat 7: 7b3a5aef(small blind) folded before Flop
Seat 5: Herowon ($13)
Seat 4: cf643ce3 folded before Flop



Poker Hand #ring_828873503: NLH No Limit ($1/$2) - 2025/04/18 00:39:51
Table 'MR NLH 1/2' 7-max Seat #5 is the button
Seat 3: a21ff522 ($538.63 in chips)
Seat 6: aa9e7d5 ($516.88 in chips)
Seat 1: a4ebca22 ($85 in chips)
Seat 2: 108e8fac ($229 in chips)
Seat 7: 7b3a5aef ($514.84 in chips)
Seat 5: Hero ($184 in chips)
Seat 4: cf643ce3 ($294.02 in chips)
aa9e7d5: posts small blind $1
7b3a5aef: posts big blind $2
*** HOLE CARDS ***
Dealt to a21ff522 
Dealt to aa9e7d5 
Dealt to a4ebca22 
Dealt to 108e8fac 
Dealt to 7b3a5aef 
Dealt to Hero [Ks 4h]
Dealt to cf643ce3 
a4ebca22: calls $2
108e8fac: folds
a21ff522: folds
cf643ce3: raises $5 to $7
Hero: folds
aa9e7d5: calls $6
7b3a5aef: calls $5
a4ebca22: calls $5
*** FLOP *** [6s As Kd]
aa9e7d5: checks
7b3a5aef: checks
a4ebca22: checks
cf643ce3: checks
*** TURN *** [6s As Kd] [8d]
aa9e7d5: checks
7b3a5aef: bets $14
a4ebca22: folds
cf643ce3: calls $14
aa9e7d5: folds
*** RIVER *** [6s As Kd 8d] [3h]
7b3a5aef: bets $59
cf643ce3: folds
Uncalled bet ($59) returned to 7b3a5aef
*** SHOWDOWN ***
7b3a5aef collected $56 from pot
*** SUMMARY ***
Total pot $56
Board [6s As Kd 8d 3h]
Seat 3: a21ff522 folded before Flop (didn't bet)
Seat 6: aa9e7d5(small blind) folded on the Turn
Seat 1: a4ebca22 folded on the Turn
Seat 2: 108e8fac folded before Flop (didn't bet)
Seat 7: 7b3a5aef(big blind)won ($56) with Pair of Aces
Seat 5: Hero folded before Flop (didn't bet)
Seat 4: cf643ce3 folded on the River



Poker Hand #ring_828872258: NLH No Limit ($1/$2) - 2025/04/18 00:39:06
Table 'MR NLH 1/2' 7-max Seat #4 is the button
Seat 3: a21ff522 ($538.63 in chips)
Seat 6: aa9e7d5 ($541.88 in chips)
Seat 1: a4ebca22 ($85 in chips)
Seat 2: 108e8fac ($203 in chips)
Seat 7: 7b3a5aef ($514.84 in chips)
Seat 5: Hero ($185 in chips)
Seat 4: cf643ce3 ($294.02 in chips)
Hero: posts small blind $1
aa9e7d5: posts big blind $2
*** HOLE CARDS ***
Dealt to a21ff522 
Dealt to aa9e7d5 
Dealt to a4ebca22 
Dealt to 108e8fac 
Dealt to 7b3a5aef 
Dealt to Hero [3d 6d]
Dealt to cf643ce3 
7b3a5aef: folds
a4ebca22: folds
108e8fac: raises $2.4 to $4.4
a21ff522: folds
cf643ce3: folds
Hero: folds
aa9e7d5: raises $20.6 to $25
108e8fac: raises $27 to $52
aa9e7d5: folds
Uncalled bet ($27) returned to 108e8fac
*** SHOWDOWN ***
108e8fac collected $51 from pot
*** SUMMARY ***
Total pot $51
Seat 3: a21ff522 folded before Flop (didn't bet)
Seat 6: aa9e7d5(big blind) folded before Flop
Seat 1: a4ebca22 folded before Flop (didn't bet)
Seat 2: 108e8facwon ($51)
Seat 7: 7b3a5aef folded before Flop (didn't bet)
Seat 5: Hero(small blind) folded before Flop
Seat 4: cf643ce3 folded before Flop (didn't bet)



Poker Hand #ring_828871001: NLH No Limit ($1/$2) - 2025/04/18 00:38:20
Table 'MR NLH 1/2' 7-max Seat #3 is the button
Seat 3: a21ff522 ($531.21 in chips)
Seat 6: aa9e7d5 ($541.88 in chips)
Seat 1: a4ebca22 ($85 in chips)
Seat 2: 108e8fac ($203 in chips)
Seat 7: 7b3a5aef ($519.84 in chips)
Seat 5: Hero ($187 in chips)
Seat 4: cf643ce3 ($295.02 in chips)
cf643ce3: posts small blind $1
Hero: posts big blind $2
*** HOLE CARDS ***
Dealt to a21ff522 
Dealt to aa9e7d5 
Dealt to a4ebca22 
Dealt to 108e8fac 
Dealt to 7b3a5aef 
Dealt to Hero [Qc 2s]
Dealt to cf643ce3 
aa9e7d5: folds
7b3a5aef: raises $3 to $5
a4ebca22: folds
108e8fac: folds
a21ff522: calls $5
cf643ce3: folds
Hero: folds
*** FLOP *** [5d 3s 4s]
7b3a5aef: checks
a21ff522: bets $6.5
7b3a5aef: folds
Uncalled bet ($6.5) returned to a21ff522
*** SHOWDOWN ***
a21ff522 collected $13 from pot
*** SUMMARY ***
Total pot $13
Board [5d 3s 4s]
Seat 3: a21ff522won ($13) with Ace-High
Seat 6: aa9e7d5 folded before Flop (didn't bet)
Seat 1: a4ebca22 folded before Flop (didn't bet)
Seat 2: 108e8fac folded before Flop (didn't bet)
Seat 7: 7b3a5aef folded on the Flop
Seat 5: Hero(big blind) folded before Flop
Seat 4: cf643ce3(small blind) folded before Flop



Poker Hand #ring_828869964: NLH No Limit ($1/$2) - 2025/04/18 00:37:41
Table 'MR NLH 1/2' 7-max Seat #2 is the button
Seat 3: a21ff522 ($532.21 in chips)
Seat 6: aa9e7d5 ($541.88 in chips)
Seat 1: a4ebca22 ($85 in chips)
Seat 2: 108e8fac ($203 in chips)
Seat 7: 7b3a5aef ($519.84 in chips)
Seat 5: Hero ($184 in chips)
Seat 4: cf643ce3 ($297.02 in chips)
a21ff522: posts small blind $1
cf643ce3: posts big blind $2
*** HOLE CARDS ***
Dealt to a21ff522 
Dealt to aa9e7d5 
Dealt to a4ebca22 
Dealt to 108e8fac 
Dealt to 7b3a5aef 
Dealt to Hero [As Qs]
Dealt to cf643ce3 
Hero: raises $3 to $5
aa9e7d5: folds
7b3a5aef: folds
a4ebca22: folds
108e8fac: folds
a21ff522: folds
cf643ce3: folds
Uncalled bet ($3) returned to Hero
*** SHOWDOWN ***
Hero collected $5 from pot
*** SUMMARY ***
Total pot $5
Seat 3: a21ff522(small blind) folded before Flop
Seat 6: aa9e7d5 folded before Flop (didn't bet)
Seat 1: a4ebca22 folded before Flop (didn't bet)
Seat 2: 108e8fac folded before Flop (didn't bet)
Seat 7: 7b3a5aef folded before Flop (didn't bet)
Seat 5: Herowon ($5)
Seat 4: cf643ce3(big blind) folded before Flop



Poker Hand #ring_828868071: NLH No Limit ($1/$2) - 2025/04/18 00:36:31
Table 'MR NLH 1/2' 7-max Seat #1 is the button
Seat 3: a21ff522 ($534.21 in chips)
Seat 6: aa9e7d5 ($556.63 in chips)
Seat 1: a4ebca22 ($85 in chips)
Seat 2: 108e8fac ($198 in chips)
Seat 7: 7b3a5aef ($519.84 in chips)
Seat 5: Hero ($184 in chips)
Seat 4: cf643ce3 ($281.23 in chips)
108e8fac: posts small blind $1
a21ff522: posts big blind $2
*** HOLE CARDS ***
Dealt to a21ff522 
Dealt to aa9e7d5 
Dealt to a4ebca22 
Dealt to 108e8fac 
Dealt to 7b3a5aef 
Dealt to Hero [7h 8c]
Dealt to cf643ce3 
cf643ce3: raises $3 to $5
Hero: folds
aa9e7d5: calls $5
7b3a5aef: folds
a4ebca22: folds
108e8fac: folds
a21ff522: folds
*** FLOP *** [Ac 6h 5h]
cf643ce3: checks
aa9e7d5: checks
*** TURN *** [Ac 6h 5h] [5c]
cf643ce3: bets $9.75
aa9e7d5: calls $9.75
*** RIVER *** [Ac 6h 5h 5c] [7d]
cf643ce3: bets $48
aa9e7d5: folds
Uncalled bet ($48) returned to cf643ce3
*** SHOWDOWN ***
cf643ce3 collected $32.5 from pot
*** SUMMARY ***
Total pot $32.5
Board [Ac 6h 5h 5c 7d]
Seat 3: a21ff522(big blind) folded before Flop
Seat 6: aa9e7d5 folded on the River
Seat 1: a4ebca22 folded before Flop (didn't bet)
Seat 2: 108e8fac(small blind) folded before Flop
Seat 7: 7b3a5aef folded before Flop (didn't bet)
Seat 5: Hero folded before Flop (didn't bet)
Seat 4: cf643ce3won ($32.5) with Nines-High Straight



Poker Hand #ring_828867106: NLH No Limit ($1/$2) - 2025/04/18 00:35:56
Table 'MR NLH 1/2' 7-max Seat #7 is the button
Seat 3: a21ff522 ($534.21 in chips)
Seat 6: aa9e7d5 ($556.63 in chips)
Seat 1: a4ebca22 ($83 in chips)
Seat 2: 108e8fac ($200 in chips)
Seat 7: 7b3a5aef ($519.84 in chips)
Seat 5: Hero ($184 in chips)
Seat 4: cf643ce3 ($281.23 in chips)
a4ebca22: posts small blind $1
108e8fac: posts big blind $2
*** HOLE CARDS ***
Dealt to a21ff522 
Dealt to aa9e7d5 
Dealt to a4ebca22 
Dealt to 108e8fac 
Dealt to 7b3a5aef 
Dealt to Hero [Td 8c]
Dealt to cf643ce3 
a21ff522: folds
cf643ce3: folds
Hero: folds
aa9e7d5: folds
7b3a5aef: folds
a4ebca22: raises $4 to $6
108e8fac: folds
Uncalled bet ($4) returned to a4ebca22
*** SHOWDOWN ***
a4ebca22 collected $4 from pot
*** SUMMARY ***
Total pot $4
Seat 3: a21ff522 folded before Flop (didn't bet)
Seat 6: aa9e7d5 folded before Flop (didn't bet)
Seat 1: a4ebca22(small blind)won ($4)
Seat 2: 108e8fac(big blind) folded before Flop
Seat 7: 7b3a5aef folded before Flop (didn't bet)
Seat 5: Hero folded before Flop (didn't bet)
Seat 4: cf643ce3 folded before Flop (didn't bet)



Poker Hand #ring_828864109: NLH No Limit ($1/$2) - 2025/04/18 00:34:07
Table 'MR NLH 1/2' 7-max Seat #6 is the button
Seat 3: a21ff522 ($534.21 in chips)
Seat 6: aa9e7d5 ($561.63 in chips)
Seat 1: a4ebca22 ($98 in chips)
Seat 7: 7b3a5aef ($520.84 in chips)
Seat 5: Hero ($199 in chips)
Seat 4: cf643ce3 ($248.02 in chips)
7b3a5aef: posts small blind $1
a4ebca22: posts big blind $2
*** HOLE CARDS ***
Dealt to a21ff522 
Dealt to aa9e7d5 
Dealt to a4ebca22 
Dealt to 7b3a5aef 
Dealt to Hero [4h 2h]
Dealt to cf643ce3 
a21ff522: folds
cf643ce3: raises $3 to $5
Hero: calls $5
aa9e7d5: calls $5
7b3a5aef: folds
a4ebca22: calls $3
*** FLOP *** [6c 3s 7c]
a4ebca22: checks
cf643ce3: bets $10
Hero: calls $10
aa9e7d5: folds
a4ebca22: calls $10
*** TURN *** [6c 3s 7c] [Js]
a4ebca22: checks
cf643ce3: checks
Hero: checks
*** RIVER *** [6c 3s 7c Js] [Qh]
a4ebca22: checks
cf643ce3: checks
Hero: checks
a4ebca22: shows [4c Ac]
cf643ce3: shows [9s 6s]
Hero: shows [4h 2h]
*** SHOWDOWN ***
cf643ce3 collected $51 from pot
*** SUMMARY ***
Total pot $51
Board [6c 3s 7c Js Qh]
Seat 3: a21ff522 folded before Flop (didn't bet)
Seat 6: aa9e7d5 folded on the Flop
Seat 1: a4ebca22(big blind) showed [4c Ac] and lost with Ace-High
Seat 7: 7b3a5aef(small blind) folded before Flop
Seat 5: Hero showed [4h 2h] and lost with Queen-High
Seat 4: cf643ce3 showed [9s 6s] and won ($51) with Pair of Sixes



Poker Hand #ring_828863096: NLH No Limit ($1/$2) - 2025/04/18 00:33:32
Table 'MR NLH 1/2' 7-max Seat #5 is the button
Seat 2: bb9b5afc ($76.56 in chips)
Seat 3: a21ff522 ($534.21 in chips)
Seat 6: aa9e7d5 ($557.63 in chips)
Seat 1: a4ebca22 ($100 in chips)
Seat 7: 7b3a5aef ($522.84 in chips)
Seat 5: Hero ($199 in chips)
Seat 4: cf643ce3 ($248.02 in chips)
aa9e7d5: posts small blind $1
7b3a5aef: posts big blind $2
a4ebca22: posts big blind $2
*** HOLE CARDS ***
Dealt to bb9b5afc 
Dealt to a21ff522 
Dealt to aa9e7d5 
Dealt to a4ebca22 
Dealt to 7b3a5aef 
Dealt to Hero [Js 6s]
Dealt to cf643ce3 
a4ebca22: checks
bb9b5afc: folds
a21ff522: folds
cf643ce3: folds
Hero: folds
aa9e7d5: raises $6 to $8
7b3a5aef: folds
a4ebca22: folds
Uncalled bet ($6) returned to aa9e7d5
*** SHOWDOWN ***
aa9e7d5 collected $6 from pot
*** SUMMARY ***
Total pot $6
Seat 2: bb9b5afc folded before Flop (didn't bet)
Seat 3: a21ff522 folded before Flop (didn't bet)
Seat 6: aa9e7d5(small blind)won ($6)
Seat 1: a4ebca22 folded before Flop
Seat 7: 7b3a5aef(big blind) folded before Flop
Seat 5: Hero folded before Flop (didn't bet)
Seat 4: cf643ce3 folded before Flop (didn't bet)



Poker Hand #ring_828861082: NLH No Limit ($1/$2) - 2025/04/18 00:32:18
Table 'MR NLH 1/2' 7-max Seat #4 is the button
Seat 2: bb9b5afc ($126.56 in chips)
Seat 3: a21ff522 ($534.21 in chips)
Seat 6: aa9e7d5 ($575.63 in chips)
Seat 7: 7b3a5aef ($522.84 in chips)
Seat 5: Hero ($200 in chips)
Seat 4: cf643ce3 ($184.87 in chips)
Hero: posts small blind $1
aa9e7d5: posts big blind $2
*** HOLE CARDS ***
Dealt to bb9b5afc 
Dealt to a21ff522 
Dealt to aa9e7d5 
Dealt to 7b3a5aef 
Dealt to Hero [5d Qh]
Dealt to cf643ce3 
7b3a5aef: folds
bb9b5afc: calls $2
a21ff522: folds
cf643ce3: raises $5 to $7
Hero: folds
aa9e7d5: calls $5
bb9b5afc: calls $5
*** FLOP *** [8s Qd 2s]
aa9e7d5: checks
bb9b5afc: checks
cf643ce3: bets $11
aa9e7d5: calls $11
bb9b5afc: calls $11
*** TURN *** [8s Qd 2s] [5h]
aa9e7d5: checks
bb9b5afc: checks
cf643ce3: checks
*** RIVER *** [8s Qd 2s 5h] [4c]
aa9e7d5: checks
bb9b5afc: checks
cf643ce3: bets $32
aa9e7d5: folds
bb9b5afc: calls $32
bb9b5afc: shows [8h 9h]
cf643ce3: shows [9d Qs]
*** SHOWDOWN ***
cf643ce3 collected $119 from pot
*** SUMMARY ***
Total pot $119
Board [8s Qd 2s 5h 4c]
Seat 2: bb9b5afc showed [8h 9h] and lost with Pair of Eights
Seat 3: a21ff522 folded before Flop (didn't bet)
Seat 6: aa9e7d5(big blind) folded on the River
Seat 7: 7b3a5aef folded before Flop (didn't bet)
Seat 5: Hero(small blind) folded before Flop
Seat 4: cf643ce3 showed [9d Qs] and won ($119) with Pair of Queens



Poker Hand #ring_828860602: NLH No Limit ($1/$2) - 2025/04/18 00:32:01
Table 'MR NLH 1/2' 7-max Seat #3 is the button
Seat 2: bb9b5afc ($126.56 in chips)
Seat 3: a21ff522 ($534.21 in chips)
Seat 6: aa9e7d5 ($575.63 in chips)
Seat 7: 7b3a5aef ($522.84 in chips)
Seat 5: Hero ($199 in chips)
Seat 4: cf643ce3 ($185.87 in chips)
cf643ce3: posts small blind $1
Hero: posts big blind $2
*** HOLE CARDS ***
Dealt to bb9b5afc 
Dealt to a21ff522 
Dealt to aa9e7d5 
Dealt to 7b3a5aef 
Dealt to Hero [Qd 3h]
Dealt to cf643ce3 
aa9e7d5: folds
7b3a5aef: folds
bb9b5afc: folds
a21ff522: folds
cf643ce3: folds
*** SHOWDOWN ***
Hero collected $3 from pot
*** SUMMARY ***
Total pot $3
Seat 2: bb9b5afc folded before Flop (didn't bet)
Seat 3: a21ff522 folded before Flop (didn't bet)
Seat 6: aa9e7d5 folded before Flop (didn't bet)
Seat 7: 7b3a5aef folded before Flop (didn't bet)
Seat 5: Hero(big blind)won ($3)
Seat 4: cf643ce3(small blind) folded before Flop



Poker Hand #ring_828858575: NLH No Limit ($1/$2) - 2025/04/18 00:30:48
Table 'MR NLH 1/2' 7-max Seat #2 is the button
Seat 2: bb9b5afc ($132.56 in chips)
Seat 3: a21ff522 ($503.05 in chips)
Seat 6: aa9e7d5 ($591.53 in chips)
Seat 7: 7b3a5aef ($528.84 in chips)
Seat 5: Hero ($199 in chips)
Seat 4: cf643ce3 ($191.87 in chips)
a21ff522: posts small blind $1
cf643ce3: posts big blind $2
*** HOLE CARDS ***
Dealt to bb9b5afc 
Dealt to a21ff522 
Dealt to aa9e7d5 
Dealt to 7b3a5aef 
Dealt to Hero [Kc 9s]
Dealt to cf643ce3 
Hero: folds
aa9e7d5: raises $4 to $6
7b3a5aef: calls $6
bb9b5afc: calls $6
a21ff522: calls $5
cf643ce3: calls $4
*** FLOP *** [7c Jc 4s]
a21ff522: checks
cf643ce3: checks
aa9e7d5: checks
7b3a5aef: checks
bb9b5afc: checks
*** TURN *** [7c Jc 4s] [4c]
a21ff522: checks
cf643ce3: checks
aa9e7d5: bets $9.9
7b3a5aef: folds
bb9b5afc: folds
a21ff522: raises $37.35 to $47.25
cf643ce3: folds
aa9e7d5: folds
Uncalled bet ($37.35) returned to a21ff522
*** SHOWDOWN ***
a21ff522 collected $49.8 from pot
*** SUMMARY ***
Total pot $49.8
Board [7c Jc 4s 4c]
Seat 2: bb9b5afc folded on the Turn
Seat 3: a21ff522(small blind)won ($49.8) with Pair of Fours
Seat 6: aa9e7d5 folded on the Turn
Seat 7: 7b3a5aef folded on the Turn
Seat 5: Hero folded before Flop (didn't bet)
Seat 4: cf643ce3(big blind) folded on the Turn



Poker Hand #ring_828856779: NLH No Limit ($1/$2) - 2025/04/18 00:29:42
Table 'MR NLH 1/2' 7-max Seat #7 is the button
Seat 2: bb9b5afc ($133.56 in chips)
Seat 3: a21ff522 ($510.05 in chips)
Seat 6: aa9e7d5 ($584.2 in chips)
Seat 7: 7b3a5aef ($528.84 in chips)
Seat 5: Hero ($199 in chips)
Seat 4: cf643ce3 ($191.87 in chips)
bb9b5afc: posts small blind $1
a21ff522: posts big blind $2
*** HOLE CARDS ***
Dealt to bb9b5afc 
Dealt to a21ff522 
Dealt to aa9e7d5 
Dealt to 7b3a5aef 
Dealt to Hero [Th 9d]
Dealt to cf643ce3 
cf643ce3: folds
Hero: folds
aa9e7d5: calls $2
7b3a5aef: folds
bb9b5afc: folds
a21ff522: checks
*** FLOP *** [7c 6s 3c]
a21ff522: checks
aa9e7d5: bets $5
a21ff522: calls $5
*** TURN *** [7c 6s 3c] [4s]
a21ff522: checks
aa9e7d5: bets $30
a21ff522: folds
Uncalled bet ($30) returned to aa9e7d5
*** SHOWDOWN ***
aa9e7d5 collected $15 from pot
*** SUMMARY ***
Total pot $15
Board [7c 6s 3c 4s]
Seat 2: bb9b5afc(small blind) folded before Flop
Seat 3: a21ff522(big blind) folded on the Turn
Seat 6: aa9e7d5won ($15) with Sevens-High Straight
Seat 7: 7b3a5aef folded before Flop (didn't bet)
Seat 5: Hero folded before Flop (didn't bet)
Seat 4: cf643ce3 folded before Flop (didn't bet)



Poker Hand #ring_828856102: NLH No Limit ($1/$2) - 2025/04/18 00:29:16
Table 'MR NLH 1/2' 7-max Seat #6 is the button
Seat 2: bb9b5afc ($135.56 in chips)
Seat 3: a21ff522 ($510.05 in chips)
Seat 6: aa9e7d5 ($584.2 in chips)
Seat 7: 7b3a5aef ($526.84 in chips)
Seat 5: Hero ($199 in chips)
Seat 4: cf643ce3 ($191.87 in chips)
7b3a5aef: posts small blind $1
bb9b5afc: posts big blind $2
*** HOLE CARDS ***
Dealt to bb9b5afc 
Dealt to a21ff522 
Dealt to aa9e7d5 
Dealt to 7b3a5aef 
Dealt to Hero [Th 7s]
Dealt to cf643ce3 
a21ff522: folds
cf643ce3: folds
Hero: folds
aa9e7d5: folds
7b3a5aef: raises $4 to $6
bb9b5afc: folds
Uncalled bet ($4) returned to 7b3a5aef
*** SHOWDOWN ***
7b3a5aef collected $4 from pot
*** SUMMARY ***
Total pot $4
Seat 2: bb9b5afc(big blind) folded before Flop
Seat 3: a21ff522 folded before Flop (didn't bet)
Seat 6: aa9e7d5 folded before Flop (didn't bet)
Seat 7: 7b3a5aef(small blind)won ($4)
Seat 5: Hero folded before Flop (didn't bet)
Seat 4: cf643ce3 folded before Flop (didn't bet)



Poker Hand #ring_828855094: NLH No Limit ($1/$2) - 2025/04/18 00:28:39
Table 'MR NLH 1/2' 7-max Seat #5 is the button
Seat 2: bb9b5afc ($125.41 in chips)
Seat 3: a21ff522 ($518.05 in chips)
Seat 6: aa9e7d5 ($585.2 in chips)
Seat 1: 370e82c0 ($73.68 in chips)
Seat 7: 7b3a5aef ($528.84 in chips)
Seat 5: Hero ($199 in chips)
Seat 4: cf643ce3 ($191.87 in chips)
aa9e7d5: posts small blind $1
7b3a5aef: posts big blind $2
*** HOLE CARDS ***
Dealt to bb9b5afc 
Dealt to a21ff522 
Dealt to aa9e7d5 
Dealt to 370e82c0 
Dealt to 7b3a5aef 
Dealt to Hero [4c 8s]
Dealt to cf643ce3 
370e82c0: folds
bb9b5afc: raises $6 to $8
a21ff522: calls $8
cf643ce3: folds
Hero: folds
aa9e7d5: folds
7b3a5aef: folds
*** FLOP *** [Kh 9d 8d]
bb9b5afc: bets $9.5
a21ff522: folds
Uncalled bet ($9.5) returned to bb9b5afc
*** SHOWDOWN ***
bb9b5afc collected $19 from pot
*** SUMMARY ***
Total pot $19
Board [Kh 9d 8d]
Seat 2: bb9b5afcwon ($19) with Pair of Kings
Seat 3: a21ff522 folded on the Flop
Seat 6: aa9e7d5(small blind) folded before Flop
Seat 1: 370e82c0 folded before Flop (didn't bet)
Seat 7: 7b3a5aef(big blind) folded before Flop
Seat 5: Hero folded before Flop (didn't bet)
Seat 4: cf643ce3 folded before Flop (didn't bet)



Poker Hand #ring_828853480: NLH No Limit ($1/$2) - 2025/04/18 00:27:39
Table 'MR NLH 1/2' 7-max Seat #4 is the button
Seat 2: bb9b5afc ($106.44 in chips)
Seat 3: a21ff522 ($518.05 in chips)
Seat 6: aa9e7d5 ($592.2 in chips)
Seat 1: 370e82c0 ($73.68 in chips)
Seat 7: 7b3a5aef ($528.84 in chips)
Seat 5: Hero ($200 in chips)
Seat 4: cf643ce3 ($204.87 in chips)
Hero: posts small blind $1
aa9e7d5: posts big blind $2
*** HOLE CARDS ***
Dealt to bb9b5afc 
Dealt to a21ff522 
Dealt to aa9e7d5 
Dealt to 370e82c0 
Dealt to 7b3a5aef 
Dealt to Hero [Kc 8s]
Dealt to cf643ce3 
7b3a5aef: folds
370e82c0: folds
bb9b5afc: calls $2
a21ff522: folds
cf643ce3: raises $5 to $7
Hero: folds
aa9e7d5: calls $5
bb9b5afc: calls $5
*** FLOP *** [As Ac Ts]
aa9e7d5: checks
bb9b5afc: checks
cf643ce3: bets $6
aa9e7d5: folds
bb9b5afc: calls $6
*** TURN *** [As Ac Ts] [7s]
bb9b5afc: bets $17
cf643ce3: folds
Uncalled bet ($17) returned to bb9b5afc
*** SHOWDOWN ***
bb9b5afc collected $34 from pot
*** SUMMARY ***
Total pot $34
Board [As Ac Ts 7s]
Seat 2: bb9b5afcwon ($34) with Pair of Aces and Pair of Tens
Seat 3: a21ff522 folded before Flop (didn't bet)
Seat 6: aa9e7d5(big blind) folded on the Flop
Seat 1: 370e82c0 folded before Flop (didn't bet)
Seat 7: 7b3a5aef folded before Flop (didn't bet)
Seat 5: Hero(small blind) folded before Flop
Seat 4: cf643ce3 folded on the Turn



Poker Hand #ring_828852572: NLH No Limit ($1/$2) - 2025/04/18 00:27:06
Table 'MR NLH 1/2' 7-max Seat #3 is the button
Seat 2: bb9b5afc ($103.44 in chips)
Seat 3: a21ff522 ($518.05 in chips)
Seat 6: aa9e7d5 ($592.2 in chips)
Seat 1: 370e82c0 ($73.68 in chips)
Seat 7: 7b3a5aef ($528.84 in chips)
Seat 5: Hero ($202 in chips)
Seat 4: cf643ce3 ($205.87 in chips)
cf643ce3: posts small blind $1
Hero: posts big blind $2
*** HOLE CARDS ***
Dealt to bb9b5afc 
Dealt to a21ff522 
Dealt to aa9e7d5 
Dealt to 370e82c0 
Dealt to 7b3a5aef 
Dealt to Hero [8d Ts]
Dealt to cf643ce3 
aa9e7d5: folds
7b3a5aef: folds
370e82c0: folds
bb9b5afc: raises $6 to $8
a21ff522: folds
cf643ce3: folds
Hero: folds
Uncalled bet ($6) returned to bb9b5afc
*** SHOWDOWN ***
bb9b5afc collected $5 from pot
*** SUMMARY ***
Total pot $5
Seat 2: bb9b5afcwon ($5)
Seat 3: a21ff522 folded before Flop (didn't bet)
Seat 6: aa9e7d5 folded before Flop (didn't bet)
Seat 1: 370e82c0 folded before Flop (didn't bet)
Seat 7: 7b3a5aef folded before Flop (didn't bet)
Seat 5: Hero(big blind) folded before Flop
Seat 4: cf643ce3(small blind) folded before Flop



