Poker Hand #ring_826539207: NLH No Limit ($1/$2) - 2025/04/16 18:46:31
Table 'MR NLH 1/2' 7-max Seat #6 is the button
Seat 7: ff23542b ($143.85 in chips)
Seat 3: 386f7de1 ($34.57 in chips)
Seat 5: cab3e4e3 ($402.64 in chips)
Seat 6: 70cfe235 ($428.03 in chips)
Seat 1: Hero ($580.05 in chips)
Seat 2: 3117a056 ($985.05 in chips)
ff23542b: posts small blind $1
Hero: posts big blind $2
*** HOLE CARDS ***
Dealt to ff23542b 
Dealt to 386f7de1 
Dealt to cab3e4e3 
Dealt to 70cfe235 
Dealt to Hero [2d Ks]
Dealt to 3117a056 
3117a056: folds
386f7de1: folds
cab3e4e3: raises $3 to $5
70cfe235: calls $5
ff23542b: folds
Hero: calls $3
*** FLOP *** [Ad 6s 9h]
Hero: checks
cab3e4e3: bets $12
70cfe235: folds
Hero: folds
Uncalled bet ($12) returned to cab3e4e3
*** SHOWDOWN ***
cab3e4e3 collected $16 from pot
*** SUMMARY ***
Total pot $16
Board [Ad 6s 9h]
Seat 7: ff23542b(small blind) folded before Flop
Seat 3: 386f7de1 folded before Flop (didn't bet)
Seat 5: cab3e4e3won ($16) with Pair of Nines
Seat 6: 70cfe235 folded on the Flop
Seat 1: Hero(big blind) folded on the Flop
Seat 2: 3117a056 folded before Flop (didn't bet)



Poker Hand #ring_826538605: NLH No Limit ($1/$2) - 2025/04/16 18:46:05
Table 'MR NLH 1/2' 7-max Seat #5 is the button
Seat 7: ff23542b ($145.85 in chips)
Seat 3: 386f7de1 ($34.57 in chips)
Seat 5: cab3e4e3 ($402.64 in chips)
Seat 6: 70cfe235 ($429.03 in chips)
Seat 1: Hero ($580.05 in chips)
Seat 2: 3117a056 ($982.05 in chips)
70cfe235: posts small blind $1
ff23542b: posts big blind $2
*** HOLE CARDS ***
Dealt to ff23542b 
Dealt to 386f7de1 
Dealt to cab3e4e3 
Dealt to 70cfe235 
Dealt to Hero [4s Td]
Dealt to 3117a056 
Hero: folds
3117a056: raises $3 to $5
386f7de1: folds
cab3e4e3: folds
70cfe235: folds
ff23542b: folds
Uncalled bet ($3) returned to 3117a056
ff23542b: shows [3d 9s]
*** SHOWDOWN ***
3117a056 collected $5 from pot
*** SUMMARY ***
Total pot $5
Seat 7: ff23542b(big blind) folded before Flop
Seat 3: 386f7de1 folded before Flop (didn't bet)
Seat 5: cab3e4e3 folded before Flop (didn't bet)
Seat 6: 70cfe235(small blind) folded before Flop
Seat 1: Hero folded before Flop (didn't bet)
Seat 2: 3117a056won ($5)



Poker Hand #ring_826537401: NLH No Limit ($1/$2) - 2025/04/16 18:45:11
Table 'MR NLH 1/2' 7-max Seat #3 is the button
Seat 7: ff23542b ($161.35 in chips)
Seat 3: 386f7de1 ($34.57 in chips)
Seat 5: cab3e4e3 ($403.64 in chips)
Seat 6: 70cfe235 ($437.03 in chips)
Seat 1: Hero ($557.85 in chips)
Seat 2: 3117a056 ($982.05 in chips)
cab3e4e3: posts small blind $1
70cfe235: posts big blind $2
*** HOLE CARDS ***
Dealt to ff23542b 
Dealt to 386f7de1 
Dealt to cab3e4e3 
Dealt to 70cfe235 
Dealt to Hero [3h 3c]
Dealt to 3117a056 
ff23542b: raises $6 to $8
Hero: calls $8
3117a056: folds
386f7de1: folds
cab3e4e3: folds
70cfe235: calls $6
*** FLOP *** [5c 8h 3d]
70cfe235: checks
ff23542b: checks
Hero: bets $7.5
70cfe235: folds
ff23542b: calls $7.5
*** TURN *** [5c 8h 3d] [7c]
ff23542b: checks
Hero: bets $32
ff23542b: folds
Uncalled bet ($32) returned to Hero
*** SHOWDOWN ***
Hero collected $40 from pot
*** SUMMARY ***
Total pot $40
Board [5c 8h 3d 7c]
Seat 7: ff23542b folded on the Turn
Seat 3: 386f7de1 folded before Flop (didn't bet)
Seat 5: cab3e4e3(small blind) folded before Flop
Seat 6: 70cfe235(big blind) folded on the Flop
Seat 1: Herowon ($40) with Three Treys
Seat 2: 3117a056 folded before Flop (didn't bet)



Poker Hand #ring_826536946: NLH No Limit ($1/$2) - 2025/04/16 18:44:51
Table 'MR NLH 1/2' 7-max Seat #2 is the button
Seat 7: ff23542b ($161.35 in chips)
Seat 3: 386f7de1 ($35.57 in chips)
Seat 5: cab3e4e3 ($405.64 in chips)
Seat 6: 70cfe235 ($437.03 in chips)
Seat 1: Hero ($557.85 in chips)
Seat 2: 3117a056 ($979.05 in chips)
386f7de1: posts small blind $1
cab3e4e3: posts big blind $2
*** HOLE CARDS ***
Dealt to ff23542b 
Dealt to 386f7de1 
Dealt to cab3e4e3 
Dealt to 70cfe235 
Dealt to Hero [Kd 3h]
Dealt to 3117a056 
70cfe235: folds
ff23542b: folds
Hero: folds
3117a056: raises $3 to $5
386f7de1: folds
cab3e4e3: folds
Uncalled bet ($3) returned to 3117a056
*** SHOWDOWN ***
3117a056 collected $5 from pot
*** SUMMARY ***
Total pot $5
Seat 7: ff23542b folded before Flop (didn't bet)
Seat 3: 386f7de1(small blind) folded before Flop
Seat 5: cab3e4e3(big blind) folded before Flop
Seat 6: 70cfe235 folded before Flop (didn't bet)
Seat 1: Hero folded before Flop (didn't bet)
Seat 2: 3117a056won ($5)



Poker Hand #ring_826535584: NLH No Limit ($1/$2) - 2025/04/16 18:43:50
Table 'MR NLH 1/2' 7-max Seat #1 is the button
Seat 7: ff23542b ($161.35 in chips)
Seat 3: 386f7de1 ($43.87 in chips)
Seat 5: cab3e4e3 ($405.64 in chips)
Seat 6: 70cfe235 ($437.03 in chips)
Seat 1: Hero ($549.34 in chips)
Seat 2: 3117a056 ($980.05 in chips)
3117a056: posts small blind $1
386f7de1: posts big blind $2
*** HOLE CARDS ***
Dealt to ff23542b 
Dealt to 386f7de1 
Dealt to cab3e4e3 
Dealt to 70cfe235 
Dealt to Hero [4c 5d]
Dealt to 3117a056 
cab3e4e3: folds
70cfe235: folds
ff23542b: folds
Hero: raises $3 to $5
3117a056: folds
386f7de1: calls $3
*** FLOP *** [Ah Qh 8c]
386f7de1: checks
Hero: checks
*** TURN *** [Ah Qh 8c] [2d]
386f7de1: checks
Hero: bets $3.3
386f7de1: calls $3.3
*** RIVER *** [Ah Qh 8c 2d] [Jc]
386f7de1: checks
Hero: bets $11
386f7de1: folds
Uncalled bet ($11) returned to Hero
*** SHOWDOWN ***
Hero collected $17.6 from pot
*** SUMMARY ***
Total pot $17.6
Board [Ah Qh 8c 2d Jc]
Seat 7: ff23542b folded before Flop (didn't bet)
Seat 3: 386f7de1(big blind) folded on the River
Seat 5: cab3e4e3 folded before Flop (didn't bet)
Seat 6: 70cfe235 folded before Flop (didn't bet)
Seat 1: Herowon ($17.6) with Ace-High
Seat 2: 3117a056(small blind) folded before Flop



Poker Hand #ring_826535007: NLH No Limit ($1/$2) - 2025/04/16 18:43:25
Table 'MR NLH 1/2' 7-max Seat #7 is the button
Seat 7: ff23542b ($161.35 in chips)
Seat 3: 386f7de1 ($43.87 in chips)
Seat 5: cab3e4e3 ($405.64 in chips)
Seat 6: 70cfe235 ($437.03 in chips)
Seat 1: Hero ($551.34 in chips)
Seat 2: 3117a056 ($978.05 in chips)
Hero: posts small blind $1
3117a056: posts big blind $2
*** HOLE CARDS ***
Dealt to ff23542b 
Dealt to 386f7de1 
Dealt to cab3e4e3 
Dealt to 70cfe235 
Dealt to Hero [6c 2c]
Dealt to 3117a056 
386f7de1: folds
cab3e4e3: folds
70cfe235: folds
ff23542b: folds
Hero: calls $1
3117a056: raises $4 to $6
Hero: folds
Uncalled bet ($4) returned to 3117a056
*** SHOWDOWN ***
3117a056 collected $4 from pot
*** SUMMARY ***
Total pot $4
Seat 7: ff23542b folded before Flop (didn't bet)
Seat 3: 386f7de1 folded before Flop (didn't bet)
Seat 5: cab3e4e3 folded before Flop (didn't bet)
Seat 6: 70cfe235 folded before Flop (didn't bet)
Seat 1: Hero(small blind) folded before Flop
Seat 2: 3117a056(big blind)won ($4)



Poker Hand #ring_826532994: NLH No Limit ($1/$2) - 2025/04/16 18:41:57
Table 'MR NLH 1/2' 7-max Seat #6 is the button
Seat 7: ff23542b ($162.35 in chips)
Seat 3: 386f7de1 ($61.89 in chips)
Seat 5: cab3e4e3 ($405.64 in chips)
Seat 6: 70cfe235 ($444.04 in chips)
Seat 1: Hero ($527.79 in chips)
Seat 2: 3117a056 ($978.05 in chips)
ff23542b: posts small blind $1
Hero: posts big blind $2
*** HOLE CARDS ***
Dealt to ff23542b 
Dealt to 386f7de1 
Dealt to cab3e4e3 
Dealt to 70cfe235 
Dealt to Hero [Qh Js]
Dealt to 3117a056 
3117a056: folds
386f7de1: calls $2
cab3e4e3: folds
70cfe235: raises $5.01 to $7.01
ff23542b: folds
Hero: calls $5.01
386f7de1: calls $5.01
*** FLOP *** [Tc Td 8s]
Hero: checks
386f7de1: bets $11.01
70cfe235: folds
Hero: calls $11.01
*** TURN *** [Tc Td 8s] [9h]
Hero: checks
386f7de1: checks
*** RIVER *** [Tc Td 8s 9h] [6c]
Hero: bets $13.4
386f7de1: folds
Uncalled bet ($13.4) returned to Hero
*** SHOWDOWN ***
Hero collected $44.05 from pot
*** SUMMARY ***
Total pot $44.05
Board [Tc Td 8s 9h 6c]
Seat 7: ff23542b(small blind) folded before Flop
Seat 3: 386f7de1 folded on the River
Seat 5: cab3e4e3 folded before Flop (didn't bet)
Seat 6: 70cfe235 folded on the Flop
Seat 1: Hero(big blind)won ($44.05) with Queens-High Straight
Seat 2: 3117a056 folded before Flop (didn't bet)



Poker Hand #ring_826532344: NLH No Limit ($1/$2) - 2025/04/16 18:41:28
Table 'MR NLH 1/2' 7-max Seat #5 is the button
Seat 7: ff23542b ($164.35 in chips)
Seat 3: 386f7de1 ($63.89 in chips)
Seat 5: cab3e4e3 ($400.64 in chips)
Seat 6: 70cfe235 ($445.04 in chips)
Seat 1: Hero ($527.79 in chips)
Seat 2: 3117a056 ($978.05 in chips)
70cfe235: posts small blind $1
ff23542b: posts big blind $2
*** HOLE CARDS ***
Dealt to ff23542b 
Dealt to 386f7de1 
Dealt to cab3e4e3 
Dealt to 70cfe235 
Dealt to Hero [Kd 7s]
Dealt to 3117a056 
Hero: folds
3117a056: folds
386f7de1: calls $2
cab3e4e3: raises $5 to $7
70cfe235: folds
ff23542b: folds
386f7de1: folds
Uncalled bet ($5) returned to cab3e4e3
*** SHOWDOWN ***
cab3e4e3 collected $7 from pot
*** SUMMARY ***
Total pot $7
Seat 7: ff23542b(big blind) folded before Flop
Seat 3: 386f7de1 folded before Flop
Seat 5: cab3e4e3won ($7)
Seat 6: 70cfe235(small blind) folded before Flop
Seat 1: Hero folded before Flop (didn't bet)
Seat 2: 3117a056 folded before Flop (didn't bet)



Poker Hand #ring_826531358: NLH No Limit ($1/$2) - 2025/04/16 18:40:44
Table 'MR NLH 1/2' 7-max Seat #3 is the button
Seat 7: ff23542b ($164.35 in chips)
Seat 3: 386f7de1 ($63.89 in chips)
Seat 5: cab3e4e3 ($401.64 in chips)
Seat 6: 70cfe235 ($450.04 in chips)
Seat 1: Hero ($527.79 in chips)
Seat 2: 3117a056 ($972.54 in chips)
cab3e4e3: posts small blind $1
70cfe235: posts big blind $2
*** HOLE CARDS ***
Dealt to ff23542b 
Dealt to 386f7de1 
Dealt to cab3e4e3 
Dealt to 70cfe235 
Dealt to Hero [7h 6s]
Dealt to 3117a056 
ff23542b: folds
Hero: folds
3117a056: raises $3 to $5
386f7de1: folds
cab3e4e3: folds
70cfe235: calls $3
*** FLOP *** [3c 7c 4h]
70cfe235: checks
3117a056: checks
*** TURN *** [3c 7c 4h] [8h]
70cfe235: checks
3117a056: bets $3.63
70cfe235: folds
Uncalled bet ($3.63) returned to 3117a056
*** SHOWDOWN ***
3117a056 collected $11 from pot
*** SUMMARY ***
Total pot $11
Board [3c 7c 4h 8h]
Seat 7: ff23542b folded before Flop (didn't bet)
Seat 3: 386f7de1 folded before Flop (didn't bet)
Seat 5: cab3e4e3(small blind) folded before Flop
Seat 6: 70cfe235(big blind) folded on the Turn
Seat 1: Hero folded before Flop (didn't bet)
Seat 2: 3117a056won ($11) with Ace-High



Poker Hand #ring_826530034: NLH No Limit ($1/$2) - 2025/04/16 18:39:46
Table 'MR NLH 1/2' 7-max Seat #2 is the button
Seat 7: ff23542b ($164.35 in chips)
Seat 3: 386f7de1 ($67.89 in chips)
Seat 5: cab3e4e3 ($398 in chips)
Seat 6: 70cfe235 ($450.04 in chips)
Seat 1: Hero ($527.79 in chips)
Seat 2: 3117a056 ($972.54 in chips)
386f7de1: posts small blind $1
cab3e4e3: posts big blind $2
*** HOLE CARDS ***
Dealt to ff23542b 
Dealt to 386f7de1 
Dealt to cab3e4e3 
Dealt to 70cfe235 
Dealt to Hero [2c Qc]
Dealt to 3117a056 
70cfe235: folds
ff23542b: folds
Hero: folds
3117a056: folds
386f7de1: calls $1
cab3e4e3: checks
*** FLOP *** [4h Kc 6c]
386f7de1: checks
cab3e4e3: bets $2
386f7de1: calls $2
*** TURN *** [4h Kc 6c] [8c]
386f7de1: checks
cab3e4e3: bets $6
386f7de1: folds
Uncalled bet ($6) returned to cab3e4e3
*** SHOWDOWN ***
cab3e4e3 collected $8 from pot
*** SUMMARY ***
Total pot $8
Board [4h Kc 6c 8c]
Seat 7: ff23542b folded before Flop (didn't bet)
Seat 3: 386f7de1(small blind) folded on the Turn
Seat 5: cab3e4e3(big blind)won ($8) with Pair of Kings and Pair of Sixes
Seat 6: 70cfe235 folded before Flop (didn't bet)
Seat 1: Hero folded before Flop (didn't bet)
Seat 2: 3117a056 folded before Flop (didn't bet)



Poker Hand #ring_826529389: NLH No Limit ($1/$2) - 2025/04/16 18:39:18
Table 'MR NLH 1/2' 7-max Seat #1 is the button
Seat 7: ff23542b ($164.35 in chips)
Seat 3: 386f7de1 ($69.89 in chips)
Seat 5: cab3e4e3 ($398 in chips)
Seat 6: 70cfe235 ($455.04 in chips)
Seat 1: Hero ($519.79 in chips)
Seat 2: 3117a056 ($973.54 in chips)
3117a056: posts small blind $1
386f7de1: posts big blind $2
*** HOLE CARDS ***
Dealt to ff23542b 
Dealt to 386f7de1 
Dealt to cab3e4e3 
Dealt to 70cfe235 
Dealt to Hero [Ts As]
Dealt to 3117a056 
cab3e4e3: folds
70cfe235: raises $3 to $5
ff23542b: folds
Hero: raises $15 to $20
3117a056: folds
386f7de1: folds
70cfe235: folds
Uncalled bet ($15) returned to Hero
*** SHOWDOWN ***
Hero collected $13 from pot
*** SUMMARY ***
Total pot $13
Seat 7: ff23542b folded before Flop (didn't bet)
Seat 3: 386f7de1(big blind) folded before Flop
Seat 5: cab3e4e3 folded before Flop (didn't bet)
Seat 6: 70cfe235 folded before Flop
Seat 1: Herowon ($13)
Seat 2: 3117a056(small blind) folded before Flop



Poker Hand #ring_826528894: NLH No Limit ($1/$2) - 2025/04/16 18:38:57
Table 'MR NLH 1/2' 7-max Seat #7 is the button
Seat 7: ff23542b ($164.35 in chips)
Seat 3: 386f7de1 ($69.89 in chips)
Seat 5: cab3e4e3 ($398 in chips)
Seat 6: 70cfe235 ($455.04 in chips)
Seat 1: Hero ($524.79 in chips)
Seat 2: 3117a056 ($968.54 in chips)
Hero: posts small blind $1
3117a056: posts big blind $2
*** HOLE CARDS ***
Dealt to ff23542b 
Dealt to 386f7de1 
Dealt to cab3e4e3 
Dealt to 70cfe235 
Dealt to Hero [7h 8d]
Dealt to 3117a056 
386f7de1: folds
cab3e4e3: folds
70cfe235: folds
ff23542b: folds
Hero: raises $3 to $5
3117a056: raises $10 to $15
Hero: folds
Uncalled bet ($10) returned to 3117a056
*** SHOWDOWN ***
3117a056 collected $10 from pot
*** SUMMARY ***
Total pot $10
Seat 7: ff23542b folded before Flop (didn't bet)
Seat 3: 386f7de1 folded before Flop (didn't bet)
Seat 5: cab3e4e3 folded before Flop (didn't bet)
Seat 6: 70cfe235 folded before Flop (didn't bet)
Seat 1: Hero(small blind) folded before Flop
Seat 2: 3117a056(big blind)won ($10)



Poker Hand #ring_826528021: NLH No Limit ($1/$2) - 2025/04/16 18:38:19
Table 'MR NLH 1/2' 7-max Seat #6 is the button
Seat 7: ff23542b ($170.35 in chips)
Seat 3: 386f7de1 ($58.7 in chips)
Seat 4: 91082c88 ($143.63 in chips)
Seat 5: cab3e4e3 ($398 in chips)
Seat 6: 70cfe235 ($455.04 in chips)
Seat 1: Hero ($530.79 in chips)
Seat 2: 3117a056 ($968.54 in chips)
ff23542b: posts small blind $1
Hero: posts big blind $2
*** HOLE CARDS ***
Dealt to ff23542b 
Dealt to 386f7de1 
Dealt to 91082c88 
Dealt to cab3e4e3 
Dealt to 70cfe235 
Dealt to Hero [Jh Th]
Dealt to 3117a056 
3117a056: folds
386f7de1: raises $4 to $6
91082c88: folds
cab3e4e3: folds
70cfe235: folds
ff23542b: calls $5
Hero: calls $4
*** FLOP *** [4c 2d 9h]
ff23542b: checks
Hero: checks
386f7de1: bets $13.5
ff23542b: folds
Hero: folds
Uncalled bet ($13.5) returned to 386f7de1
*** SHOWDOWN ***
386f7de1 collected $18 from pot
*** SUMMARY ***
Total pot $18
Board [4c 2d 9h]
Seat 7: ff23542b(small blind) folded on the Flop
Seat 3: 386f7de1won ($18) with Ace-High
Seat 4: 91082c88 folded before Flop (didn't bet)
Seat 5: cab3e4e3 folded before Flop (didn't bet)
Seat 6: 70cfe235 folded before Flop (didn't bet)
Seat 1: Hero(big blind) folded on the Flop
Seat 2: 3117a056 folded before Flop (didn't bet)



Poker Hand #ring_826526423: NLH No Limit ($1/$2) - 2025/04/16 18:37:09
Table 'MR NLH 1/2' 7-max Seat #5 is the button
Seat 7: ff23542b ($176.35 in chips)
Seat 3: 386f7de1 ($58.7 in chips)
Seat 4: 91082c88 ($143.63 in chips)
Seat 5: cab3e4e3 ($400 in chips)
Seat 6: 70cfe235 ($456.04 in chips)
Seat 1: Hero ($510.86 in chips)
Seat 2: 3117a056 ($981.54 in chips)
70cfe235: posts small blind $1
ff23542b: posts big blind $2
cab3e4e3: posts big blind $2
*** HOLE CARDS ***
Dealt to ff23542b 
Dealt to 386f7de1 
Dealt to 91082c88 
Dealt to cab3e4e3 
Dealt to 70cfe235 
Dealt to Hero [Qs Qc]
Dealt to 3117a056 
Hero: raises $4 to $6
3117a056: calls $6
386f7de1: folds
91082c88: folds
cab3e4e3: folds
70cfe235: folds
ff23542b: calls $4
*** FLOP *** [5d Kh 5c]
ff23542b: checks
Hero: checks
3117a056: bets $7
ff23542b: folds
Hero: calls $7
*** TURN *** [5d Kh 5c] [Jd]
Hero: checks
3117a056: checks
*** RIVER *** [5d Kh 5c Jd] [6d]
Hero: checks
3117a056: checks
Hero: shows [Qs Qc]
3117a056: shows [Ac Th]
*** SHOWDOWN ***
Hero collected $35 from pot
*** SUMMARY ***
Total pot $35
Board [5d Kh 5c Jd 6d]
Seat 7: ff23542b(big blind) folded on the Flop
Seat 3: 386f7de1 folded before Flop (didn't bet)
Seat 4: 91082c88 folded before Flop (didn't bet)
Seat 5: cab3e4e3 folded before Flop
Seat 6: 70cfe235(small blind) folded before Flop
Seat 1: Hero showed [Qs Qc] and won ($35) with Pair of Queens and Pair of Fives
Seat 2: 3117a056 showed [Ac Th] and lost with Pair of Fives



Poker Hand #ring_826525190: NLH No Limit ($1/$2) - 2025/04/16 18:36:16
Table 'MR NLH 1/2' 7-max Seat #4 is the button
Seat 7: ff23542b ($176.35 in chips)
Seat 3: 386f7de1 ($58.7 in chips)
Seat 4: 91082c88 ($143.63 in chips)
Seat 5: c44e5c82 ($181.82 in chips)
Seat 6: 70cfe235 ($455.78 in chips)
Seat 1: Hero ($510.61 in chips)
Seat 2: 3117a056 ($981.54 in chips)
c44e5c82: posts small blind $1
70cfe235: posts big blind $2
*** HOLE CARDS ***
Dealt to ff23542b 
Dealt to 386f7de1 
Dealt to 91082c88 
Dealt to c44e5c82 
Dealt to 70cfe235 
Dealt to Hero [Ad 5d]
Dealt to 3117a056 
ff23542b: folds
Hero: raises $3 to $5
3117a056: folds
386f7de1: folds
91082c88: folds
c44e5c82: folds
70cfe235: calls $3
*** FLOP *** [7c 8h 7h]
70cfe235: checks
Hero: checks
*** TURN *** [7c 8h 7h] [Kd]
70cfe235: checks
Hero: checks
*** RIVER *** [7c 8h 7h Kd] [Qs]
70cfe235: checks
Hero: checks
Hero: shows [Ad 5d]
70cfe235: shows [3d As]
*** SHOWDOWN ***
Hero collected $5.5 from pot
70cfe235 collected $5.5 from pot
*** SUMMARY ***
Total pot $11
Board [7c 8h 7h Kd Qs]
Seat 7: ff23542b folded before Flop (didn't bet)
Seat 3: 386f7de1 folded before Flop (didn't bet)
Seat 4: 91082c88 folded before Flop (didn't bet)
Seat 5: c44e5c82(small blind) folded before Flop
Seat 6: 70cfe235(big blind) showed [3d As] and won ($5.5) with Pair of Sevens
Seat 1: Hero showed [Ad 5d] and won ($5.5) with Pair of Sevens
Seat 2: 3117a056 folded before Flop (didn't bet)



Poker Hand #ring_826523579: NLH No Limit ($1/$2) - 2025/04/16 18:35:04
Table 'MR NLH 1/2' 7-max Seat #3 is the button
Seat 7: ff23542b ($176.35 in chips)
Seat 3: 386f7de1 ($58.7 in chips)
Seat 4: 91082c88 ($144.63 in chips)
Seat 5: c44e5c82 ($154.34 in chips)
Seat 6: 70cfe235 ($460.78 in chips)
Seat 1: Hero ($522.54 in chips)
Seat 2: 3117a056 ($993.47 in chips)
91082c88: posts small blind $1
c44e5c82: posts big blind $2
*** HOLE CARDS ***
Dealt to ff23542b 
Dealt to 386f7de1 
Dealt to 91082c88 
Dealt to c44e5c82 
Dealt to 70cfe235 
Dealt to Hero [Td Ad]
Dealt to 3117a056 
70cfe235: raises $3 to $5
ff23542b: folds
Hero: calls $5
3117a056: calls $5
386f7de1: folds
91082c88: folds
c44e5c82: calls $3
*** FLOP *** [4s 8s 2d]
c44e5c82: bets $6.93
70cfe235: folds
Hero: calls $6.93
3117a056: calls $6.93
*** TURN *** [4s 8s 2d] [8c]
c44e5c82: bets $31.34
Hero: folds
3117a056: folds
Uncalled bet ($31.34) returned to c44e5c82
*** SHOWDOWN ***
c44e5c82 collected $41.79 from pot
*** SUMMARY ***
Total pot $41.79
Board [4s 8s 2d 8c]
Seat 7: ff23542b folded before Flop (didn't bet)
Seat 3: 386f7de1 folded before Flop (didn't bet)
Seat 4: 91082c88(small blind) folded before Flop
Seat 5: c44e5c82(big blind)won ($41.79) with Three Eights
Seat 6: 70cfe235 folded on the Flop
Seat 1: Hero folded on the Turn
Seat 2: 3117a056 folded on the Turn



Poker Hand #ring_826522794: NLH No Limit ($1/$2) - 2025/04/16 18:34:28
Table 'MR NLH 1/2' 7-max Seat #2 is the button
Seat 7: ff23542b ($176.35 in chips)
Seat 3: 386f7de1 ($59.7 in chips)
Seat 4: 91082c88 ($146.63 in chips)
Seat 6: 70cfe235 ($460.78 in chips)
Seat 1: Hero ($519.54 in chips)
Seat 2: 3117a056 ($993.47 in chips)
386f7de1: posts small blind $1
91082c88: posts big blind $2
*** HOLE CARDS ***
Dealt to ff23542b 
Dealt to 386f7de1 
Dealt to 91082c88 
Dealt to 70cfe235 
Dealt to Hero [Kc 8d]
Dealt to 3117a056 
70cfe235: folds
ff23542b: folds
Hero: raises $3 to $5
3117a056: folds
386f7de1: folds
91082c88: folds
Uncalled bet ($3) returned to Hero
*** SHOWDOWN ***
Hero collected $5 from pot
*** SUMMARY ***
Total pot $5
Seat 7: ff23542b folded before Flop (didn't bet)
Seat 3: 386f7de1(small blind) folded before Flop
Seat 4: 91082c88(big blind) folded before Flop
Seat 6: 70cfe235 folded before Flop (didn't bet)
Seat 1: Herowon ($5)
Seat 2: 3117a056 folded before Flop (didn't bet)



Poker Hand #ring_826521609: NLH No Limit ($1/$2) - 2025/04/16 18:33:34
Table 'MR NLH 1/2' 7-max Seat #1 is the button
Seat 7: ff23542b ($176.35 in chips)
Seat 3: 386f7de1 ($75.7 in chips)
Seat 4: 91082c88 ($146.63 in chips)
Seat 6: 70cfe235 ($460.78 in chips)
Seat 1: Hero ($504.52 in chips)
Seat 2: 3117a056 ($994.47 in chips)
3117a056: posts small blind $1
386f7de1: posts big blind $2
*** HOLE CARDS ***
Dealt to ff23542b 
Dealt to 386f7de1 
Dealt to 91082c88 
Dealt to 70cfe235 
Dealt to Hero [Qs 9s]
Dealt to 3117a056 
91082c88: folds
70cfe235: folds
ff23542b: folds
Hero: raises $3 to $5
3117a056: folds
386f7de1: raises $11 to $16
Hero: calls $11
*** FLOP *** [Jd Qh Kh]
386f7de1: checks
Hero: checks
*** TURN *** [Jd Qh Kh] [5c]
386f7de1: checks
Hero: checks
*** RIVER *** [Jd Qh Kh 5c] [Kc]
386f7de1: checks
Hero: checks
Hero: shows [Qs 9s]
386f7de1: shows [Td Tc]
*** SHOWDOWN ***
Hero collected $33 from pot
*** SUMMARY ***
Total pot $33
Board [Jd Qh Kh 5c Kc]
Seat 7: ff23542b folded before Flop (didn't bet)
Seat 3: 386f7de1(big blind) showed [Td Tc] and lost with Pair of Kings and Pair of Tens
Seat 4: 91082c88 folded before Flop (didn't bet)
Seat 6: 70cfe235 folded before Flop (didn't bet)
Seat 1: Hero showed [Qs 9s] and won ($33) with Pair of Kings and Pair of Queens
Seat 2: 3117a056(small blind) folded before Flop



Poker Hand #ring_826520619: NLH No Limit ($1/$2) - 2025/04/16 18:32:49
Table 'MR NLH 1/2' 7-max Seat #7 is the button
Seat 7: ff23542b ($176.35 in chips)
Seat 3: 386f7de1 ($75.7 in chips)
Seat 4: 91082c88 ($146.63 in chips)
Seat 6: 70cfe235 ($455.27 in chips)
Seat 1: Hero ($505.52 in chips)
Seat 2: 3117a056 ($999.47 in chips)
Hero: posts small blind $1
3117a056: posts big blind $2
*** HOLE CARDS ***
Dealt to ff23542b 
Dealt to 386f7de1 
Dealt to 91082c88 
Dealt to 70cfe235 
Dealt to Hero [2d Qd]
Dealt to 3117a056 
386f7de1: folds
91082c88: folds
70cfe235: raises $3 to $5
ff23542b: folds
Hero: folds
3117a056: calls $3
*** FLOP *** [9d 4h 4s]
3117a056: checks
70cfe235: bets $3.63
3117a056: folds
Uncalled bet ($3.63) returned to 70cfe235
*** SHOWDOWN ***
70cfe235 collected $11 from pot
*** SUMMARY ***
Total pot $11
Board [9d 4h 4s]
Seat 7: ff23542b folded before Flop (didn't bet)
Seat 3: 386f7de1 folded before Flop (didn't bet)
Seat 4: 91082c88 folded before Flop (didn't bet)
Seat 6: 70cfe235won ($11) with Pair of Fours
Seat 1: Hero(small blind) folded before Flop
Seat 2: 3117a056(big blind) folded on the Flop



Poker Hand #ring_826519702: NLH No Limit ($1/$2) - 2025/04/16 18:32:08
Table 'MR NLH 1/2' 7-max Seat #6 is the button
Seat 7: ff23542b ($182.35 in chips)
Seat 3: 386f7de1 ($75.7 in chips)
Seat 4: 91082c88 ($146.63 in chips)
Seat 6: 70cfe235 ($455.27 in chips)
Seat 1: Hero ($500.06 in chips)
Seat 2: 3117a056 ($999.47 in chips)
ff23542b: posts small blind $1
Hero: posts big blind $2
*** HOLE CARDS ***
Dealt to ff23542b 
Dealt to 386f7de1 
Dealt to 91082c88 
Dealt to 70cfe235 
Dealt to Hero [Th Jd]
Dealt to 3117a056 
3117a056: folds
386f7de1: folds
91082c88: folds
70cfe235: folds
ff23542b: calls $1
Hero: raises $4 to $6
ff23542b: calls $4
*** FLOP *** [8c 6h Ad]
ff23542b: checks
Hero: bets $3.6
ff23542b: folds
Uncalled bet ($3.6) returned to Hero
*** SHOWDOWN ***
Hero collected $12 from pot
*** SUMMARY ***
Total pot $12
Board [8c 6h Ad]
Seat 7: ff23542b(small blind) folded on the Flop
Seat 3: 386f7de1 folded before Flop (didn't bet)
Seat 4: 91082c88 folded before Flop (didn't bet)
Seat 6: 70cfe235 folded before Flop (didn't bet)
Seat 1: Hero(big blind)won ($12) with Ace-High
Seat 2: 3117a056 folded before Flop (didn't bet)



Poker Hand #ring_826518994: NLH No Limit ($1/$2) - 2025/04/16 18:31:35
Table 'MR NLH 1/2' 7-max Seat #4 is the button
Seat 7: ff23542b ($184.35 in chips)
Seat 3: 386f7de1 ($75.7 in chips)
Seat 4: 91082c88 ($146.63 in chips)
Seat 6: 70cfe235 ($460.27 in chips)
Seat 1: Hero ($500.06 in chips)
Seat 2: 3117a056 ($993.01 in chips)
70cfe235: posts small blind $1
ff23542b: posts big blind $2
*** HOLE CARDS ***
Dealt to ff23542b 
Dealt to 386f7de1 
Dealt to 91082c88 
Dealt to 70cfe235 
Dealt to Hero [Qh 6h]
Dealt to 3117a056 
Hero: folds
3117a056: raises $3 to $5
386f7de1: folds
91082c88: folds
70cfe235: calls $4
ff23542b: folds
*** FLOP *** [3s 9s 2s]
70cfe235: checks
3117a056: bets $6
70cfe235: folds
Uncalled bet ($6) returned to 3117a056
*** SHOWDOWN ***
3117a056 collected $12 from pot
*** SUMMARY ***
Total pot $12
Board [3s 9s 2s]
Seat 7: ff23542b(big blind) folded before Flop
Seat 3: 386f7de1 folded before Flop (didn't bet)
Seat 4: 91082c88 folded before Flop (didn't bet)
Seat 6: 70cfe235(small blind) folded on the Flop
Seat 1: Hero folded before Flop (didn't bet)
Seat 2: 3117a056won ($12) with Ace-High



Poker Hand #ring_826517968: NLH No Limit ($1/$2) - 2025/04/16 18:30:49
Table 'MR NLH 1/2' 7-max Seat #3 is the button
Seat 7: ff23542b ($184.35 in chips)
Seat 3: 386f7de1 ($75.7 in chips)
Seat 4: 91082c88 ($147.63 in chips)
Seat 6: 70cfe235 ($462.27 in chips)
Seat 1: Hero ($505.06 in chips)
Seat 2: 3117a056 ($985.01 in chips)
91082c88: posts small blind $1
70cfe235: posts big blind $2
*** HOLE CARDS ***
Dealt to ff23542b 
Dealt to 386f7de1 
Dealt to 91082c88 
Dealt to 70cfe235 
Dealt to Hero [Ah 7h]
Dealt to 3117a056 
ff23542b: folds
Hero: raises $3 to $5
3117a056: raises $10 to $15
386f7de1: folds
91082c88: folds
70cfe235: folds
Hero: folds
Uncalled bet ($10) returned to 3117a056
*** SHOWDOWN ***
3117a056 collected $13 from pot
*** SUMMARY ***
Total pot $13
Seat 7: ff23542b folded before Flop (didn't bet)
Seat 3: 386f7de1 folded before Flop (didn't bet)
Seat 4: 91082c88(small blind) folded before Flop
Seat 6: 70cfe235(big blind) folded before Flop
Seat 1: Hero folded before Flop
Seat 2: 3117a056won ($13)



Poker Hand #ring_826516746: NLH No Limit ($1/$2) - 2025/04/16 18:29:55
Table 'MR NLH 1/2' 7-max Seat #2 is the button
Seat 7: ff23542b ($176.11 in chips)
Seat 3: 386f7de1 ($76.7 in chips)
Seat 4: 91082c88 ($155.63 in chips)
Seat 6: 70cfe235 ($462.27 in chips)
Seat 1: Hero ($505.06 in chips)
Seat 2: 3117a056 ($985.01 in chips)
386f7de1: posts small blind $1
91082c88: posts big blind $2
*** HOLE CARDS ***
Dealt to ff23542b 
Dealt to 386f7de1 
Dealt to 91082c88 
Dealt to 70cfe235 
Dealt to Hero [Jc 3h]
Dealt to 3117a056 
70cfe235: folds
ff23542b: raises $6 to $8
Hero: folds
3117a056: folds
386f7de1: folds
91082c88: calls $6
*** FLOP *** [6c 9d 9c]
91082c88: checks
ff23542b: checks
*** TURN *** [6c 9d 9c] [Kd]
91082c88: checks
ff23542b: bets $12.75
91082c88: folds
Uncalled bet ($12.75) returned to ff23542b
*** SHOWDOWN ***
ff23542b collected $17 from pot
*** SUMMARY ***
Total pot $17
Board [6c 9d 9c Kd]
Seat 7: ff23542bwon ($17) with Pair of Nines
Seat 3: 386f7de1(small blind) folded before Flop
Seat 4: 91082c88(big blind) folded on the Turn
Seat 6: 70cfe235 folded before Flop (didn't bet)
Seat 1: Hero folded before Flop (didn't bet)
Seat 2: 3117a056 folded before Flop (didn't bet)



Poker Hand #ring_826515634: NLH No Limit ($1/$2) - 2025/04/16 18:29:06
Table 'MR NLH 1/2' 7-max Seat #1 is the button
Seat 7: ff23542b ($176.11 in chips)
Seat 3: 386f7de1 ($97.2 in chips)
Seat 4: 91082c88 ($163.63 in chips)
Seat 6: 70cfe235 ($435.52 in chips)
Seat 1: Hero ($505.06 in chips)
Seat 2: 3117a056 ($986.01 in chips)
3117a056: posts small blind $1
386f7de1: posts big blind $2
*** HOLE CARDS ***
Dealt to ff23542b 
Dealt to 386f7de1 
Dealt to 91082c88 
Dealt to 70cfe235 
Dealt to Hero [Kd 3h]
Dealt to 3117a056 
91082c88: calls $2
70cfe235: raises $6 to $8
ff23542b: folds
Hero: folds
3117a056: folds
386f7de1: calls $6
91082c88: calls $6
*** FLOP *** [Jd 2c Ts]
386f7de1: checks
91082c88: checks
70cfe235: checks
*** TURN *** [Jd 2c Ts] [8s]
386f7de1: bets $12.5
91082c88: folds
70cfe235: calls $12.5
*** RIVER *** [Jd 2c Ts 8s] [Qd]
386f7de1: checks
70cfe235: checks
386f7de1: shows [As 7s]
70cfe235: shows [Jh Qh]
*** SHOWDOWN ***
70cfe235 collected $50 from pot
*** SUMMARY ***
Total pot $50
Board [Jd 2c Ts 8s Qd]
Seat 7: ff23542b folded before Flop (didn't bet)
Seat 3: 386f7de1(big blind) showed [As 7s] and lost with Ace-High
Seat 4: 91082c88 folded on the Turn
Seat 6: 70cfe235 showed [Jh Qh] and won ($50) with Pair of Queens and Pair of Jacks
Seat 1: Hero folded before Flop (didn't bet)
Seat 2: 3117a056(small blind) folded before Flop



Poker Hand #ring_826514878: NLH No Limit ($1/$2) - 2025/04/16 18:28:34
Table 'MR NLH 1/2' 7-max Seat #7 is the button
Seat 7: ff23542b ($176.11 in chips)
Seat 3: 386f7de1 ($75.72 in chips)
Seat 4: 91082c88 ($184.63 in chips)
Seat 6: 70cfe235 ($435.52 in chips)
Seat 1: Hero ($506.06 in chips)
Seat 2: 3117a056 ($988.01 in chips)
Hero: posts small blind $1
3117a056: posts big blind $2
*** HOLE CARDS ***
Dealt to ff23542b 
Dealt to 386f7de1 
Dealt to 91082c88 
Dealt to 70cfe235 
Dealt to Hero [2s 4s]
Dealt to 3117a056 
386f7de1: raises $4 to $6
91082c88: calls $6
70cfe235: folds
ff23542b: folds
Hero: folds
3117a056: folds
*** FLOP *** [2d 7c Ts]
386f7de1: bets $15
91082c88: calls $15
*** TURN *** [2d 7c Ts] [Td]
386f7de1: bets $45
91082c88: folds
Uncalled bet ($45) returned to 386f7de1
*** SHOWDOWN ***
386f7de1 collected $45 from pot
*** SUMMARY ***
Total pot $45
Board [2d 7c Ts Td]
Seat 7: ff23542b folded before Flop (didn't bet)
Seat 3: 386f7de1won ($45) with Pair of Tens
Seat 4: 91082c88 folded on the Turn
Seat 6: 70cfe235 folded before Flop (didn't bet)
Seat 1: Hero(small blind) folded before Flop
Seat 2: 3117a056(big blind) folded before Flop



Poker Hand #ring_826513615: NLH No Limit ($1/$2) - 2025/04/16 18:27:45
Table 'MR NLH 1/2' 7-max Seat #6 is the button
Seat 7: ff23542b ($177.11 in chips)
Seat 3: 386f7de1 ($83.72 in chips)
Seat 4: 91082c88 ($184.63 in chips)
Seat 6: 70cfe235 ($425.37 in chips)
Seat 1: Hero ($508.06 in chips)
Seat 2: 3117a056 ($988.01 in chips)
ff23542b: posts small blind $1
Hero: posts big blind $2
*** HOLE CARDS ***
Dealt to ff23542b 
Dealt to 386f7de1 
Dealt to 91082c88 
Dealt to 70cfe235 
Dealt to Hero [2h Kh]
Dealt to 3117a056 
3117a056: folds
386f7de1: calls $2
91082c88: folds
70cfe235: raises $6 to $8
ff23542b: folds
Hero: folds
386f7de1: calls $6
*** FLOP *** [4s Ac 4c]
386f7de1: checks
70cfe235: checks
*** TURN *** [4s Ac 4c] [Js]
386f7de1: checks
70cfe235: bets $9.5
386f7de1: folds
Uncalled bet ($9.5) returned to 70cfe235
*** SHOWDOWN ***
70cfe235 collected $19 from pot
*** SUMMARY ***
Total pot $19
Board [4s Ac 4c Js]
Seat 7: ff23542b(small blind) folded before Flop
Seat 3: 386f7de1 folded on the Turn
Seat 4: 91082c88 folded before Flop (didn't bet)
Seat 6: 70cfe235won ($19) with Pair of Aces and Pair of Fours
Seat 1: Hero(big blind) folded before Flop
Seat 2: 3117a056 folded before Flop (didn't bet)



Poker Hand #ring_826512807: NLH No Limit ($1/$2) - 2025/04/16 18:27:09
Table 'MR NLH 1/2' 7-max Seat #0 is the button
Seat 7: ff23542b ($179.11 in chips)
Seat 3: 386f7de1 ($83.72 in chips)
Seat 4: 91082c88 ($189.63 in chips)
Seat 6: 70cfe235 ($426.37 in chips)
Seat 1: Hero ($508.06 in chips)
Seat 2: 3117a056 ($980.59 in chips)
70cfe235: posts small blind $1
ff23542b: posts big blind $2
*** HOLE CARDS ***
Dealt to ff23542b 
Dealt to 386f7de1 
Dealt to 91082c88 
Dealt to 70cfe235 
Dealt to Hero [3c 6s]
Dealt to 3117a056 
Hero: folds
3117a056: raises $3 to $5
386f7de1: folds
91082c88: calls $5
70cfe235: folds
ff23542b: folds
*** FLOP *** [Ad Kc Kd]
3117a056: checks
91082c88: checks
*** TURN *** [Ad Kc Kd] [2s]
3117a056: bets $6.5
91082c88: folds
Uncalled bet ($6.5) returned to 3117a056
*** SHOWDOWN ***
3117a056 collected $13 from pot
*** SUMMARY ***
Total pot $13
Board [Ad Kc Kd 2s]
Seat 7: ff23542b(big blind) folded before Flop
Seat 3: 386f7de1 folded before Flop (didn't bet)
Seat 4: 91082c88 folded on the Turn
Seat 6: 70cfe235(small blind) folded before Flop
Seat 1: Hero folded before Flop (didn't bet)
Seat 2: 3117a056won ($13) with Pair of Kings



Poker Hand #ring_826511066: NLH No Limit ($1/$2) - 2025/04/16 18:25:50
Table 'MR NLH 1/2' 7-max Seat #4 is the button
Seat 7: ff23542b ($198 in chips)
Seat 3: 386f7de1 ($83.72 in chips)
Seat 4: 91082c88 ($197.63 in chips)
Seat 5: 4ae2fb14 ($771.96 in chips)
Seat 6: 70cfe235 ($383.04 in chips)
Seat 1: Hero ($508.06 in chips)
Seat 2: 3117a056 ($999.48 in chips)
4ae2fb14: posts small blind $1
70cfe235: posts big blind $2
*** HOLE CARDS ***
Dealt to ff23542b 
Dealt to 386f7de1 
Dealt to 91082c88 
Dealt to 4ae2fb14 
Dealt to 70cfe235 
Dealt to Hero [8h 5c]
Dealt to 3117a056 
ff23542b: raises $6 to $8
Hero: folds
3117a056: calls $8
386f7de1: folds
91082c88: calls $8
4ae2fb14: folds
70cfe235: calls $6
*** FLOP *** [Qd 2h 5d]
70cfe235: checks
ff23542b: checks
3117a056: checks
91082c88: checks
*** TURN *** [Qd 2h 5d] [Js]
70cfe235: checks
ff23542b: checks
3117a056: bets $10.89
91082c88: folds
70cfe235: calls $10.89
ff23542b: calls $10.89
*** RIVER *** [Qd 2h 5d Js] [3c]
70cfe235: checks
ff23542b: checks
3117a056: checks
3117a056: shows [Td Ah]
70cfe235: shows [Ad 3d]
ff23542b: shows [As Th]
*** SHOWDOWN ***
70cfe235 collected $65.67 from pot
*** SUMMARY ***
Total pot $65.67
Board [Qd 2h 5d Js 3c]
Seat 7: ff23542b showed [As Th] and lost with Ace-High
Seat 3: 386f7de1 folded before Flop (didn't bet)
Seat 4: 91082c88 folded on the Turn
Seat 5: 4ae2fb14(small blind) folded before Flop
Seat 6: 70cfe235(big blind) showed [Ad 3d] and won ($65.67) with Pair of Treys
Seat 1: Hero folded before Flop (didn't bet)
Seat 2: 3117a056 showed [Td Ah] and lost with Ace-High



Poker Hand #ring_826510593: NLH No Limit ($1/$2) - 2025/04/16 18:25:29
Table 'MR NLH 1/2' 7-max Seat #3 is the button
Seat 7: ff23542b ($198 in chips)
Seat 3: 386f7de1 ($83.72 in chips)
Seat 4: 91082c88 ($195.63 in chips)
Seat 5: 4ae2fb14 ($773.96 in chips)
Seat 6: 70cfe235 ($383.04 in chips)
Seat 1: Hero ($508.06 in chips)
Seat 2: 3117a056 ($999.48 in chips)
91082c88: posts small blind $1
4ae2fb14: posts big blind $2
*** HOLE CARDS ***
Dealt to ff23542b 
Dealt to 386f7de1 
Dealt to 91082c88 
Dealt to 4ae2fb14 
Dealt to 70cfe235 
Dealt to Hero [4c 8s]
Dealt to 3117a056 
70cfe235: folds
ff23542b: folds
Hero: folds
3117a056: folds
386f7de1: folds
91082c88: raises $6 to $8
4ae2fb14: folds
Uncalled bet ($6) returned to 91082c88
*** SHOWDOWN ***
91082c88 collected $4 from pot
*** SUMMARY ***
Total pot $4
Seat 7: ff23542b folded before Flop (didn't bet)
Seat 3: 386f7de1 folded before Flop (didn't bet)
Seat 4: 91082c88(small blind)won ($4)
Seat 5: 4ae2fb14(big blind) folded before Flop
Seat 6: 70cfe235 folded before Flop (didn't bet)
Seat 1: Hero folded before Flop (didn't bet)
Seat 2: 3117a056 folded before Flop (didn't bet)



Poker Hand #ring_826509016: NLH No Limit ($1/$2) - 2025/04/16 18:24:18
Table 'MR NLH 1/2' 7-max Seat #2 is the button
Seat 7: ff23542b ($198 in chips)
Seat 3: 386f7de1 ($73.65 in chips)
Seat 4: 91082c88 ($197.63 in chips)
Seat 5: 4ae2fb14 ($773.96 in chips)
Seat 6: 70cfe235 ($392 in chips)
Seat 1: Hero ($508.06 in chips)
Seat 2: 3117a056 ($999.48 in chips)
386f7de1: posts small blind $1
91082c88: posts big blind $2
*** HOLE CARDS ***
Dealt to ff23542b 
Dealt to 386f7de1 
Dealt to 91082c88 
Dealt to 4ae2fb14 
Dealt to 70cfe235 
Dealt to Hero [8s 7c]
Dealt to 3117a056 
4ae2fb14: folds
70cfe235: raises $3 to $5
ff23542b: folds
Hero: folds
3117a056: folds
386f7de1: calls $4
91082c88: folds
*** FLOP *** [6h 3d 6d]
386f7de1: checks
70cfe235: bets $3.96
386f7de1: calls $3.96
*** TURN *** [6h 3d 6d] [6s]
386f7de1: checks
70cfe235: checks
*** RIVER *** [6h 3d 6d 6s] [2h]
386f7de1: bets $9.96
70cfe235: folds
Uncalled bet ($9.96) returned to 386f7de1
*** SHOWDOWN ***
386f7de1 collected $19.92 from pot
*** SUMMARY ***
Total pot $19.92
Board [6h 3d 6d 6s 2h]
Seat 7: ff23542b folded before Flop (didn't bet)
Seat 3: 386f7de1(small blind)won ($19.92) with Sixes Full over Fives
Seat 4: 91082c88(big blind) folded before Flop
Seat 5: 4ae2fb14 folded before Flop (didn't bet)
Seat 6: 70cfe235 folded on the River
Seat 1: Hero folded before Flop (didn't bet)
Seat 2: 3117a056 folded before Flop (didn't bet)



Poker Hand #ring_826508053: NLH No Limit ($1/$2) - 2025/04/16 18:23:33
Table 'MR NLH 1/2' 7-max Seat #1 is the button
Seat 7: ff23542b ($200 in chips)
Seat 3: 386f7de1 ($85.65 in chips)
Seat 4: 91082c88 ($209.63 in chips)
Seat 5: 4ae2fb14 ($773.96 in chips)
Seat 6: 70cfe235 ($392 in chips)
Seat 1: Hero ($510.06 in chips)
Seat 2: 3117a056 ($973.78 in chips)
3117a056: posts small blind $1
386f7de1: posts big blind $2
ff23542b: posts big blind $2
*** HOLE CARDS ***
Dealt to ff23542b 
Dealt to 386f7de1 
Dealt to 91082c88 
Dealt to 4ae2fb14 
Dealt to 70cfe235 
Dealt to Hero [5s 4c]
Dealt to 3117a056 
91082c88: calls $2
4ae2fb14: folds
70cfe235: folds
ff23542b: checks
Hero: calls $2
3117a056: raises $10 to $12
386f7de1: calls $10
91082c88: calls $10
ff23542b: folds
Hero: folds
*** FLOP *** [Ah 2s Kd]
3117a056: bets $15
386f7de1: folds
91082c88: folds
Uncalled bet ($15) returned to 3117a056
*** SHOWDOWN ***
3117a056 collected $40 from pot
*** SUMMARY ***
Total pot $40
Board [Ah 2s Kd]
Seat 7: ff23542b folded before Flop
Seat 3: 386f7de1(big blind) folded on the Flop
Seat 4: 91082c88 folded on the Flop
Seat 5: 4ae2fb14 folded before Flop (didn't bet)
Seat 6: 70cfe235 folded before Flop (didn't bet)
Seat 1: Hero folded before Flop
Seat 2: 3117a056(small blind)won ($40) with Pair of Aces



Poker Hand #ring_826506778: NLH No Limit ($1/$2) - 2025/04/16 18:22:36
Table 'MR NLH 1/2' 7-max Seat #6 is the button
Seat 3: 386f7de1 ($87.65 in chips)
Seat 4: 91082c88 ($211.63 in chips)
Seat 5: 4ae2fb14 ($773.96 in chips)
Seat 6: 70cfe235 ($392 in chips)
Seat 1: Hero ($504.42 in chips)
Seat 2: 3117a056 ($975.78 in chips)
Hero: posts small blind $1
3117a056: posts big blind $2
*** HOLE CARDS ***
Dealt to 386f7de1 
Dealt to 91082c88 
Dealt to 4ae2fb14 
Dealt to 70cfe235 
Dealt to Hero [9h As]
Dealt to 3117a056 
386f7de1: calls $2
91082c88: calls $2
4ae2fb14: folds
70cfe235: folds
Hero: calls $1
3117a056: checks
*** FLOP *** [Kc Ac 4s]
Hero: checks
3117a056: checks
386f7de1: checks
91082c88: checks
*** TURN *** [Kc Ac 4s] [Qc]
Hero: checks
3117a056: checks
386f7de1: checks
91082c88: checks
*** RIVER *** [Kc Ac 4s Qc] [9d]
Hero: bets $4
3117a056: folds
386f7de1: folds
91082c88: folds
Uncalled bet ($4) returned to Hero
*** SHOWDOWN ***
Hero collected $8 from pot
*** SUMMARY ***
Total pot $8
Board [Kc Ac 4s Qc 9d]
Seat 3: 386f7de1 folded on the River
Seat 4: 91082c88 folded on the River
Seat 5: 4ae2fb14 folded before Flop (didn't bet)
Seat 6: 70cfe235 folded before Flop (didn't bet)
Seat 1: Hero(small blind)won ($8) with Pair of Aces and Pair of Nines
Seat 2: 3117a056(big blind) folded on the River



Poker Hand #ring_826505197: NLH No Limit ($1/$2) - 2025/04/16 18:21:25
Table 'MR NLH 1/2' 7-max Seat #5 is the button
Seat 3: 386f7de1 ($89.65 in chips)
Seat 4: 91082c88 ($211.63 in chips)
Seat 5: 4ae2fb14 ($767.17 in chips)
Seat 6: 70cfe235 ($393 in chips)
Seat 1: Hero ($508.73 in chips)
Seat 2: 3117a056 ($975.78 in chips)
70cfe235: posts small blind $1
Hero: posts big blind $2
*** HOLE CARDS ***
Dealt to 386f7de1 
Dealt to 91082c88 
Dealt to 4ae2fb14 
Dealt to 70cfe235 
Dealt to Hero [8h 5h]
Dealt to 3117a056 
3117a056: folds
386f7de1: calls $2
91082c88: folds
4ae2fb14: calls $2
70cfe235: folds
Hero: checks
*** FLOP *** [3d 7c 5d]
Hero: checks
386f7de1: checks
4ae2fb14: bets $2.31
Hero: calls $2.31
386f7de1: folds
*** TURN *** [3d 7c 5d] [9h]
Hero: checks
4ae2fb14: bets $25
Hero: folds
Uncalled bet ($25) returned to 4ae2fb14
*** SHOWDOWN ***
4ae2fb14 collected $11.62 from pot
*** SUMMARY ***
Total pot $11.62
Board [3d 7c 5d 9h]
Seat 3: 386f7de1 folded on the Flop
Seat 4: 91082c88 folded before Flop (didn't bet)
Seat 5: 4ae2fb14won ($11.62) with Pair of Sevens
Seat 6: 70cfe235(small blind) folded before Flop
Seat 1: Hero(big blind) folded on the Turn
Seat 2: 3117a056 folded before Flop (didn't bet)



Poker Hand #ring_826504242: NLH No Limit ($1/$2) - 2025/04/16 18:20:42
Table 'MR NLH 1/2' 7-max Seat #4 is the button
Seat 3: 386f7de1 ($71.58 in chips)
Seat 4: 91082c88 ($228.88 in chips)
Seat 5: 4ae2fb14 ($768.17 in chips)
Seat 6: 70cfe235 ($395 in chips)
Seat 1: Hero ($508.73 in chips)
Seat 2: 3117a056 ($975.78 in chips)
4ae2fb14: posts small blind $1
70cfe235: posts big blind $2
*** HOLE CARDS ***
Dealt to 386f7de1 
Dealt to 91082c88 
Dealt to 4ae2fb14 
Dealt to 70cfe235 
Dealt to Hero [9c Ad]
Dealt to 3117a056 
Hero: folds
3117a056: folds
386f7de1: raises $4 to $6
91082c88: calls $6
4ae2fb14: folds
70cfe235: folds
*** FLOP *** [2c Ts 7h]
386f7de1: checks
91082c88: checks
*** TURN *** [2c Ts 7h] [3s]
386f7de1: checks
91082c88: bets $11.25
386f7de1: calls $11.25
*** RIVER *** [2c Ts 7h 3s] [4d]
386f7de1: checks
91082c88: checks
386f7de1: shows [Ah Kc]
91082c88: shows [8s 6s]
*** SHOWDOWN ***
386f7de1 collected $37.5 from pot
*** SUMMARY ***
Total pot $37.5
Board [2c Ts 7h 3s 4d]
Seat 3: 386f7de1 showed [Ah Kc] and won ($37.5) with Ace-High
Seat 4: 91082c88 showed [8s 6s] and lost with Ten-High
Seat 5: 4ae2fb14(small blind) folded before Flop
Seat 6: 70cfe235(big blind) folded before Flop
Seat 1: Hero folded before Flop (didn't bet)
Seat 2: 3117a056 folded before Flop (didn't bet)



Poker Hand #ring_826503298: NLH No Limit ($1/$2) - 2025/04/16 18:19:59
Table 'MR NLH 1/2' 7-max Seat #3 is the button
Seat 3: 386f7de1 ($76.58 in chips)
Seat 4: 91082c88 ($233.88 in chips)
Seat 5: 4ae2fb14 ($753.17 in chips)
Seat 6: 70cfe235 ($400 in chips)
Seat 1: Hero ($508.73 in chips)
Seat 2: 3117a056 ($975.78 in chips)
91082c88: posts small blind $1
4ae2fb14: posts big blind $2
*** HOLE CARDS ***
Dealt to 386f7de1 
Dealt to 91082c88 
Dealt to 4ae2fb14 
Dealt to 70cfe235 
Dealt to Hero [2d 4c]
Dealt to 3117a056 
70cfe235: raises $3 to $5
Hero: folds
3117a056: folds
386f7de1: calls $5
91082c88: calls $4
4ae2fb14: raises $25 to $30
70cfe235: folds
386f7de1: folds
91082c88: folds
Uncalled bet ($25) returned to 4ae2fb14
91082c88: shows [5c]
*** SHOWDOWN ***
4ae2fb14 collected $20 from pot
*** SUMMARY ***
Total pot $20
Seat 3: 386f7de1 folded before Flop
Seat 4: 91082c88(small blind) folded before Flop
Seat 5: 4ae2fb14(big blind)won ($20)
Seat 6: 70cfe235 folded before Flop
Seat 1: Hero folded before Flop (didn't bet)
Seat 2: 3117a056 folded before Flop (didn't bet)



Poker Hand #ring_826502252: NLH No Limit ($1/$2) - 2025/04/16 18:19:10
Table 'MR NLH 1/2' 7-max Seat #2 is the button
Seat 3: 386f7de1 ($86.58 in chips)
Seat 4: 91082c88 ($225.28 in chips)
Seat 5: 4ae2fb14 ($753.17 in chips)
Seat 6: 70cfe235 ($400 in chips)
Seat 1: Hero ($508.73 in chips)
Seat 2: 3117a056 ($975.78 in chips)
386f7de1: posts small blind $1
91082c88: posts big blind $2
*** HOLE CARDS ***
Dealt to 386f7de1 
Dealt to 91082c88 
Dealt to 4ae2fb14 
Dealt to 70cfe235 
Dealt to Hero [Qs 4d]
Dealt to 3117a056 
4ae2fb14: folds
70cfe235: folds
Hero: folds
3117a056: folds
386f7de1: calls $1
91082c88: checks
*** FLOP *** [Ts 7h 6d]
386f7de1: bets $2
91082c88: calls $2
*** TURN *** [Ts 7h 6d] [2s]
386f7de1: bets $6
91082c88: calls $6
*** RIVER *** [Ts 7h 6d 2s] [6c]
386f7de1: checks
91082c88: bets $20
386f7de1: folds
Uncalled bet ($20) returned to 91082c88
91082c88: shows [8h Qc]
*** SHOWDOWN ***
91082c88 collected $20 from pot
*** SUMMARY ***
Total pot $20
Board [Ts 7h 6d 2s 6c]
Seat 3: 386f7de1(small blind) folded on the River
Seat 4: 91082c88(big blind) showed [8h Qc] and won ($20) with Pair of Sixes
Seat 5: 4ae2fb14 folded before Flop (didn't bet)
Seat 6: 70cfe235 folded before Flop (didn't bet)
Seat 1: Hero folded before Flop (didn't bet)
Seat 2: 3117a056 folded before Flop (didn't bet)



Poker Hand #ring_826501494: NLH No Limit ($1/$2) - 2025/04/16 18:18:36
Table 'MR NLH 1/2' 7-max Seat #1 is the button
Seat 3: 386f7de1 ($88.58 in chips)
Seat 4: 91082c88 ($231.28 in chips)
Seat 5: 4ae2fb14 ($740.57 in chips)
Seat 6: 70cfe235 ($400 in chips)
Seat 1: Hero ($508.73 in chips)
Seat 2: 3117a056 ($981.78 in chips)
3117a056: posts small blind $1
386f7de1: posts big blind $2
*** HOLE CARDS ***
Dealt to 386f7de1 
Dealt to 91082c88 
Dealt to 4ae2fb14 
Dealt to 70cfe235 
Dealt to Hero [4s 9d]
Dealt to 3117a056 
91082c88: calls $2
4ae2fb14: raises $4 to $6
70cfe235: folds
Hero: folds
3117a056: calls $5
386f7de1: folds
91082c88: calls $4
*** FLOP *** [2d 2s 6s]
3117a056: checks
91082c88: checks
4ae2fb14: bets $10
3117a056: folds
91082c88: folds
Uncalled bet ($10) returned to 4ae2fb14
*** SHOWDOWN ***
4ae2fb14 collected $20 from pot
*** SUMMARY ***
Total pot $20
Board [2d 2s 6s]
Seat 3: 386f7de1(big blind) folded before Flop
Seat 4: 91082c88 folded on the Flop
Seat 5: 4ae2fb14won ($20) with Pair of Twos
Seat 6: 70cfe235 folded before Flop (didn't bet)
Seat 1: Hero folded before Flop (didn't bet)
Seat 2: 3117a056(small blind) folded on the Flop



Poker Hand #ring_826498741: NLH No Limit ($1/$2) - 2025/04/16 18:16:30
Table 'MR NLH 1/2' 7-max Seat #6 is the button
Seat 3: 386f7de1 ($90.58 in chips)
Seat 4: 91082c88 ($118.85 in chips)
Seat 5: 4ae2fb14 ($740.57 in chips)
Seat 6: 70cfe235 ($379.89 in chips)
Seat 1: Hero ($509.73 in chips)
Seat 2: 3117a056 ($983.78 in chips)
Hero: posts small blind $1
3117a056: posts big blind $2
*** HOLE CARDS ***
Dealt to 386f7de1 
Dealt to 91082c88 
Dealt to 4ae2fb14 
Dealt to 70cfe235 
Dealt to Hero [Ah 7s]
Dealt to 3117a056 
386f7de1: calls $2
91082c88: raises $6 to $8
4ae2fb14: folds
70cfe235: raises $16 to $24
Hero: folds
3117a056: folds
386f7de1: folds
91082c88: calls $16
*** FLOP *** [Qs 4c Ks]
91082c88: checks
70cfe235: checks
*** TURN *** [Qs 4c Ks] [9c]
91082c88: checks
70cfe235: bets $26.5
91082c88: raises $68.35 to $94.85 and is all-in
70cfe235: calls $68.35
91082c88: shows [9d Kd]
70cfe235: shows [Jh Js]
*** RIVER *** [Qs 4c Ks 9c] [As]
*** SHOWDOWN ***
91082c88 collected $242.7 from pot
*** SUMMARY ***
Total pot $242.7
Board [Qs 4c Ks 9c As]
Seat 3: 386f7de1 folded before Flop
Seat 4: 91082c88 showed [9d Kd] and won ($242.7) with Pair of Kings and Pair of Nines
Seat 5: 4ae2fb14 folded before Flop (didn't bet)
Seat 6: 70cfe235 showed [Jh Js] and lost with Pair of Jacks
Seat 1: Hero(small blind) folded before Flop
Seat 2: 3117a056(big blind) folded before Flop



Poker Hand #ring_826498155: NLH No Limit ($1/$2) - 2025/04/16 18:16:03
Table 'MR NLH 1/2' 7-max Seat #5 is the button
Seat 3: 386f7de1 ($90.58 in chips)
Seat 4: 91082c88 ($118.85 in chips)
Seat 5: 4ae2fb14 ($737.57 in chips)
Seat 6: 70cfe235 ($380.89 in chips)
Seat 1: Hero ($511.73 in chips)
Seat 2: 3117a056 ($983.78 in chips)
70cfe235: posts small blind $1
Hero: posts big blind $2
*** HOLE CARDS ***
Dealt to 386f7de1 
Dealt to 91082c88 
Dealt to 4ae2fb14 
Dealt to 70cfe235 
Dealt to Hero [3c Kd]
Dealt to 3117a056 
3117a056: folds
386f7de1: folds
91082c88: folds
4ae2fb14: raises $4 to $6
70cfe235: folds
Hero: folds
Uncalled bet ($4) returned to 4ae2fb14
*** SHOWDOWN ***
4ae2fb14 collected $5 from pot
*** SUMMARY ***
Total pot $5
Seat 3: 386f7de1 folded before Flop (didn't bet)
Seat 4: 91082c88 folded before Flop (didn't bet)
Seat 5: 4ae2fb14won ($5)
Seat 6: 70cfe235(small blind) folded before Flop
Seat 1: Hero(big blind) folded before Flop
Seat 2: 3117a056 folded before Flop (didn't bet)



Poker Hand #ring_826496886: NLH No Limit ($1/$2) - 2025/04/16 18:15:06
Table 'MR NLH 1/2' 7-max Seat #4 is the button
Seat 3: 386f7de1 ($90.58 in chips)
Seat 4: 91082c88 ($108.03 in chips)
Seat 5: 4ae2fb14 ($738.57 in chips)
Seat 6: 70cfe235 ($382.89 in chips)
Seat 1: Hero ($511.73 in chips)
Seat 2: 3117a056 ($993.07 in chips)
4ae2fb14: posts small blind $1
70cfe235: posts big blind $2
*** HOLE CARDS ***
Dealt to 386f7de1 
Dealt to 91082c88 
Dealt to 4ae2fb14 
Dealt to 70cfe235 
Dealt to Hero [Qc 5d]
Dealt to 3117a056 
Hero: folds
3117a056: raises $3 to $5
386f7de1: folds
91082c88: calls $5
4ae2fb14: folds
70cfe235: folds
*** FLOP *** [Ts Kh Jc]
3117a056: bets $4.29
91082c88: calls $4.29
*** TURN *** [Ts Kh Jc] [7c]
3117a056: checks
91082c88: checks
*** RIVER *** [Ts Kh Jc 7c] [9d]
3117a056: checks
91082c88: bets $16.18
3117a056: folds
Uncalled bet ($16.18) returned to 91082c88
*** SHOWDOWN ***
91082c88 collected $21.58 from pot
*** SUMMARY ***
Total pot $21.58
Board [Ts Kh Jc 7c 9d]
Seat 3: 386f7de1 folded before Flop (didn't bet)
Seat 4: 91082c88won ($21.58) with Kings-High Straight
Seat 5: 4ae2fb14(small blind) folded before Flop
Seat 6: 70cfe235(big blind) folded before Flop
Seat 1: Hero folded before Flop (didn't bet)
Seat 2: 3117a056 folded on the River



Poker Hand #ring_826495551: NLH No Limit ($1/$2) - 2025/04/16 18:14:02
Table 'MR NLH 1/2' 7-max Seat #3 is the button
Seat 3: 386f7de1 ($90.58 in chips)
Seat 4: 91082c88 ($123.03 in chips)
Seat 5: 4ae2fb14 ($740.57 in chips)
Seat 6: 70cfe235 ($382.89 in chips)
Seat 1: Hero ($496.67 in chips)
Seat 2: 3117a056 ($993.07 in chips)
91082c88: posts small blind $1
4ae2fb14: posts big blind $2
*** HOLE CARDS ***
Dealt to 386f7de1 
Dealt to 91082c88 
Dealt to 4ae2fb14 
Dealt to 70cfe235 
Dealt to Hero [7s 7h]
Dealt to 3117a056 
70cfe235: folds
Hero: raises $4 to $6
3117a056: folds
386f7de1: folds
91082c88: calls $5
4ae2fb14: folds
*** FLOP *** [4s 6d 2c]
91082c88: checks
Hero: bets $9
91082c88: calls $9
*** TURN *** [4s 6d 2c] [4d]
91082c88: checks
Hero: bets $24
91082c88: folds
Uncalled bet ($24) returned to Hero
3117a056: shows [3d]
*** SHOWDOWN ***
Hero collected $32 from pot
*** SUMMARY ***
Total pot $32
Board [4s 6d 2c 4d]
Seat 3: 386f7de1 folded before Flop (didn't bet)
Seat 4: 91082c88(small blind) folded on the Turn
Seat 5: 4ae2fb14(big blind) folded before Flop
Seat 6: 70cfe235 folded before Flop (didn't bet)
Seat 1: Herowon ($32) with Pair of Sevens and Pair of Fours
Seat 2: 3117a056 folded before Flop (didn't bet)



Poker Hand #ring_826493864: NLH No Limit ($1/$2) - 2025/04/16 18:12:40
Table 'MR NLH 1/2' 7-max Seat #2 is the button
Seat 7: f7bdb376 ($73.36 in chips)
Seat 3: 386f7de1 ($91.58 in chips)
Seat 4: 91082c88 ($125.03 in chips)
Seat 5: 4ae2fb14 ($740.57 in chips)
Seat 6: 70cfe235 ($382.89 in chips)
Seat 1: Hero ($496.67 in chips)
Seat 2: 3117a056 ($923.94 in chips)
386f7de1: posts small blind $1
91082c88: posts big blind $2
*** HOLE CARDS ***
Dealt to f7bdb376 
Dealt to 386f7de1 
Dealt to 91082c88 
Dealt to 4ae2fb14 
Dealt to 70cfe235 
Dealt to Hero [Jh 4h]
Dealt to 3117a056 
4ae2fb14: folds
70cfe235: folds
f7bdb376: calls $2
Hero: folds
3117a056: raises $6 to $8
386f7de1: folds
91082c88: folds
f7bdb376: calls $6
*** FLOP *** [Jd Td 2d]
f7bdb376: bets $19
3117a056: calls $19
*** TURN *** [Jd Td 2d] [Ac]
f7bdb376: bets $42.75
3117a056: raises $47.02 to $89.77
f7bdb376: calls $3.61 and is all-in
Uncalled bet ($43.41) returned to 3117a056
3117a056: shows [Qh Kd]
f7bdb376: shows [Ad 6c]
*** RIVER *** [Jd Td 2d Ac] [6h]
*** SHOWDOWN ***
3117a056 collected $149.72 from pot
*** SUMMARY ***
Total pot $149.72
Board [Jd Td 2d Ac 6h]
Seat 7: f7bdb376 showed [Ad 6c] and lost with Pair of Aces and Pair of Sixes
Seat 3: 386f7de1(small blind) folded before Flop
Seat 4: 91082c88(big blind) folded before Flop
Seat 5: 4ae2fb14 folded before Flop (didn't bet)
Seat 6: 70cfe235 folded before Flop (didn't bet)
Seat 1: Hero folded before Flop (didn't bet)
Seat 2: 3117a056 showed [Qh Kd] and won ($149.72) with Aces-High Straight



Poker Hand #ring_826492833: NLH No Limit ($1/$2) - 2025/04/16 18:11:51
Table 'MR NLH 1/2' 7-max Seat #1 is the button
Seat 7: f7bdb376 ($73.36 in chips)
Seat 3: 386f7de1 ($93.58 in chips)
Seat 4: 91082c88 ($127.03 in chips)
Seat 5: 4ae2fb14 ($742.57 in chips)
Seat 6: 70cfe235 ($392.89 in chips)
Seat 1: Hero ($479.67 in chips)
Seat 2: 3117a056 ($924.94 in chips)
3117a056: posts small blind $1
386f7de1: posts big blind $2
*** HOLE CARDS ***
Dealt to f7bdb376 
Dealt to 386f7de1 
Dealt to 91082c88 
Dealt to 4ae2fb14 
Dealt to 70cfe235 
Dealt to Hero [Qc Qh]
Dealt to 3117a056 
91082c88: calls $2
4ae2fb14: calls $2
70cfe235: raises $8 to $10
f7bdb376: folds
Hero: raises $20 to $30
3117a056: folds
386f7de1: folds
91082c88: folds
4ae2fb14: folds
70cfe235: folds
Uncalled bet ($20) returned to Hero
*** SHOWDOWN ***
Hero collected $27 from pot
*** SUMMARY ***
Total pot $27
Seat 7: f7bdb376 folded before Flop (didn't bet)
Seat 3: 386f7de1(big blind) folded before Flop
Seat 4: 91082c88 folded before Flop
Seat 5: 4ae2fb14 folded before Flop
Seat 6: 70cfe235 folded before Flop
Seat 1: Herowon ($27)
Seat 2: 3117a056(small blind) folded before Flop



Poker Hand #ring_826491830: NLH No Limit ($1/$2) - 2025/04/16 18:11:01
Table 'MR NLH 1/2' 7-max Seat #7 is the button
Seat 7: f7bdb376 ($83.36 in chips)
Seat 3: 386f7de1 ($93.58 in chips)
Seat 4: 91082c88 ($137.03 in chips)
Seat 5: 4ae2fb14 ($742.57 in chips)
Seat 6: 70cfe235 ($392.89 in chips)
Seat 1: Hero ($480.67 in chips)
Seat 2: 3117a056 ($905.83 in chips)
Hero: posts small blind $1
3117a056: posts big blind $2
*** HOLE CARDS ***
Dealt to f7bdb376 
Dealt to 386f7de1 
Dealt to 91082c88 
Dealt to 4ae2fb14 
Dealt to 70cfe235 
Dealt to Hero [8d 3s]
Dealt to 3117a056 
386f7de1: folds
91082c88: calls $2
4ae2fb14: folds
70cfe235: folds
f7bdb376: calls $2
Hero: folds
3117a056: raises $8 to $10
91082c88: calls $8
f7bdb376: calls $8
*** FLOP *** [As 7s 2d]
3117a056: bets $10.23
91082c88: folds
f7bdb376: folds
Uncalled bet ($10.23) returned to 3117a056
*** SHOWDOWN ***
3117a056 collected $31 from pot
*** SUMMARY ***
Total pot $31
Board [As 7s 2d]
Seat 7: f7bdb376 folded on the Flop
Seat 3: 386f7de1 folded before Flop (didn't bet)
Seat 4: 91082c88 folded on the Flop
Seat 5: 4ae2fb14 folded before Flop (didn't bet)
Seat 6: 70cfe235 folded before Flop (didn't bet)
Seat 1: Hero(small blind) folded before Flop
Seat 2: 3117a056(big blind)won ($31) with Pair of Aces



Poker Hand #ring_826490646: NLH No Limit ($1/$2) - 2025/04/16 18:10:02
Table 'MR NLH 1/2' 7-max Seat #6 is the button
Seat 7: f7bdb376 ($88 in chips)
Seat 3: 386f7de1 ($93.58 in chips)
Seat 4: 91082c88 ($126.46 in chips)
Seat 5: 4ae2fb14 ($747.21 in chips)
Seat 6: 70cfe235 ($392.89 in chips)
Seat 1: Hero ($482.67 in chips)
Seat 2: 3117a056 ($905.83 in chips)
f7bdb376: posts small blind $1
Hero: posts big blind $2
*** HOLE CARDS ***
Dealt to f7bdb376 
Dealt to 386f7de1 
Dealt to 91082c88 
Dealt to 4ae2fb14 
Dealt to 70cfe235 
Dealt to Hero [9s 8h]
Dealt to 3117a056 
3117a056: folds
386f7de1: folds
91082c88: calls $2
4ae2fb14: calls $2
70cfe235: folds
f7bdb376: calls $1
Hero: checks
*** FLOP *** [Qh Tc Jd]
f7bdb376: checks
Hero: checks
91082c88: checks
4ae2fb14: checks
*** TURN *** [Qh Tc Jd] [Kh]
f7bdb376: checks
Hero: checks
91082c88: checks
4ae2fb14: bets $2.64
f7bdb376: calls $2.64
Hero: folds
91082c88: calls $2.64
*** RIVER *** [Qh Tc Jd Kh] [Th]
f7bdb376: checks
91082c88: checks
4ae2fb14: checks
91082c88: shows [7c As]
4ae2fb14: shows [4s 5s]
f7bdb376: shows [6c 9c]
*** SHOWDOWN ***
91082c88 collected $15.92 from pot
*** SUMMARY ***
Total pot $15.92
Board [Qh Tc Jd Kh Th]
Seat 7: f7bdb376(small blind) showed [6c 9c] and lost with Kings-High Straight
Seat 3: 386f7de1 folded before Flop (didn't bet)
Seat 4: 91082c88 showed [7c As] and won ($15.92) with Aces-High Straight
Seat 5: 4ae2fb14 showed [4s 5s] and lost with Pair of Tens
Seat 6: 70cfe235 folded before Flop (didn't bet)
Seat 1: Hero(big blind) folded on the Turn
Seat 2: 3117a056 folded before Flop (didn't bet)



Poker Hand #ring_826489445: NLH No Limit ($1/$2) - 2025/04/16 18:09:04
Table 'MR NLH 1/2' 7-max Seat #5 is the button
Seat 7: f7bdb376 ($90 in chips)
Seat 3: 386f7de1 ($93.58 in chips)
Seat 4: 91082c88 ($89.56 in chips)
Seat 5: 4ae2fb14 ($747.21 in chips)
Seat 6: 70cfe235 ($431.89 in chips)
Seat 1: Hero ($482.67 in chips)
Seat 2: 3117a056 ($905.83 in chips)
70cfe235: posts small blind $1
f7bdb376: posts big blind $2
*** HOLE CARDS ***
Dealt to f7bdb376 
Dealt to 386f7de1 
Dealt to 91082c88 
Dealt to 4ae2fb14 
Dealt to 70cfe235 
Dealt to Hero [7s 6h]
Dealt to 3117a056 
Hero: folds
3117a056: folds
386f7de1: folds
91082c88: raises $5 to $7
4ae2fb14: folds
70cfe235: calls $6
f7bdb376: folds
*** FLOP *** [7d Ts Jc]
70cfe235: checks
91082c88: checks
*** TURN *** [7d Ts Jc] [3c]
70cfe235: bets $8
91082c88: calls $8
*** RIVER *** [7d Ts Jc 3c] [2h]
70cfe235: bets $24
91082c88: calls $24
91082c88: shows [Td Kh]
70cfe235: shows [Ac 6c]
*** SHOWDOWN ***
91082c88 collected $80 from pot
*** SUMMARY ***
Total pot $80
Board [7d Ts Jc 3c 2h]
Seat 7: f7bdb376(big blind) folded before Flop
Seat 3: 386f7de1 folded before Flop (didn't bet)
Seat 4: 91082c88 showed [Td Kh] and won ($80) with Pair of Tens
Seat 5: 4ae2fb14 folded before Flop (didn't bet)
Seat 6: 70cfe235(small blind) showed [Ac 6c] and lost with Ace-High
Seat 1: Hero folded before Flop (didn't bet)
Seat 2: 3117a056 folded before Flop (didn't bet)



Poker Hand #ring_826488003: NLH No Limit ($1/$2) - 2025/04/16 18:07:55
Table 'MR NLH 1/2' 7-max Seat #4 is the button
Seat 7: f7bdb376 ($90 in chips)
Seat 3: 386f7de1 ($99.58 in chips)
Seat 4: 91082c88 ($73.14 in chips)
Seat 5: 4ae2fb14 ($753.21 in chips)
Seat 6: 70cfe235 ($437.89 in chips)
Seat 1: Hero ($482.67 in chips)
Seat 2: 3117a056 ($905.83 in chips)
4ae2fb14: posts small blind $1
70cfe235: posts big blind $2
*** HOLE CARDS ***
Dealt to f7bdb376 
Dealt to 386f7de1 
Dealt to 91082c88 
Dealt to 4ae2fb14 
Dealt to 70cfe235 
Dealt to Hero [7h Kc]
Dealt to 3117a056 
f7bdb376: folds
Hero: folds
3117a056: folds
386f7de1: calls $2
91082c88: calls $2
4ae2fb14: raises $4 to $6
70cfe235: calls $4
386f7de1: calls $4
91082c88: calls $4
*** FLOP *** [2s 8s 7c]
4ae2fb14: checks
70cfe235: checks
386f7de1: checks
91082c88: checks
*** TURN *** [2s 8s 7c] [6h]
4ae2fb14: checks
70cfe235: checks
386f7de1: checks
91082c88: bets $18
4ae2fb14: folds
70cfe235: folds
386f7de1: folds
Uncalled bet ($18) returned to 91082c88
*** SHOWDOWN ***
91082c88 collected $24 from pot
*** SUMMARY ***
Total pot $24
Board [2s 8s 7c 6h]
Seat 7: f7bdb376 folded before Flop (didn't bet)
Seat 3: 386f7de1 folded on the Turn
Seat 4: 91082c88won ($24) with Pair of Sevens
Seat 5: 4ae2fb14(small blind) folded on the Turn
Seat 6: 70cfe235(big blind) folded on the Turn
Seat 1: Hero folded before Flop (didn't bet)
Seat 2: 3117a056 folded before Flop (didn't bet)



Poker Hand #ring_826486542: NLH No Limit ($1/$2) - 2025/04/16 18:06:43
Table 'MR NLH 1/2' 7-max Seat #3 is the button
Seat 7: f7bdb376 ($90 in chips)
Seat 3: 386f7de1 ($77.52 in chips)
Seat 4: 91082c88 ($74.14 in chips)
Seat 5: 4ae2fb14 ($755.21 in chips)
Seat 6: 70cfe235 ($459.53 in chips)
Seat 1: Hero ($482.67 in chips)
Seat 2: 3117a056 ($905.83 in chips)
91082c88: posts small blind $1
4ae2fb14: posts big blind $2
*** HOLE CARDS ***
Dealt to f7bdb376 
Dealt to 386f7de1 
Dealt to 91082c88 
Dealt to 4ae2fb14 
Dealt to 70cfe235 
Dealt to Hero [2d Kh]
Dealt to 3117a056 
70cfe235: raises $3 to $5
f7bdb376: folds
Hero: folds
3117a056: folds
386f7de1: calls $5
91082c88: folds
4ae2fb14: folds
*** FLOP *** [Ah 7d 5h]
70cfe235: bets $4.29
386f7de1: calls $4.29
*** TURN *** [Ah 7d 5h] [6h]
70cfe235: bets $12.35
386f7de1: calls $12.35
*** RIVER *** [Ah 7d 5h 6h] [Qd]
70cfe235: checks
386f7de1: bets $23.14
70cfe235: folds
Uncalled bet ($23.14) returned to 386f7de1
*** SHOWDOWN ***
386f7de1 collected $46.28 from pot
*** SUMMARY ***
Total pot $46.28
Board [Ah 7d 5h 6h Qd]
Seat 7: f7bdb376 folded before Flop (didn't bet)
Seat 3: 386f7de1won ($46.28) with Pair of Aces and Pair of Fives
Seat 4: 91082c88(small blind) folded before Flop
Seat 5: 4ae2fb14(big blind) folded before Flop
Seat 6: 70cfe235 folded on the River
Seat 1: Hero folded before Flop (didn't bet)
Seat 2: 3117a056 folded before Flop (didn't bet)



Poker Hand #ring_826485576: NLH No Limit ($1/$2) - 2025/04/16 18:05:55
Table 'MR NLH 1/2' 7-max Seat #2 is the button
Seat 7: f7bdb376 ($100 in chips)
Seat 3: 386f7de1 ($78.52 in chips)
Seat 4: 91082c88 ($76.14 in chips)
Seat 5: 4ae2fb14 ($765.21 in chips)
Seat 6: 70cfe235 ($438.51 in chips)
Seat 1: Hero ($482.67 in chips)
Seat 2: 3117a056 ($905.83 in chips)
386f7de1: posts small blind $1
91082c88: posts big blind $2
f7bdb376: posts big blind $2
*** HOLE CARDS ***
Dealt to f7bdb376 
Dealt to 386f7de1 
Dealt to 91082c88 
Dealt to 4ae2fb14 
Dealt to 70cfe235 
Dealt to Hero [6s 3d]
Dealt to 3117a056 
4ae2fb14: calls $2
70cfe235: raises $8 to $10
f7bdb376: calls $8
Hero: folds
3117a056: folds
386f7de1: folds
91082c88: folds
4ae2fb14: calls $8
*** FLOP *** [8s 9h 9s]
4ae2fb14: checks
70cfe235: bets $16.5
f7bdb376: folds
4ae2fb14: folds
Uncalled bet ($16.5) returned to 70cfe235
*** SHOWDOWN ***
70cfe235 collected $33 from pot
*** SUMMARY ***
Total pot $33
Board [8s 9h 9s]
Seat 7: f7bdb376 folded on the Flop
Seat 3: 386f7de1(small blind) folded before Flop
Seat 4: 91082c88(big blind) folded before Flop
Seat 5: 4ae2fb14 folded on the Flop
Seat 6: 70cfe235won ($33) with Pair of Nines and Pair of Eights
Seat 1: Hero folded before Flop (didn't bet)
Seat 2: 3117a056 folded before Flop (didn't bet)



Poker Hand #ring_826484453: NLH No Limit ($1/$2) - 2025/04/16 18:04:58
Table 'MR NLH 1/2' 7-max Seat #1 is the button
Seat 3: 386f7de1 ($80.52 in chips)
Seat 4: 91082c88 ($82.64 in chips)
Seat 5: 4ae2fb14 ($750.72 in chips)
Seat 6: 70cfe235 ($438.51 in chips)
Seat 1: Hero ($489.17 in chips)
Seat 2: 3117a056 ($906.83 in chips)
3117a056: posts small blind $1
386f7de1: posts big blind $2
*** HOLE CARDS ***
Dealt to 386f7de1 
Dealt to 91082c88 
Dealt to 4ae2fb14 
Dealt to 70cfe235 
Dealt to Hero [5h As]
Dealt to 3117a056 
91082c88: calls $2
4ae2fb14: calls $2
70cfe235: folds
Hero: calls $2
3117a056: folds
386f7de1: checks
*** FLOP *** [4c 3s 8c]
386f7de1: checks
91082c88: checks
4ae2fb14: bets $4.5
Hero: calls $4.5
386f7de1: folds
91082c88: calls $4.5
*** TURN *** [4c 3s 8c] [4d]
91082c88: checks
4ae2fb14: bets $16.87
Hero: folds
91082c88: folds
Uncalled bet ($16.87) returned to 4ae2fb14
*** SHOWDOWN ***
4ae2fb14 collected $22.5 from pot
*** SUMMARY ***
Total pot $22.5
Board [4c 3s 8c 4d]
Seat 3: 386f7de1(big blind) folded on the Flop
Seat 4: 91082c88 folded on the Turn
Seat 5: 4ae2fb14won ($22.5) with Pair of Fours and Pair of Treys
Seat 6: 70cfe235 folded before Flop (didn't bet)
Seat 1: Hero folded on the Turn
Seat 2: 3117a056(small blind) folded before Flop



Poker Hand #ring_826483395: NLH No Limit ($1/$2) - 2025/04/16 18:04:06
Table 'MR NLH 1/2' 7-max Seat #6 is the button
Seat 3: 386f7de1 ($80.52 in chips)
Seat 4: 91082c88 ($82.64 in chips)
Seat 5: 4ae2fb14 ($755.72 in chips)
Seat 6: 70cfe235 ($438.51 in chips)
Seat 1: Hero ($482.71 in chips)
Seat 2: 3117a056 ($908.83 in chips)
Hero: posts small blind $1
3117a056: posts big blind $2
*** HOLE CARDS ***
Dealt to 386f7de1 
Dealt to 91082c88 
Dealt to 4ae2fb14 
Dealt to 70cfe235 
Dealt to Hero [5s Js]
Dealt to 3117a056 
386f7de1: folds
91082c88: folds
4ae2fb14: calls $2
70cfe235: folds
Hero: calls $1
3117a056: checks
*** FLOP *** [8d 5c 6d]
Hero: bets $3
3117a056: folds
4ae2fb14: calls $3
*** TURN *** [8d 5c 6d] [Jd]
Hero: checks
4ae2fb14: checks
*** RIVER *** [8d 5c 6d Jd] [4d]
Hero: checks
4ae2fb14: checks
Hero: shows [5s Js]
4ae2fb14: shows [Kc 4c]
3117a056: shows [Qd]
*** SHOWDOWN ***
Hero collected $12 from pot
*** SUMMARY ***
Total pot $12
Board [8d 5c 6d Jd 4d]
Seat 3: 386f7de1 folded before Flop (didn't bet)
Seat 4: 91082c88 folded before Flop (didn't bet)
Seat 5: 4ae2fb14 showed [Kc 4c] and lost with Pair of Fours
Seat 6: 70cfe235 folded before Flop (didn't bet)
Seat 1: Hero(small blind) showed [5s Js] and won ($12) with Pair of Jacks and Pair of Fives
Seat 2: 3117a056(big blind) folded on the Flop



Poker Hand #ring_826482908: NLH No Limit ($1/$2) - 2025/04/16 18:03:43
Table 'MR NLH 1/2' 7-max Seat #5 is the button
Seat 3: 386f7de1 ($80.52 in chips)
Seat 4: 91082c88 ($82.64 in chips)
Seat 5: 4ae2fb14 ($755.72 in chips)
Seat 6: 70cfe235 ($439.51 in chips)
Seat 1: Hero ($481.71 in chips)
Seat 2: 3117a056 ($908.83 in chips)
70cfe235: posts small blind $1
Hero: posts big blind $2
*** HOLE CARDS ***
Dealt to 386f7de1 
Dealt to 91082c88 
Dealt to 4ae2fb14 
Dealt to 70cfe235 
Dealt to Hero [Kh Jh]
Dealt to 3117a056 
3117a056: folds
386f7de1: folds
91082c88: folds
4ae2fb14: folds
70cfe235: folds
*** SHOWDOWN ***
Hero collected $3 from pot
*** SUMMARY ***
Total pot $3
Seat 3: 386f7de1 folded before Flop (didn't bet)
Seat 4: 91082c88 folded before Flop (didn't bet)
Seat 5: 4ae2fb14 folded before Flop (didn't bet)
Seat 6: 70cfe235(small blind) folded before Flop
Seat 1: Hero(big blind)won ($3)
Seat 2: 3117a056 folded before Flop (didn't bet)



Poker Hand #ring_826482191: NLH No Limit ($1/$2) - 2025/04/16 18:03:07
Table 'MR NLH 1/2' 7-max Seat #4 is the button
Seat 3: 386f7de1 ($80.52 in chips)
Seat 4: 91082c88 ($82.64 in chips)
Seat 5: 4ae2fb14 ($749.26 in chips)
Seat 6: 70cfe235 ($441.51 in chips)
Seat 1: Hero ($486.71 in chips)
Seat 2: 3117a056 ($908.83 in chips)
4ae2fb14: posts small blind $1
70cfe235: posts big blind $2
*** HOLE CARDS ***
Dealt to 386f7de1 
Dealt to 91082c88 
Dealt to 4ae2fb14 
Dealt to 70cfe235 
Dealt to Hero [Ad 2d]
Dealt to 3117a056 
Hero: raises $3 to $5
3117a056: folds
386f7de1: folds
91082c88: folds
4ae2fb14: calls $4
70cfe235: folds
*** FLOP *** [Qs 6d 3s]
4ae2fb14: checks
Hero: checks
*** TURN *** [Qs 6d 3s] [Th]
4ae2fb14: checks
Hero: checks
*** RIVER *** [Qs 6d 3s Th] [8d]
4ae2fb14: checks
Hero: checks
Hero: shows [Ad 2d]
4ae2fb14: shows [2h 2s]
*** SHOWDOWN ***
4ae2fb14 collected $12 from pot
*** SUMMARY ***
Total pot $12
Board [Qs 6d 3s Th 8d]
Seat 3: 386f7de1 folded before Flop (didn't bet)
Seat 4: 91082c88 folded before Flop (didn't bet)
Seat 5: 4ae2fb14(small blind) showed [2h 2s] and won ($12) with Pair of Twos
Seat 6: 70cfe235(big blind) folded before Flop
Seat 1: Hero showed [Ad 2d] and lost with Ace-High
Seat 2: 3117a056 folded before Flop (didn't bet)



Poker Hand #ring_826479345: NLH No Limit ($1/$2) - 2025/04/16 18:00:51
Table 'MR NLH 1/2' 7-max Seat #3 is the button
Seat 3: 386f7de1 ($80.52 in chips)
Seat 4: 91082c88 ($100.78 in chips)
Seat 5: 4ae2fb14 ($860.41 in chips)
Seat 6: 70cfe235 ($459.65 in chips)
Seat 1: Hero ($334.09 in chips)
Seat 2: 3117a056 ($926.97 in chips)
91082c88: posts small blind $1
4ae2fb14: posts big blind $2
*** HOLE CARDS ***
Dealt to 386f7de1 
Dealt to 91082c88 
Dealt to 4ae2fb14 
Dealt to 70cfe235 
Dealt to Hero [Jh Jd]
Dealt to 3117a056 
70cfe235: raises $2.45 to $4.45
Hero: raises $13.69 to $18.14
3117a056: calls $18.14
386f7de1: folds
91082c88: calls $17.14
4ae2fb14: calls $16.14
70cfe235: calls $13.69
*** FLOP *** [Th 2c 7c]
91082c88: checks
4ae2fb14: checks
70cfe235: checks
Hero: bets $38
3117a056: folds
91082c88: folds
4ae2fb14: calls $38
70cfe235: folds
*** TURN *** [Th 2c 7c] [5c]
4ae2fb14: bets $55.01
Hero: calls $55.01
*** RIVER *** [Th 2c 7c 5c] [Qh]
4ae2fb14: checks
Hero: checks
Hero: shows [Jh Jd]
4ae2fb14: shows [2h 3h]
*** SHOWDOWN ***
Hero collected $276.72 from pot
*** SUMMARY ***
Total pot $276.72
Board [Th 2c 7c 5c Qh]
Seat 3: 386f7de1 folded before Flop (didn't bet)
Seat 4: 91082c88(small blind) folded on the Flop
Seat 5: 4ae2fb14(big blind) showed [2h 3h] and lost with Pair of Twos
Seat 6: 70cfe235 folded on the Flop
Seat 1: Hero showed [Jh Jd] and won ($276.72) with Pair of Jacks
Seat 2: 3117a056 folded on the Flop



Poker Hand #ring_826478867: NLH No Limit ($1/$2) - 2025/04/16 18:00:29
Table 'MR NLH 1/2' 7-max Seat #2 is the button
Seat 3: 386f7de1 ($81.52 in chips)
Seat 4: 91082c88 ($102.78 in chips)
Seat 5: 4ae2fb14 ($860.41 in chips)
Seat 6: 70cfe235 ($456.65 in chips)
Seat 1: Hero ($334.09 in chips)
Seat 2: 3117a056 ($926.97 in chips)
386f7de1: posts small blind $1
91082c88: posts big blind $2
*** HOLE CARDS ***
Dealt to 386f7de1 
Dealt to 91082c88 
Dealt to 4ae2fb14 
Dealt to 70cfe235 
Dealt to Hero [Jh 5c]
Dealt to 3117a056 
4ae2fb14: folds
70cfe235: raises $3 to $5
Hero: folds
3117a056: folds
386f7de1: folds
91082c88: folds
Uncalled bet ($3) returned to 70cfe235
*** SHOWDOWN ***
70cfe235 collected $5 from pot
*** SUMMARY ***
Total pot $5
Seat 3: 386f7de1(small blind) folded before Flop
Seat 4: 91082c88(big blind) folded before Flop
Seat 5: 4ae2fb14 folded before Flop (didn't bet)
Seat 6: 70cfe235won ($5)
Seat 1: Hero folded before Flop (didn't bet)
Seat 2: 3117a056 folded before Flop (didn't bet)



Poker Hand #ring_826478309: NLH No Limit ($1/$2) - 2025/04/16 18:00:02
Table 'MR NLH 1/2' 7-max Seat #1 is the button
Seat 3: 386f7de1 ($83.52 in chips)
Seat 4: 91082c88 ($100 in chips)
Seat 5: 4ae2fb14 ($860.41 in chips)
Seat 6: 70cfe235 ($456.65 in chips)
Seat 1: Hero ($334.09 in chips)
Seat 2: 3117a056 ($927.97 in chips)
3117a056: posts small blind $1
386f7de1: posts big blind $2
91082c88: posts big blind $2
*** HOLE CARDS ***
Dealt to 386f7de1 
Dealt to 91082c88 
Dealt to 4ae2fb14 
Dealt to 70cfe235 
Dealt to Hero [6d Jc]
Dealt to 3117a056 
91082c88: checks
4ae2fb14: folds
70cfe235: folds
Hero: folds
3117a056: folds
386f7de1: checks
*** FLOP *** [9s As 2s]
386f7de1: checks
91082c88: bets $5
386f7de1: folds
Uncalled bet ($5) returned to 91082c88
*** SHOWDOWN ***
91082c88 collected $5 from pot
*** SUMMARY ***
Total pot $5
Board [9s As 2s]
Seat 3: 386f7de1(big blind) folded on the Flop
Seat 4: 91082c88won ($5) with Pair of Aces
Seat 5: 4ae2fb14 folded before Flop (didn't bet)
Seat 6: 70cfe235 folded before Flop (didn't bet)
Seat 1: Hero folded before Flop (didn't bet)
Seat 2: 3117a056(small blind) folded before Flop



Poker Hand #ring_826477354: NLH No Limit ($1/$2) - 2025/04/16 17:59:17
Table 'MR NLH 1/2' 7-max Seat #6 is the button
Seat 3: 386f7de1 ($83.52 in chips)
Seat 5: 4ae2fb14 ($878.41 in chips)
Seat 6: 70cfe235 ($437.9 in chips)
Seat 1: Hero ($335.09 in chips)
Seat 2: 3117a056 ($929.97 in chips)
Hero: posts small blind $1
3117a056: posts big blind $2
*** HOLE CARDS ***
Dealt to 386f7de1 
Dealt to 4ae2fb14 
Dealt to 70cfe235 
Dealt to Hero [Th 6s]
Dealt to 3117a056 
386f7de1: folds
4ae2fb14: raises $4 to $6
70cfe235: raises $12 to $18
Hero: folds
3117a056: folds
4ae2fb14: calls $12
*** FLOP *** [As Jd 5c]
4ae2fb14: checks
70cfe235: bets $14.48
4ae2fb14: folds
Uncalled bet ($14.48) returned to 70cfe235
*** SHOWDOWN ***
70cfe235 collected $39 from pot
*** SUMMARY ***
Total pot $39
Board [As Jd 5c]
Seat 3: 386f7de1 folded before Flop (didn't bet)
Seat 5: 4ae2fb14 folded on the Flop
Seat 6: 70cfe235won ($39) with Ace-High
Seat 1: Hero(small blind) folded before Flop
Seat 2: 3117a056(big blind) folded before Flop



Poker Hand #ring_826476317: NLH No Limit ($1/$2) - 2025/04/16 17:58:31
Table 'MR NLH 1/2' 7-max Seat #5 is the button
Seat 3: 386f7de1 ($94.52 in chips)
Seat 5: 4ae2fb14 ($878.41 in chips)
Seat 6: 70cfe235 ($438.9 in chips)
Seat 1: Hero ($340.09 in chips)
Seat 2: 3117a056 ($914.73 in chips)
70cfe235: posts small blind $1
Hero: posts big blind $2
*** HOLE CARDS ***
Dealt to 386f7de1 
Dealt to 4ae2fb14 
Dealt to 70cfe235 
Dealt to Hero [6s 7c]
Dealt to 3117a056 
3117a056: raises $3 to $5
386f7de1: calls $5
4ae2fb14: folds
70cfe235: folds
Hero: calls $3
*** FLOP *** [4c 9h Kd]
Hero: checks
3117a056: bets $6
386f7de1: calls $6
Hero: folds
*** TURN *** [4c 9h Kd] [Qc]
3117a056: bets $12
386f7de1: folds
Uncalled bet ($12) returned to 3117a056
*** SHOWDOWN ***
3117a056 collected $28 from pot
*** SUMMARY ***
Total pot $28
Board [4c 9h Kd Qc]
Seat 3: 386f7de1 folded on the Turn
Seat 5: 4ae2fb14 folded before Flop (didn't bet)
Seat 6: 70cfe235(small blind) folded before Flop
Seat 1: Hero(big blind) folded on the Flop
Seat 2: 3117a056won ($28) with Pair of Kings



Poker Hand #ring_826475336: NLH No Limit ($1/$2) - 2025/04/16 17:57:48
Table 'MR NLH 1/2' 7-max Seat #3 is the button
Seat 3: 386f7de1 ($99.52 in chips)
Seat 5: 4ae2fb14 ($879.41 in chips)
Seat 6: 70cfe235 ($443.9 in chips)
Seat 1: Hero ($340.09 in chips)
Seat 2: 3117a056 ($904.45 in chips)
Seat 7: 78641c92 ($684.65 in chips)
4ae2fb14: posts small blind $1
70cfe235: posts big blind $2
*** HOLE CARDS ***
Dealt to 386f7de1 
Dealt to 4ae2fb14 
Dealt to 70cfe235 
Dealt to Hero [Td Ks]
Dealt to 3117a056 
Dealt to 78641c92 
78641c92: folds
Hero: folds
3117a056: raises $3 to $5
386f7de1: calls $5
4ae2fb14: folds
70cfe235: calls $3
*** FLOP *** [3c 3h Ac]
70cfe235: checks
3117a056: bets $8
386f7de1: folds
70cfe235: folds
Uncalled bet ($8) returned to 3117a056
*** SHOWDOWN ***
3117a056 collected $16 from pot
*** SUMMARY ***
Total pot $16
Board [3c 3h Ac]
Seat 3: 386f7de1 folded on the Flop
Seat 5: 4ae2fb14(small blind) folded before Flop
Seat 6: 70cfe235(big blind) folded on the Flop
Seat 1: Hero folded before Flop (didn't bet)
Seat 2: 3117a056won ($16) with Pair of Treys
Seat 7: 78641c92 folded before Flop (didn't bet)



Poker Hand #ring_826474380: NLH No Limit ($1/$2) - 2025/04/16 17:57:03
Table 'MR NLH 1/2' 7-max Seat #2 is the button
Seat 3: 386f7de1 ($100.52 in chips)
Seat 5: 4ae2fb14 ($881.41 in chips)
Seat 6: 70cfe235 ($443.9 in chips)
Seat 1: Hero ($332.09 in chips)
Seat 2: 3117a056 ($904.45 in chips)
Seat 7: 78641c92 ($689.65 in chips)
386f7de1: posts small blind $1
4ae2fb14: posts big blind $2
*** HOLE CARDS ***
Dealt to 386f7de1 
Dealt to 4ae2fb14 
Dealt to 70cfe235 
Dealt to Hero [Kh Ks]
Dealt to 3117a056 
Dealt to 78641c92 
70cfe235: folds
78641c92: raises $3 to $5
Hero: raises $14.95 to $19.95
3117a056: folds
386f7de1: folds
4ae2fb14: folds
78641c92: folds
Uncalled bet ($14.95) returned to Hero
*** SHOWDOWN ***
Hero collected $13 from pot
*** SUMMARY ***
Total pot $13
Seat 3: 386f7de1(small blind) folded before Flop
Seat 5: 4ae2fb14(big blind) folded before Flop
Seat 6: 70cfe235 folded before Flop (didn't bet)
Seat 1: Herowon ($13)
Seat 2: 3117a056 folded before Flop (didn't bet)
Seat 7: 78641c92 folded before Flop



Poker Hand #ring_826473701: NLH No Limit ($1/$2) - 2025/04/16 17:56:31
Table 'MR NLH 1/2' 7-max Seat #1 is the button
Seat 3: 386f7de1 ($99.52 in chips)
Seat 5: 4ae2fb14 ($881.41 in chips)
Seat 6: 70cfe235 ($443.9 in chips)
Seat 1: Hero ($332.09 in chips)
Seat 2: 3117a056 ($905.45 in chips)
Seat 7: 78641c92 ($689.65 in chips)
3117a056: posts small blind $1
386f7de1: posts big blind $2
*** HOLE CARDS ***
Dealt to 386f7de1 
Dealt to 4ae2fb14 
Dealt to 70cfe235 
Dealt to Hero [3h Jd]
Dealt to 3117a056 
Dealt to 78641c92 
4ae2fb14: folds
70cfe235: folds
78641c92: folds
Hero: folds
3117a056: folds
*** SHOWDOWN ***
386f7de1 collected $3 from pot
*** SUMMARY ***
Total pot $3
Seat 3: 386f7de1(big blind)won ($3)
Seat 5: 4ae2fb14 folded before Flop (didn't bet)
Seat 6: 70cfe235 folded before Flop (didn't bet)
Seat 1: Hero folded before Flop (didn't bet)
Seat 2: 3117a056(small blind) folded before Flop
Seat 7: 78641c92 folded before Flop (didn't bet)



Poker Hand #ring_826472887: NLH No Limit ($1/$2) - 2025/04/16 17:55:54
Table 'MR NLH 1/2' 7-max Seat #7 is the button
Seat 3: 386f7de1 ($99.52 in chips)
Seat 5: 4ae2fb14 ($881.41 in chips)
Seat 6: 70cfe235 ($443.9 in chips)
Seat 1: Hero ($333.09 in chips)
Seat 2: 3117a056 ($907.45 in chips)
Seat 7: 78641c92 ($686.65 in chips)
Hero: posts small blind $1
3117a056: posts big blind $2
*** HOLE CARDS ***
Dealt to 386f7de1 
Dealt to 4ae2fb14 
Dealt to 70cfe235 
Dealt to Hero [3d 9d]
Dealt to 3117a056 
Dealt to 78641c92 
386f7de1: folds
4ae2fb14: folds
70cfe235: folds
78641c92: raises $3 to $5
Hero: folds
3117a056: folds
Uncalled bet ($3) returned to 78641c92
*** SHOWDOWN ***
78641c92 collected $5 from pot
*** SUMMARY ***
Total pot $5
Seat 3: 386f7de1 folded before Flop (didn't bet)
Seat 5: 4ae2fb14 folded before Flop (didn't bet)
Seat 6: 70cfe235 folded before Flop (didn't bet)
Seat 1: Hero(small blind) folded before Flop
Seat 2: 3117a056(big blind) folded before Flop
Seat 7: 78641c92won ($5)



Poker Hand #ring_826471283: NLH No Limit ($1/$2) - 2025/04/16 17:54:41
Table 'MR NLH 1/2' 7-max Seat #6 is the button
Seat 3: 386f7de1 ($99.52 in chips)
Seat 5: 4ae2fb14 ($881.41 in chips)
Seat 6: 70cfe235 ($443.9 in chips)
Seat 1: Hero ($317.09 in chips)
Seat 2: 3117a056 ($907.45 in chips)
Seat 7: 78641c92 ($704.78 in chips)
78641c92: posts small blind $1
Hero: posts big blind $2
*** HOLE CARDS ***
Dealt to 386f7de1 
Dealt to 4ae2fb14 
Dealt to 70cfe235 
Dealt to Hero [Ks 5s]
Dealt to 3117a056 
Dealt to 78641c92 
3117a056: folds
386f7de1: folds
4ae2fb14: folds
70cfe235: folds
78641c92: raises $4 to $6
Hero: calls $4
*** FLOP *** [7d 6s Kc]
78641c92: bets $3.96
Hero: calls $3.96
*** TURN *** [7d 6s Kc] [Jh]
78641c92: checks
Hero: checks
*** RIVER *** [7d 6s Kc Jh] [4h]
78641c92: bets $8.17
Hero: calls $8.17
Hero: shows [Ks 5s]
78641c92: shows [9c Jd]
*** SHOWDOWN ***
Hero collected $36.26 from pot
*** SUMMARY ***
Total pot $36.26
Board [7d 6s Kc Jh 4h]
Seat 3: 386f7de1 folded before Flop (didn't bet)
Seat 5: 4ae2fb14 folded before Flop (didn't bet)
Seat 6: 70cfe235 folded before Flop (didn't bet)
Seat 1: Hero(big blind) showed [Ks 5s] and won ($36.26) with Pair of Kings
Seat 2: 3117a056 folded before Flop (didn't bet)
Seat 7: 78641c92(small blind) showed [9c Jd] and lost with Pair of Jacks



Poker Hand #ring_826470628: NLH No Limit ($1/$2) - 2025/04/16 17:54:10
Table 'MR NLH 1/2' 7-max Seat #5 is the button
Seat 3: 386f7de1 ($99.52 in chips)
Seat 5: 4ae2fb14 ($881.41 in chips)
Seat 6: 70cfe235 ($444.9 in chips)
Seat 1: Hero ($314.09 in chips)
Seat 2: 3117a056 ($907.45 in chips)
Seat 7: 78641c92 ($706.78 in chips)
70cfe235: posts small blind $1
78641c92: posts big blind $2
*** HOLE CARDS ***
Dealt to 386f7de1 
Dealt to 4ae2fb14 
Dealt to 70cfe235 
Dealt to Hero [9h Kh]
Dealt to 3117a056 
Dealt to 78641c92 
Hero: raises $4 to $6
3117a056: folds
386f7de1: folds
4ae2fb14: folds
70cfe235: folds
78641c92: folds
Uncalled bet ($4) returned to Hero
*** SHOWDOWN ***
Hero collected $5 from pot
*** SUMMARY ***
Total pot $5
Seat 3: 386f7de1 folded before Flop (didn't bet)
Seat 5: 4ae2fb14 folded before Flop (didn't bet)
Seat 6: 70cfe235(small blind) folded before Flop
Seat 1: Herowon ($5)
Seat 2: 3117a056 folded before Flop (didn't bet)
Seat 7: 78641c92(big blind) folded before Flop



Poker Hand #ring_826468794: NLH No Limit ($1/$2) - 2025/04/16 17:52:44
Table 'MR NLH 1/2' 7-max Seat #3 is the button
Seat 3: 386f7de1 ($99.52 in chips)
Seat 5: 4ae2fb14 ($882.41 in chips)
Seat 6: 70cfe235 ($462.9 in chips)
Seat 1: Hero ($319.09 in chips)
Seat 2: 3117a056 ($881.06 in chips)
Seat 7: 78641c92 ($711.78 in chips)
4ae2fb14: posts small blind $1
70cfe235: posts big blind $2
*** HOLE CARDS ***
Dealt to 386f7de1 
Dealt to 4ae2fb14 
Dealt to 70cfe235 
Dealt to Hero [Ad 7d]
Dealt to 3117a056 
Dealt to 78641c92 
78641c92: raises $3 to $5
Hero: calls $5
3117a056: raises $13 to $18
386f7de1: folds
4ae2fb14: folds
70cfe235: calls $16
78641c92: folds
Hero: folds
*** FLOP *** [Ts 5c Jc]
70cfe235: checks
3117a056: checks
*** TURN *** [Ts 5c Jc] [Kd]
70cfe235: checks
3117a056: bets $23.5
70cfe235: folds
Uncalled bet ($23.5) returned to 3117a056
*** SHOWDOWN ***
3117a056 collected $47 from pot
*** SUMMARY ***
Total pot $47
Board [Ts 5c Jc Kd]
Seat 3: 386f7de1 folded before Flop (didn't bet)
Seat 5: 4ae2fb14(small blind) folded before Flop
Seat 6: 70cfe235(big blind) folded on the Turn
Seat 1: Hero folded before Flop
Seat 2: 3117a056won ($47) with Aces-High Straight
Seat 7: 78641c92 folded before Flop



Poker Hand #ring_826467863: NLH No Limit ($1/$2) - 2025/04/16 17:51:58
Table 'MR NLH 1/2' 7-max Seat #2 is the button
Seat 3: 386f7de1 ($85.37 in chips)
Seat 5: 4ae2fb14 ($884.41 in chips)
Seat 6: 70cfe235 ($476.9 in chips)
Seat 1: Hero ($319.09 in chips)
Seat 2: 3117a056 ($881.06 in chips)
Seat 7: 78641c92 ($711.78 in chips)
386f7de1: posts small blind $1
4ae2fb14: posts big blind $2
*** HOLE CARDS ***
Dealt to 386f7de1 
Dealt to 4ae2fb14 
Dealt to 70cfe235 
Dealt to Hero [6s 9h]
Dealt to 3117a056 
Dealt to 78641c92 
70cfe235: raises $3 to $5
78641c92: folds
Hero: folds
3117a056: folds
386f7de1: calls $4
4ae2fb14: folds
*** FLOP *** [4c 2s 9d]
386f7de1: bets $9
70cfe235: calls $9
*** TURN *** [4c 2s 9d] [9s]
386f7de1: bets $30
70cfe235: folds
Uncalled bet ($30) returned to 386f7de1
*** SHOWDOWN ***
386f7de1 collected $30 from pot
*** SUMMARY ***
Total pot $30
Board [4c 2s 9d 9s]
Seat 3: 386f7de1(small blind)won ($30) with Pair of Nines
Seat 5: 4ae2fb14(big blind) folded before Flop
Seat 6: 70cfe235 folded on the Turn
Seat 1: Hero folded before Flop (didn't bet)
Seat 2: 3117a056 folded before Flop (didn't bet)
Seat 7: 78641c92 folded before Flop (didn't bet)



Poker Hand #ring_826465464: NLH No Limit ($1/$2) - 2025/04/16 17:49:59
Table 'MR NLH 1/2' 7-max Seat #1 is the button
Seat 3: 386f7de1 ($110.37 in chips)
Seat 5: 4ae2fb14 ($888.41 in chips)
Seat 4: 7055bd11 ($424.19 in chips)
Seat 6: 70cfe235 ($480.9 in chips)
Seat 1: Hero ($323.09 in chips)
Seat 2: 3117a056 ($906.06 in chips)
Seat 7: 78641c92 ($654.19 in chips)
3117a056: posts small blind $1
386f7de1: posts big blind $2
*** HOLE CARDS ***
Dealt to 386f7de1 
Dealt to 4ae2fb14 
Dealt to 7055bd11 
Dealt to 70cfe235 
Dealt to Hero [4h 3d]
Dealt to 3117a056 
Dealt to 78641c92 
7055bd11: folds
4ae2fb14: raises $2 to $4
70cfe235: calls $4
78641c92: calls $4
Hero: calls $4
3117a056: raises $21 to $25
386f7de1: calls $23
4ae2fb14: folds
70cfe235: folds
78641c92: calls $21
Hero: folds
*** FLOP *** [6h Qc 3s]
3117a056: checks
386f7de1: checks
78641c92: bets $28.71
3117a056: folds
386f7de1: folds
Uncalled bet ($28.71) returned to 78641c92
*** SHOWDOWN ***
78641c92 collected $87 from pot
*** SUMMARY ***
Total pot $87
Board [6h Qc 3s]
Seat 3: 386f7de1(big blind) folded on the Flop
Seat 5: 4ae2fb14 folded before Flop
Seat 4: 7055bd11 folded before Flop (didn't bet)
Seat 6: 70cfe235 folded before Flop
Seat 1: Hero folded before Flop
Seat 2: 3117a056(small blind) folded on the Flop
Seat 7: 78641c92won ($87) with Pair of Fours



Poker Hand #ring_826463843: NLH No Limit ($1/$2) - 2025/04/16 17:48:40
Table 'MR NLH 1/2' 7-max Seat #7 is the button
Seat 3: 386f7de1 ($110.37 in chips)
Seat 5: 4ae2fb14 ($888.41 in chips)
Seat 4: 7055bd11 ($536.66 in chips)
Seat 6: 70cfe235 ($480.9 in chips)
Seat 1: Hero ($324.09 in chips)
Seat 2: 3117a056 ($803.25 in chips)
Seat 7: 78641c92 ($654.19 in chips)
Hero: posts small blind $1
3117a056: posts big blind $2
*** HOLE CARDS ***
Dealt to 386f7de1 
Dealt to 4ae2fb14 
Dealt to 7055bd11 
Dealt to 70cfe235 
Dealt to Hero [2h 7h]
Dealt to 3117a056 
Dealt to 78641c92 
386f7de1: folds
7055bd11: raises $3 to $5
4ae2fb14: folds
70cfe235: folds
78641c92: folds
Hero: folds
3117a056: raises $15 to $20
7055bd11: calls $15
*** FLOP *** [Td 6s 5s]
3117a056: bets $13.53
7055bd11: calls $13.53
*** TURN *** [Td 6s 5s] [7s]
3117a056: bets $34.03
7055bd11: calls $34.03
*** RIVER *** [Td 6s 5s 7s] [2s]
3117a056: bets $44.91
7055bd11: calls $44.91
3117a056: shows [Qh Qs]
7055bd11: shows [Jc Js]
*** SHOWDOWN ***
3117a056 collected $225.94 from pot
*** SUMMARY ***
Total pot $225.94
Board [Td 6s 5s 7s 2s]
Seat 3: 386f7de1 folded before Flop (didn't bet)
Seat 5: 4ae2fb14 folded before Flop (didn't bet)
Seat 4: 7055bd11 showed [Jc Js] and lost with Jack High Flush
Seat 6: 70cfe235 folded before Flop (didn't bet)
Seat 1: Hero(small blind) folded before Flop
Seat 2: 3117a056(big blind) showed [Qh Qs] and won ($225.94) with Queen High Flush
Seat 7: 78641c92 folded before Flop (didn't bet)



Poker Hand #ring_826461988: NLH No Limit ($1/$2) - 2025/04/16 17:47:08
Table 'MR NLH 1/2' 7-max Seat #6 is the button
Seat 3: 386f7de1 ($110.37 in chips)
Seat 5: 4ae2fb14 ($900.34 in chips)
Seat 4: 7055bd11 ($536.66 in chips)
Seat 6: 70cfe235 ($397 in chips)
Seat 1: Hero ($398.02 in chips)
Seat 2: 3117a056 ($808.25 in chips)
Seat 7: 78641c92 ($655.19 in chips)
78641c92: posts small blind $1
Hero: posts big blind $2
*** HOLE CARDS ***
Dealt to 386f7de1 
Dealt to 4ae2fb14 
Dealt to 7055bd11 
Dealt to 70cfe235 
Dealt to Hero [Jd 2d]
Dealt to 3117a056 
Dealt to 78641c92 
3117a056: raises $3 to $5
386f7de1: folds
7055bd11: folds
4ae2fb14: calls $5
70cfe235: calls $5
78641c92: folds
Hero: calls $3
*** FLOP *** [Jh 5d 8c]
Hero: checks
3117a056: checks
4ae2fb14: checks
70cfe235: bets $6.93
Hero: calls $6.93
3117a056: folds
4ae2fb14: calls $6.93
*** TURN *** [Jh 5d 8c] [9s]
Hero: checks
4ae2fb14: checks
70cfe235: bets $20.89
Hero: raises $41.11 to $62
4ae2fb14: folds
70cfe235: calls $41.11
*** RIVER *** [Jh 5d 8c 9s] [8h]
Hero: checks
70cfe235: checks
Hero: shows [Jd 2d]
70cfe235: shows [Ts Js]
4ae2fb14: shows [8d]
*** SHOWDOWN ***
70cfe235 collected $165.79 from pot
*** SUMMARY ***
Total pot $165.79
Board [Jh 5d 8c 9s 8h]
Seat 3: 386f7de1 folded before Flop (didn't bet)
Seat 5: 4ae2fb14 folded on the Turn
Seat 4: 7055bd11 folded before Flop (didn't bet)
Seat 6: 70cfe235 showed [Ts Js] and won ($165.79) with Pair of Jacks and Pair of Eights
Seat 1: Hero(big blind) showed [Jd 2d] and lost with Pair of Jacks and Pair of Eights
Seat 2: 3117a056 folded on the Flop
Seat 7: 78641c92(small blind) folded before Flop



Poker Hand #ring_826461576: NLH No Limit ($1/$2) - 2025/04/16 17:46:47
Table 'MR NLH 1/2' 7-max Seat #5 is the button
Seat 3: 386f7de1 ($107.37 in chips)
Seat 5: 4ae2fb14 ($900.34 in chips)
Seat 4: 7055bd11 ($536.66 in chips)
Seat 6: 70cfe235 ($398 in chips)
Seat 1: Hero ($398.02 in chips)
Seat 2: 3117a056 ($808.25 in chips)
Seat 7: 78641c92 ($657.19 in chips)
70cfe235: posts small blind $1
78641c92: posts big blind $2
*** HOLE CARDS ***
Dealt to 386f7de1 
Dealt to 4ae2fb14 
Dealt to 7055bd11 
Dealt to 70cfe235 
Dealt to Hero [Jd 2d]
Dealt to 3117a056 
Dealt to 78641c92 
Hero: folds
3117a056: folds
386f7de1: raises $6 to $8
7055bd11: folds
4ae2fb14: folds
70cfe235: folds
78641c92: folds
Uncalled bet ($6) returned to 386f7de1
*** SHOWDOWN ***
386f7de1 collected $5 from pot
*** SUMMARY ***
Total pot $5
Seat 3: 386f7de1won ($5)
Seat 5: 4ae2fb14 folded before Flop (didn't bet)
Seat 4: 7055bd11 folded before Flop (didn't bet)
Seat 6: 70cfe235(small blind) folded before Flop
Seat 1: Hero folded before Flop (didn't bet)
Seat 2: 3117a056 folded before Flop (didn't bet)
Seat 7: 78641c92(big blind) folded before Flop



Poker Hand #ring_826460839: NLH No Limit ($1/$2) - 2025/04/16 17:46:11
Table 'MR NLH 1/2' 7-max Seat #4 is the button
Seat 3: 386f7de1 ($100 in chips)
Seat 5: 4ae2fb14 ($906.34 in chips)
Seat 4: 7055bd11 ($536.66 in chips)
Seat 6: 70cfe235 ($400 in chips)
Seat 1: Hero ($398.02 in chips)
Seat 2: 3117a056 ($808.25 in chips)
Seat 7: 78641c92 ($657.19 in chips)
4ae2fb14: posts small blind $1
70cfe235: posts big blind $2
386f7de1: posts big blind $2
*** HOLE CARDS ***
Dealt to 386f7de1 
Dealt to 4ae2fb14 
Dealt to 7055bd11 
Dealt to 70cfe235 
Dealt to Hero [3h Jd]
Dealt to 3117a056 
Dealt to 78641c92 
78641c92: folds
Hero: folds
3117a056: folds
386f7de1: raises $4 to $6
7055bd11: folds
4ae2fb14: calls $5
70cfe235: folds
*** FLOP *** [Ad 9d Kc]
4ae2fb14: checks
386f7de1: checks
*** TURN *** [Ad 9d Kc] [Qc]
4ae2fb14: checks
386f7de1: bets $7
4ae2fb14: folds
Uncalled bet ($7) returned to 386f7de1
*** SHOWDOWN ***
386f7de1 collected $14 from pot
*** SUMMARY ***
Total pot $14
Board [Ad 9d Kc Qc]
Seat 3: 386f7de1won ($14) with Ace-High
Seat 5: 4ae2fb14(small blind) folded on the Turn
Seat 4: 7055bd11 folded before Flop (didn't bet)
Seat 6: 70cfe235(big blind) folded before Flop
Seat 1: Hero folded before Flop (didn't bet)
Seat 2: 3117a056 folded before Flop (didn't bet)
Seat 7: 78641c92 folded before Flop (didn't bet)



Poker Hand #ring_826460053: NLH No Limit ($1/$2) - 2025/04/16 17:45:33
Table 'MR NLH 1/2' 7-max Seat #2 is the button
Seat 5: 4ae2fb14 ($911.34 in chips)
Seat 4: 7055bd11 ($537.66 in chips)
Seat 6: 70cfe235 ($400 in chips)
Seat 1: Hero ($398.02 in chips)
Seat 2: 3117a056 ($808.25 in chips)
Seat 7: 78641c92 ($651.68 in chips)
7055bd11: posts small blind $1
4ae2fb14: posts big blind $2
*** HOLE CARDS ***
Dealt to 4ae2fb14 
Dealt to 7055bd11 
Dealt to 70cfe235 
Dealt to Hero [Kd 3h]
Dealt to 3117a056 
Dealt to 78641c92 
70cfe235: folds
78641c92: raises $3 to $5
Hero: folds
3117a056: folds
7055bd11: folds
4ae2fb14: calls $3
*** FLOP *** [As 7h 4d]
4ae2fb14: checks
78641c92: bets $3.63
4ae2fb14: folds
Uncalled bet ($3.63) returned to 78641c92
*** SHOWDOWN ***
78641c92 collected $11 from pot
*** SUMMARY ***
Total pot $11
Board [As 7h 4d]
Seat 5: 4ae2fb14(big blind) folded on the Flop
Seat 4: 7055bd11(small blind) folded before Flop
Seat 6: 70cfe235 folded before Flop (didn't bet)
Seat 1: Hero folded before Flop (didn't bet)
Seat 2: 3117a056 folded before Flop (didn't bet)
Seat 7: 78641c92won ($11) with Ace-High



Poker Hand #ring_826458747: NLH No Limit ($1/$2) - 2025/04/16 17:44:29
Table 'MR NLH 1/2' 7-max Seat #1 is the button
Seat 5: 4ae2fb14 ($888.23 in chips)
Seat 4: 7055bd11 ($539.66 in chips)
Seat 6: 70cfe235 ($310 in chips)
Seat 1: Hero ($414.52 in chips)
Seat 2: 3117a056 ($809.25 in chips)
Seat 7: 78641c92 ($651.68 in chips)
3117a056: posts small blind $1
7055bd11: posts big blind $2
*** HOLE CARDS ***
Dealt to 4ae2fb14 
Dealt to 7055bd11 
Dealt to 70cfe235 
Dealt to Hero [3s 6s]
Dealt to 3117a056 
Dealt to 78641c92 
4ae2fb14: raises $4 to $6
70cfe235: calls $6
78641c92: folds
Hero: calls $6
3117a056: folds
7055bd11: folds
*** FLOP *** [Ad Qd 3h]
4ae2fb14: bets $10.5
70cfe235: folds
Hero: calls $10.5
*** TURN *** [Ad Qd 3h] [Th]
4ae2fb14: bets $65
Hero: folds
Uncalled bet ($65) returned to 4ae2fb14
3117a056: shows [4h]
*** SHOWDOWN ***
4ae2fb14 collected $42 from pot
*** SUMMARY ***
Total pot $42
Board [Ad Qd 3h Th]
Seat 5: 4ae2fb14won ($42) with Three Queens
Seat 4: 7055bd11(big blind) folded before Flop
Seat 6: 70cfe235 folded on the Flop
Seat 1: Hero folded on the Turn
Seat 2: 3117a056(small blind) folded before Flop
Seat 7: 78641c92 folded before Flop (didn't bet)



Poker Hand #ring_826456951: NLH No Limit ($1/$2) - 2025/04/16 17:43:03
Table 'MR NLH 1/2' 7-max Seat #7 is the button
Seat 3: 386f7de1 ($98 in chips)
Seat 5: 4ae2fb14 ($894.23 in chips)
Seat 4: 7055bd11 ($539.66 in chips)
Seat 6: 70cfe235 ($310 in chips)
Seat 1: Hero ($318.2 in chips)
Seat 2: 3117a056 ($811.25 in chips)
Seat 7: 78641c92 ($651.68 in chips)
Hero: posts small blind $1
3117a056: posts big blind $2
*** HOLE CARDS ***
Dealt to 386f7de1 
Dealt to 4ae2fb14 
Dealt to 7055bd11 
Dealt to 70cfe235 
Dealt to Hero [3c 3s]
Dealt to 3117a056 
Dealt to 78641c92 
386f7de1: raises $4 to $6
7055bd11: folds
4ae2fb14: calls $6
70cfe235: folds
78641c92: folds
Hero: calls $5
3117a056: folds
*** FLOP *** [3h Ac Ts]
Hero: checks
386f7de1: bets $10
4ae2fb14: folds
Hero: raises $20 to $30
386f7de1: calls $20
*** TURN *** [3h Ac Ts] [Ad]
Hero: bets $24
386f7de1: calls $24
*** RIVER *** [3h Ac Ts Ad] [Qs]
Hero: bets $147.2
386f7de1: calls $38 and is all-in
Uncalled bet ($109.2) returned to Hero
Hero: shows [3c 3s]
386f7de1: shows [Kc Ks]
*** SHOWDOWN ***
Hero collected $204 from pot
*** SUMMARY ***
Total pot $204
Board [3h Ac Ts Ad Qs]
Seat 3: 386f7de1 showed [Kc Ks] and lost with Pair of Aces and Pair of Kings
Seat 5: 4ae2fb14 folded on the Flop
Seat 4: 7055bd11 folded before Flop (didn't bet)
Seat 6: 70cfe235 folded before Flop (didn't bet)
Seat 1: Hero(small blind) showed [3c 3s] and won ($204) with Treys Full over Aces
Seat 2: 3117a056(big blind) folded before Flop
Seat 7: 78641c92 folded before Flop (didn't bet)



Poker Hand #ring_826456233: NLH No Limit ($1/$2) - 2025/04/16 17:42:30
Table 'MR NLH 1/2' 7-max Seat #6 is the button
Seat 3: 386f7de1 ($100 in chips)
Seat 5: 4ae2fb14 ($894.23 in chips)
Seat 4: 7055bd11 ($539.66 in chips)
Seat 6: 70cfe235 ($305 in chips)
Seat 1: Hero ($320.2 in chips)
Seat 2: 3117a056 ($811.25 in chips)
Seat 7: 78641c92 ($652.68 in chips)
78641c92: posts small blind $1
Hero: posts big blind $2
386f7de1: posts big blind $2
*** HOLE CARDS ***
Dealt to 386f7de1 
Dealt to 4ae2fb14 
Dealt to 7055bd11 
Dealt to 70cfe235 
Dealt to Hero [Jc 3s]
Dealt to 3117a056 
Dealt to 78641c92 
3117a056: folds
386f7de1: checks
7055bd11: folds
4ae2fb14: folds
70cfe235: raises $6 to $8
78641c92: folds
Hero: folds
386f7de1: folds
Uncalled bet ($6) returned to 70cfe235
*** SHOWDOWN ***
70cfe235 collected $7 from pot
*** SUMMARY ***
Total pot $7
Seat 3: 386f7de1 folded before Flop
Seat 5: 4ae2fb14 folded before Flop (didn't bet)
Seat 4: 7055bd11 folded before Flop (didn't bet)
Seat 6: 70cfe235won ($7)
Seat 1: Hero(big blind) folded before Flop
Seat 2: 3117a056 folded before Flop (didn't bet)
Seat 7: 78641c92(small blind) folded before Flop



Poker Hand #ring_826453639: NLH No Limit ($1/$2) - 2025/04/16 17:40:23
Table 'MR NLH 1/2' 7-max Seat #5 is the button
Seat 5: 4ae2fb14 ($894.23 in chips)
Seat 4: 7055bd11 ($539.66 in chips)
Seat 6: 70cfe235 ($405.2 in chips)
Seat 1: Hero ($320.2 in chips)
Seat 2: 3117a056 ($811.25 in chips)
Seat 7: 78641c92 ($561.99 in chips)
70cfe235: posts small blind $1
78641c92: posts big blind $2
*** HOLE CARDS ***
Dealt to 4ae2fb14 
Dealt to 7055bd11 
Dealt to 70cfe235 
Dealt to Hero [5c Kc]
Dealt to 3117a056 
Dealt to 78641c92 
Hero: folds
3117a056: folds
7055bd11: folds
4ae2fb14: folds
70cfe235: raises $5 to $7
78641c92: calls $5
*** FLOP *** [7h Ac Jc]
70cfe235: bets $4.62
78641c92: calls $4.62
*** TURN *** [7h Ac Jc] [2c]
70cfe235: bets $17.43
78641c92: calls $17.43
*** RIVER *** [7h Ac Jc 2c] [8c]
70cfe235: checks
78641c92: bets $19.18
70cfe235: raises $51.97 to $71.15
78641c92: calls $51.97
70cfe235: shows [Kd 6d]
78641c92: shows [6c Ah]
Hero: shows [5c Kc]
*** SHOWDOWN ***
78641c92 collected $200.4 from pot
*** SUMMARY ***
Total pot $200.4
Board [7h Ac Jc 2c 8c]
Seat 5: 4ae2fb14 folded before Flop (didn't bet)
Seat 4: 7055bd11 folded before Flop (didn't bet)
Seat 6: 70cfe235(small blind) showed [Kd 6d] and lost with Ace-High
Seat 1: Hero folded before Flop (didn't bet)
Seat 2: 3117a056 folded before Flop (didn't bet)
Seat 7: 78641c92(big blind) showed [6c Ah] and won ($200.4) with Ace High Flush



Poker Hand #ring_826451578: NLH No Limit ($1/$2) - 2025/04/16 17:38:46
Table 'MR NLH 1/2' 7-max Seat #4 is the button
Seat 3: 386f7de1 ($208.93 in chips)
Seat 5: 4ae2fb14 ($682.63 in chips)
Seat 4: 7055bd11 ($539.66 in chips)
Seat 6: 70cfe235 ($423.2 in chips)
Seat 1: Hero ($320.2 in chips)
Seat 2: 3117a056 ($811.25 in chips)
Seat 7: 78641c92 ($566.99 in chips)
4ae2fb14: posts small blind $1
70cfe235: posts big blind $2
*** HOLE CARDS ***
Dealt to 386f7de1 
Dealt to 4ae2fb14 
Dealt to 7055bd11 
Dealt to 70cfe235 
Dealt to Hero [Ad 2s]
Dealt to 3117a056 
Dealt to 78641c92 
78641c92: raises $3 to $5
Hero: folds
3117a056: folds
386f7de1: raises $13 to $18
7055bd11: folds
4ae2fb14: calls $17
70cfe235: calls $16
78641c92: folds
*** FLOP *** [7s 4h Tc]
4ae2fb14: checks
70cfe235: checks
386f7de1: bets $44.25
4ae2fb14: calls $44.25
70cfe235: folds
*** TURN *** [7s 4h Tc] [3h]
4ae2fb14: checks
386f7de1: bets $146.68 and is all-in
4ae2fb14: calls $146.68
386f7de1: shows [Qs Qd]
4ae2fb14: shows [4c 4s]
*** RIVER *** [7s 4h Tc 3h] [4d]
*** SHOWDOWN ***
4ae2fb14 collected $440.86 from pot
*** SUMMARY ***
Total pot $440.86
Board [7s 4h Tc 3h 4d]
Seat 3: 386f7de1 showed [Qs Qd] and lost with Pair of Queens and Pair of Fours
Seat 5: 4ae2fb14(small blind) showed [4c 4s] and won ($440.86) with Four Fours
Seat 4: 7055bd11 folded before Flop (didn't bet)
Seat 6: 70cfe235(big blind) folded on the Flop
Seat 1: Hero folded before Flop (didn't bet)
Seat 2: 3117a056 folded before Flop (didn't bet)
Seat 7: 78641c92 folded before Flop



Poker Hand #ring_826451067: NLH No Limit ($1/$2) - 2025/04/16 17:38:22
Table 'MR NLH 1/2' 7-max Seat #3 is the button
Seat 3: 386f7de1 ($208.93 in chips)
Seat 5: 4ae2fb14 ($684.63 in chips)
Seat 4: 7055bd11 ($540.66 in chips)
Seat 6: 70cfe235 ($423.2 in chips)
Seat 1: Hero ($320.2 in chips)
Seat 2: 3117a056 ($808.25 in chips)
Seat 7: 78641c92 ($566.99 in chips)
7055bd11: posts small blind $1
4ae2fb14: posts big blind $2
*** HOLE CARDS ***
Dealt to 386f7de1 
Dealt to 4ae2fb14 
Dealt to 7055bd11 
Dealt to 70cfe235 
Dealt to Hero [Jh 8s]
Dealt to 3117a056 
Dealt to 78641c92 
70cfe235: folds
78641c92: folds
Hero: folds
3117a056: raises $4 to $6
386f7de1: folds
7055bd11: folds
4ae2fb14: folds
Uncalled bet ($4) returned to 3117a056
*** SHOWDOWN ***
3117a056 collected $5 from pot
*** SUMMARY ***
Total pot $5
Seat 3: 386f7de1 folded before Flop (didn't bet)
Seat 5: 4ae2fb14(big blind) folded before Flop
Seat 4: 7055bd11(small blind) folded before Flop
Seat 6: 70cfe235 folded before Flop (didn't bet)
Seat 1: Hero folded before Flop (didn't bet)
Seat 2: 3117a056won ($5)
Seat 7: 78641c92 folded before Flop (didn't bet)



Poker Hand #ring_826449909: NLH No Limit ($1/$2) - 2025/04/16 17:37:30
Table 'MR NLH 1/2' 7-max Seat #2 is the button
Seat 3: 386f7de1 ($209.93 in chips)
Seat 4: 7055bd11 ($542.66 in chips)
Seat 6: 70cfe235 ($439.39 in chips)
Seat 1: Hero ($320.2 in chips)
Seat 2: 3117a056 ($808.25 in chips)
Seat 7: 78641c92 ($549.89 in chips)
386f7de1: posts small blind $1
7055bd11: posts big blind $2
*** HOLE CARDS ***
Dealt to 386f7de1 
Dealt to 7055bd11 
Dealt to 70cfe235 
Dealt to Hero [Qc 2s]
Dealt to 3117a056 
Dealt to 78641c92 
70cfe235: raises $3 to $5
78641c92: raises $11.19 to $16.19
Hero: folds
3117a056: folds
386f7de1: folds
7055bd11: folds
70cfe235: calls $11.19
*** FLOP *** [Kh Ad Jd]
70cfe235: checks
78641c92: bets $35.38
70cfe235: folds
Uncalled bet ($35.38) returned to 78641c92
*** SHOWDOWN ***
78641c92 collected $35.38 from pot
*** SUMMARY ***
Total pot $35.38
Board [Kh Ad Jd]
Seat 3: 386f7de1(small blind) folded before Flop
Seat 4: 7055bd11(big blind) folded before Flop
Seat 6: 70cfe235 folded on the Flop
Seat 1: Hero folded before Flop (didn't bet)
Seat 2: 3117a056 folded before Flop (didn't bet)
Seat 7: 78641c92won ($35.38) with Pair of Aces and Pair of Jacks



Poker Hand #ring_826448350: NLH No Limit ($1/$2) - 2025/04/16 17:36:15
Table 'MR NLH 1/2' 7-max Seat #1 is the button
Seat 3: 386f7de1 ($211.93 in chips)
Seat 5: 939cbfcb ($101 in chips)
Seat 4: 7055bd11 ($542.66 in chips)
Seat 6: 70cfe235 ($439.39 in chips)
Seat 1: Hero ($220.19 in chips)
Seat 2: 3117a056 ($815.25 in chips)
Seat 7: 78641c92 ($549.89 in chips)
3117a056: posts small blind $1
386f7de1: posts big blind $2
*** HOLE CARDS ***
Dealt to 386f7de1 
Dealt to 939cbfcb 
Dealt to 7055bd11 
Dealt to 70cfe235 
Dealt to Hero [3d 3h]
Dealt to 3117a056 
Dealt to 78641c92 
7055bd11: folds
939cbfcb: raises $5 to $7
70cfe235: folds
78641c92: folds
Hero: calls $7
3117a056: calls $6
386f7de1: folds
*** FLOP *** [3c Kd 5d]
3117a056: checks
939cbfcb: bets $23
Hero: calls $23
3117a056: folds
*** TURN *** [3c Kd 5d] [6c]
939cbfcb: bets $22.77
Hero: raises $131.73 to $154.5
939cbfcb: calls $48.23 and is all-in
Uncalled bet ($83.5) returned to Hero
Hero: shows [3d 3h]
939cbfcb: shows [Td Kc]
*** RIVER *** [3c Kd 5d 6c] [8s]
*** SHOWDOWN ***
Hero collected $211 from pot
*** SUMMARY ***
Total pot $211
Board [3c Kd 5d 6c 8s]
Seat 3: 386f7de1(big blind) folded before Flop
Seat 5: 939cbfcb showed [Td Kc] and lost with Pair of Kings
Seat 4: 7055bd11 folded before Flop (didn't bet)
Seat 6: 70cfe235 folded before Flop (didn't bet)
Seat 1: Hero showed [3d 3h] and won ($211) with Three Treys
Seat 2: 3117a056(small blind) folded on the Flop
Seat 7: 78641c92 folded before Flop (didn't bet)



Poker Hand #ring_826447864: NLH No Limit ($1/$2) - 2025/04/16 17:35:52
Table 'MR NLH 1/2' 7-max Seat #7 is the button
Seat 3: 386f7de1 ($211.93 in chips)
Seat 5: 939cbfcb ($98 in chips)
Seat 4: 7055bd11 ($542.66 in chips)
Seat 6: 70cfe235 ($439.39 in chips)
Seat 1: Hero ($221.19 in chips)
Seat 2: 3117a056 ($817.25 in chips)
Seat 7: 78641c92 ($549.89 in chips)
Hero: posts small blind $1
3117a056: posts big blind $2
*** HOLE CARDS ***
Dealt to 386f7de1 
Dealt to 939cbfcb 
Dealt to 7055bd11 
Dealt to 70cfe235 
Dealt to Hero [Qs 6d]
Dealt to 3117a056 
Dealt to 78641c92 
386f7de1: folds
7055bd11: folds
939cbfcb: raises $5 to $7
70cfe235: folds
78641c92: folds
Hero: folds
3117a056: folds
Uncalled bet ($5) returned to 939cbfcb
*** SHOWDOWN ***
939cbfcb collected $5 from pot
*** SUMMARY ***
Total pot $5
Seat 3: 386f7de1 folded before Flop (didn't bet)
Seat 5: 939cbfcbwon ($5)
Seat 4: 7055bd11 folded before Flop (didn't bet)
Seat 6: 70cfe235 folded before Flop (didn't bet)
Seat 1: Hero(small blind) folded before Flop
Seat 2: 3117a056(big blind) folded before Flop
Seat 7: 78641c92 folded before Flop (didn't bet)



Poker Hand #ring_826447186: NLH No Limit ($1/$2) - 2025/04/16 17:35:20
Table 'MR NLH 1/2' 7-max Seat #6 is the button
Seat 3: 386f7de1 ($211.93 in chips)
Seat 5: 939cbfcb ($100 in chips)
Seat 4: 7055bd11 ($550.66 in chips)
Seat 6: 70cfe235 ($439.39 in chips)
Seat 1: Hero ($223.19 in chips)
Seat 2: 3117a056 ($817.25 in chips)
Seat 7: 78641c92 ($537.89 in chips)
78641c92: posts small blind $1
Hero: posts big blind $2
939cbfcb: posts big blind $2
*** HOLE CARDS ***
Dealt to 386f7de1 
Dealt to 939cbfcb 
Dealt to 7055bd11 
Dealt to 70cfe235 
Dealt to Hero [Tc 9s]
Dealt to 3117a056 
Dealt to 78641c92 
3117a056: folds
386f7de1: folds
7055bd11: raises $6 to $8
939cbfcb: folds
70cfe235: folds
78641c92: raises $24.2 to $32.2
Hero: folds
7055bd11: folds
Uncalled bet ($24.2) returned to 78641c92
*** SHOWDOWN ***
78641c92 collected $20 from pot
*** SUMMARY ***
Total pot $20
Seat 3: 386f7de1 folded before Flop (didn't bet)
Seat 5: 939cbfcb folded before Flop
Seat 4: 7055bd11 folded before Flop
Seat 6: 70cfe235 folded before Flop (didn't bet)
Seat 1: Hero(big blind) folded before Flop
Seat 2: 3117a056 folded before Flop (didn't bet)
Seat 7: 78641c92(small blind)won ($20)



Poker Hand #ring_826445951: NLH No Limit ($1/$2) - 2025/04/16 17:34:21
Table 'MR NLH 1/2' 7-max Seat #4 is the button
Seat 3: 386f7de1 ($217.93 in chips)
Seat 4: 7055bd11 ($550.66 in chips)
Seat 6: 70cfe235 ($440.39 in chips)
Seat 1: Hero ($214.86 in chips)
Seat 2: 3117a056 ($817.25 in chips)
Seat 7: 78641c92 ($539.89 in chips)
70cfe235: posts small blind $1
78641c92: posts big blind $2
*** HOLE CARDS ***
Dealt to 386f7de1 
Dealt to 7055bd11 
Dealt to 70cfe235 
Dealt to Hero [3s 3d]
Dealt to 3117a056 
Dealt to 78641c92 
Hero: raises $4 to $6
3117a056: folds
386f7de1: calls $6
7055bd11: folds
70cfe235: folds
78641c92: folds
*** FLOP *** [2d 7s 5c]
Hero: checks
386f7de1: checks
*** TURN *** [2d 7s 5c] [8c]
Hero: checks
386f7de1: checks
*** RIVER *** [2d 7s 5c 8c] [Kc]
Hero: checks
386f7de1: checks
Hero: shows [3s 3d]
386f7de1: shows [As Jh]
*** SHOWDOWN ***
Hero collected $15 from pot
*** SUMMARY ***
Total pot $15
Board [2d 7s 5c 8c Kc]
Seat 3: 386f7de1 showed [As Jh] and lost with Ace-High
Seat 4: 7055bd11 folded before Flop (didn't bet)
Seat 6: 70cfe235(small blind) folded before Flop
Seat 1: Hero showed [3s 3d] and won ($15) with Pair of Treys
Seat 2: 3117a056 folded before Flop (didn't bet)
Seat 7: 78641c92(big blind) folded before Flop



Poker Hand #ring_826445205: NLH No Limit ($1/$2) - 2025/04/16 17:33:44
Table 'MR NLH 1/2' 7-max Seat #3 is the button
Seat 3: 386f7de1 ($217.93 in chips)
Seat 4: 7055bd11 ($551.66 in chips)
Seat 6: 70cfe235 ($446.39 in chips)
Seat 1: Hero ($208.44 in chips)
Seat 2: 3117a056 ($817.25 in chips)
Seat 7: 78641c92 ($539.89 in chips)
7055bd11: posts small blind $1
70cfe235: posts big blind $2
*** HOLE CARDS ***
Dealt to 386f7de1 
Dealt to 7055bd11 
Dealt to 70cfe235 
Dealt to Hero [8s 7s]
Dealt to 3117a056 
Dealt to 78641c92 
78641c92: folds
Hero: raises $4 to $6
3117a056: folds
386f7de1: folds
7055bd11: folds
70cfe235: calls $4
*** FLOP *** [Ts 6d Kc]
70cfe235: checks
Hero: bets $6.5
70cfe235: folds
Uncalled bet ($6.5) returned to Hero
*** SHOWDOWN ***
Hero collected $13 from pot
*** SUMMARY ***
Total pot $13
Board [Ts 6d Kc]
Seat 3: 386f7de1 folded before Flop (didn't bet)
Seat 4: 7055bd11(small blind) folded before Flop
Seat 6: 70cfe235(big blind) folded on the Flop
Seat 1: Herowon ($13) with King-High
Seat 2: 3117a056 folded before Flop (didn't bet)
Seat 7: 78641c92 folded before Flop (didn't bet)



Poker Hand #ring_826443920: NLH No Limit ($1/$2) - 2025/04/16 17:32:41
Table 'MR NLH 1/2' 7-max Seat #2 is the button
Seat 3: 386f7de1 ($127.34 in chips)
Seat 5: a3871637 ($98 in chips)
Seat 4: 7055bd11 ($553.66 in chips)
Seat 6: 70cfe235 ($446.39 in chips)
Seat 1: Hero ($208.44 in chips)
Seat 2: 3117a056 ($817.25 in chips)
Seat 7: 78641c92 ($539.89 in chips)
386f7de1: posts small blind $1
7055bd11: posts big blind $2
*** HOLE CARDS ***
Dealt to 386f7de1 
Dealt to a3871637 
Dealt to 7055bd11 
Dealt to 70cfe235 
Dealt to Hero [9c 5d]
Dealt to 3117a056 
Dealt to 78641c92 
a3871637: calls $2
70cfe235: folds
78641c92: folds
Hero: folds
3117a056: folds
386f7de1: raises $6 to $8
7055bd11: folds
a3871637: calls $6
*** FLOP *** [Qd 5h 2d]
386f7de1: checks
a3871637: bets $18
386f7de1: raises $54 to $72
a3871637: raises $18 to $90 and is all-in
386f7de1: calls $18
386f7de1: shows [Qh Ah] (Pair of Queens)
a3871637: shows [6h Qc] (Pair of Queens)
*** TURN *** [Qd 5h 2d] [2c]
*** RIVER *** [Qd 5h 2d 2c] [3d]
*** SHOWDOWN ***
386f7de1 collected $198 from pot
*** SUMMARY ***
Total pot $198
Board [Qd 5h 2d 2c 3d]
Seat 3: 386f7de1(small blind) showed [Qh Ah] and won ($198) with Pair of Queens and Pair of Twos
Seat 5: a3871637 showed [6h Qc] and lost with Pair of Queens and Pair of Twos
Seat 4: 7055bd11(big blind) folded before Flop
Seat 6: 70cfe235 folded before Flop (didn't bet)
Seat 1: Hero folded before Flop (didn't bet)
Seat 2: 3117a056 folded before Flop (didn't bet)
Seat 7: 78641c92 folded before Flop (didn't bet)



Poker Hand #ring_826443148: NLH No Limit ($1/$2) - 2025/04/16 17:32:04
Table 'MR NLH 1/2' 7-max Seat #1 is the button
Seat 3: 386f7de1 ($132.34 in chips)
Seat 5: a3871637 ($98 in chips)
Seat 4: 7055bd11 ($553.66 in chips)
Seat 6: 70cfe235 ($446.39 in chips)
Seat 1: Hero ($208.44 in chips)
Seat 2: 3117a056 ($818.25 in chips)
Seat 7: 78641c92 ($534.38 in chips)
3117a056: posts small blind $1
386f7de1: posts big blind $2
*** HOLE CARDS ***
Dealt to 386f7de1 
Dealt to a3871637 
Dealt to 7055bd11 
Dealt to 70cfe235 
Dealt to Hero [7d 4s]
Dealt to 3117a056 
Dealt to 78641c92 
7055bd11: folds
a3871637: folds
70cfe235: folds
78641c92: raises $3 to $5
Hero: folds
3117a056: folds
386f7de1: calls $3
*** FLOP *** [Ks 4h Qd]
386f7de1: checks
78641c92: bets $8.25
386f7de1: folds
Uncalled bet ($8.25) returned to 78641c92
*** SHOWDOWN ***
78641c92 collected $11 from pot
*** SUMMARY ***
Total pot $11
Board [Ks 4h Qd]
Seat 3: 386f7de1(big blind) folded on the Flop
Seat 5: a3871637 folded before Flop (didn't bet)
Seat 4: 7055bd11 folded before Flop (didn't bet)
Seat 6: 70cfe235 folded before Flop (didn't bet)
Seat 1: Hero folded before Flop (didn't bet)
Seat 2: 3117a056(small blind) folded before Flop
Seat 7: 78641c92won ($11) with King-High



Poker Hand #ring_826442327: NLH No Limit ($1/$2) - 2025/04/16 17:31:23
Table 'MR NLH 1/2' 7-max Seat #7 is the button
Seat 3: 386f7de1 ($134.34 in chips)
Seat 5: a3871637 ($100 in chips)
Seat 4: 7055bd11 ($553.66 in chips)
Seat 6: 70cfe235 ($446.39 in chips)
Seat 1: Hero ($210.44 in chips)
Seat 2: 3117a056 ($812.61 in chips)
Seat 7: 78641c92 ($534.38 in chips)
Hero: posts small blind $1
3117a056: posts big blind $2
a3871637: posts big blind $2
*** HOLE CARDS ***
Dealt to 386f7de1 
Dealt to a3871637 
Dealt to 7055bd11 
Dealt to 70cfe235 
Dealt to Hero [4s 7h]
Dealt to 3117a056 
Dealt to 78641c92 
386f7de1: calls $2
7055bd11: folds
a3871637: checks
70cfe235: folds
78641c92: folds
Hero: calls $1
3117a056: checks
*** FLOP *** [5d 2d Js]
Hero: checks
3117a056: bets $4
386f7de1: folds
a3871637: folds
Hero: folds
Uncalled bet ($4) returned to 3117a056
*** SHOWDOWN ***
3117a056 collected $8 from pot
*** SUMMARY ***
Total pot $8
Board [5d 2d Js]
Seat 3: 386f7de1 folded on the Flop
Seat 5: a3871637 folded on the Flop
Seat 4: 7055bd11 folded before Flop (didn't bet)
Seat 6: 70cfe235 folded before Flop (didn't bet)
Seat 1: Hero(small blind) folded on the Flop
Seat 2: 3117a056(big blind)won ($8) with Pair of Jacks
Seat 7: 78641c92 folded before Flop (didn't bet)



Poker Hand #ring_826441477: NLH No Limit ($1/$2) - 2025/04/16 17:30:41
Table 'MR NLH 1/2' 7-max Seat #6 is the button
Seat 3: 386f7de1 ($138.34 in chips)
Seat 4: 7055bd11 ($553.66 in chips)
Seat 6: 70cfe235 ($446.39 in chips)
Seat 1: Hero ($205.84 in chips)
Seat 2: 3117a056 ($812.61 in chips)
Seat 7: 78641c92 ($535.38 in chips)
78641c92: posts small blind $1
Hero: posts big blind $2
*** HOLE CARDS ***
Dealt to 386f7de1 
Dealt to 7055bd11 
Dealt to 70cfe235 
Dealt to Hero [2c Qs]
Dealt to 3117a056 
Dealt to 78641c92 
3117a056: folds
386f7de1: calls $2
7055bd11: folds
70cfe235: folds
78641c92: folds
Hero: checks
*** FLOP *** [7c 4h 9h]
Hero: checks
386f7de1: checks
*** TURN *** [7c 4h 9h] [6s]
Hero: bets $2
386f7de1: calls $2
*** RIVER *** [7c 4h 9h 6s] [Ad]
Hero: checks
386f7de1: checks
Hero: shows [2c Qs]
386f7de1: shows [8d Jh]
*** SHOWDOWN ***
Hero collected $9 from pot
*** SUMMARY ***
Total pot $9
Board [7c 4h 9h 6s Ad]
Seat 3: 386f7de1 showed [8d Jh] and lost with Ace-High
Seat 4: 7055bd11 folded before Flop (didn't bet)
Seat 6: 70cfe235 folded before Flop (didn't bet)
Seat 1: Hero(big blind) showed [2c Qs] and won ($9) with Ace-High
Seat 2: 3117a056 folded before Flop (didn't bet)
Seat 7: 78641c92(small blind) folded before Flop



Poker Hand #ring_826440043: NLH No Limit ($1/$2) - 2025/04/16 17:29:31
Table 'MR NLH 1/2' 7-max Seat #4 is the button
Seat 3: 386f7de1 ($149.34 in chips)
Seat 4: 7055bd11 ($553.66 in chips)
Seat 6: 70cfe235 ($447.39 in chips)
Seat 1: Hero ($205.84 in chips)
Seat 2: 3117a056 ($797.37 in chips)
Seat 7: 78641c92 ($540.38 in chips)
70cfe235: posts small blind $1
78641c92: posts big blind $2
*** HOLE CARDS ***
Dealt to 386f7de1 
Dealt to 7055bd11 
Dealt to 70cfe235 
Dealt to Hero [3c 6s]
Dealt to 3117a056 
Dealt to 78641c92 
Hero: folds
3117a056: raises $3 to $5
386f7de1: calls $5
7055bd11: folds
70cfe235: folds
78641c92: calls $3
*** FLOP *** [5s 8c Qd]
78641c92: checks
3117a056: bets $6
386f7de1: calls $6
78641c92: folds
*** TURN *** [5s 8c Qd] [Qs]
3117a056: checks
386f7de1: checks
*** RIVER *** [5s 8c Qd Qs] [2d]
3117a056: bets $14
386f7de1: folds
Uncalled bet ($14) returned to 3117a056
*** SHOWDOWN ***
3117a056 collected $28 from pot
*** SUMMARY ***
Total pot $28
Board [5s 8c Qd Qs 2d]
Seat 3: 386f7de1 folded on the River
Seat 4: 7055bd11 folded before Flop (didn't bet)
Seat 6: 70cfe235(small blind) folded before Flop
Seat 1: Hero folded before Flop (didn't bet)
Seat 2: 3117a056won ($28) with Pair of Queens
Seat 7: 78641c92(big blind) folded on the Flop



Poker Hand #ring_826437438: NLH No Limit ($1/$2) - 2025/04/16 17:27:22
Table 'MR NLH 1/2' 7-max Seat #3 is the button
Seat 3: 386f7de1 ($149.34 in chips)
Seat 4: 7055bd11 ($554.66 in chips)
Seat 6: 70cfe235 ($511.63 in chips)
Seat 1: Hero ($205.84 in chips)
Seat 2: 3117a056 ($797.37 in chips)
Seat 7: 78641c92 ($481.46 in chips)
7055bd11: posts small blind $1
70cfe235: posts big blind $2
*** HOLE CARDS ***
Dealt to 386f7de1 
Dealt to 7055bd11 
Dealt to 70cfe235 
Dealt to Hero [Ad 9s]
Dealt to 3117a056 
Dealt to 78641c92 
78641c92: raises $3 to $5
Hero: folds
3117a056: folds
386f7de1: folds
7055bd11: folds
70cfe235: raises $14 to $19
78641c92: calls $14
*** FLOP *** [Jh 5c 2s]
70cfe235: bets $12.87
78641c92: calls $12.87
*** TURN *** [Jh 5c 2s] [Ac]
70cfe235: checks
78641c92: bets $32.37
70cfe235: calls $32.37
*** RIVER *** [Jh 5c 2s Ac] [2c]
70cfe235: checks
78641c92: bets $186
70cfe235: folds
Uncalled bet ($186) returned to 78641c92
*** SHOWDOWN ***
78641c92 collected $129.48 from pot
*** SUMMARY ***
Total pot $129.48
Board [Jh 5c 2s Ac 2c]
Seat 3: 386f7de1 folded before Flop (didn't bet)
Seat 4: 7055bd11(small blind) folded before Flop
Seat 6: 70cfe235(big blind) folded on the River
Seat 1: Hero folded before Flop (didn't bet)
Seat 2: 3117a056 folded before Flop (didn't bet)
Seat 7: 78641c92won ($129.48) with Pair of Aces and Pair of Jacks



Poker Hand #ring_826436251: NLH No Limit ($1/$2) - 2025/04/16 17:26:34
Table 'MR NLH 1/2' 7-max Seat #2 is the button
Seat 3: 386f7de1 ($150.34 in chips)
Seat 5: e64b8453 ($163.88 in chips)
Seat 4: 7055bd11 ($556.66 in chips)
Seat 6: 70cfe235 ($511.63 in chips)
Seat 1: Hero ($211.84 in chips)
Seat 2: 3117a056 ($788.37 in chips)
Seat 7: 78641c92 ($481.46 in chips)
386f7de1: posts small blind $1
7055bd11: posts big blind $2
*** HOLE CARDS ***
Dealt to 386f7de1 
Dealt to e64b8453 
Dealt to 7055bd11 
Dealt to 70cfe235 
Dealt to Hero [Ad Jd]
Dealt to 3117a056 
Dealt to 78641c92 
e64b8453: folds
70cfe235: folds
78641c92: folds
Hero: raises $4 to $6
3117a056: raises $18 to $24
386f7de1: folds
7055bd11: folds
Hero: folds
Uncalled bet ($18) returned to 3117a056
*** SHOWDOWN ***
3117a056 collected $15 from pot
*** SUMMARY ***
Total pot $15
Seat 3: 386f7de1(small blind) folded before Flop
Seat 5: e64b8453 folded before Flop (didn't bet)
Seat 4: 7055bd11(big blind) folded before Flop
Seat 6: 70cfe235 folded before Flop (didn't bet)
Seat 1: Hero folded before Flop
Seat 2: 3117a056won ($15)
Seat 7: 78641c92 folded before Flop (didn't bet)



Poker Hand #ring_826435304: NLH No Limit ($1/$2) - 2025/04/16 17:25:47
Table 'MR NLH 1/2' 7-max Seat #1 is the button
Seat 3: 386f7de1 ($152.34 in chips)
Seat 5: e64b8453 ($161.1 in chips)
Seat 4: 7055bd11 ($556.66 in chips)
Seat 6: 70cfe235 ($511.63 in chips)
Seat 1: Hero ($211.84 in chips)
Seat 2: 3117a056 ($789.37 in chips)
Seat 7: 78641c92 ($481.46 in chips)
3117a056: posts small blind $1
386f7de1: posts big blind $2
*** HOLE CARDS ***
Dealt to 386f7de1 
Dealt to e64b8453 
Dealt to 7055bd11 
Dealt to 70cfe235 
Dealt to Hero [4s 6c]
Dealt to 3117a056 
Dealt to 78641c92 
7055bd11: folds
e64b8453: calls $2
70cfe235: folds
78641c92: folds
Hero: folds
3117a056: folds
386f7de1: checks
*** FLOP *** [Ah 3h Qh]
386f7de1: checks
e64b8453: checks
*** TURN *** [Ah 3h Qh] [6d]
386f7de1: checks
e64b8453: checks
*** RIVER *** [Ah 3h Qh 6d] [As]
386f7de1: checks
e64b8453: checks
386f7de1: shows [5c 9d]
e64b8453: shows [Js 6s]
*** SHOWDOWN ***
e64b8453 collected $5 from pot
*** SUMMARY ***
Total pot $5
Board [Ah 3h Qh 6d As]
Seat 3: 386f7de1(big blind) showed [5c 9d] and lost with Pair of Aces
Seat 5: e64b8453 showed [Js 6s] and won ($5) with Pair of Aces and Pair of Sixes
Seat 4: 7055bd11 folded before Flop (didn't bet)
Seat 6: 70cfe235 folded before Flop (didn't bet)
Seat 1: Hero folded before Flop (didn't bet)
Seat 2: 3117a056(small blind) folded before Flop
Seat 7: 78641c92 folded before Flop (didn't bet)



Poker Hand #ring_826433639: NLH No Limit ($1/$2) - 2025/04/16 17:24:24
Table 'MR NLH 1/2' 7-max Seat #7 is the button
Seat 3: 386f7de1 ($152.34 in chips)
Seat 5: e64b8453 ($176 in chips)
Seat 4: 7055bd11 ($556.66 in chips)
Seat 6: 70cfe235 ($511.63 in chips)
Seat 1: Hero ($194 in chips)
Seat 2: 3117a056 ($794.37 in chips)
Seat 7: 78641c92 ($481.46 in chips)
Hero: posts small blind $1
3117a056: posts big blind $2
*** HOLE CARDS ***
Dealt to 386f7de1 
Dealt to e64b8453 
Dealt to 7055bd11 
Dealt to 70cfe235 
Dealt to Hero [Ks Tc]
Dealt to 3117a056 
Dealt to 78641c92 
386f7de1: folds
7055bd11: folds
e64b8453: calls $2
70cfe235: folds
78641c92: folds
Hero: calls $1
3117a056: checks
*** FLOP *** [Qs Ts 7s]
Hero: checks
3117a056: bets $3
e64b8453: calls $3
Hero: calls $3
*** TURN *** [Qs Ts 7s] [6h]
Hero: checks
3117a056: checks
e64b8453: bets $9.9
Hero: calls $9.9
3117a056: folds
*** RIVER *** [Qs Ts 7s 6h] [6s]
Hero: checks
e64b8453: checks
Hero: shows [Ks Tc]
e64b8453: shows [5s 4s]
*** SHOWDOWN ***
Hero collected $34.8 from pot
*** SUMMARY ***
Total pot $34.8
Board [Qs Ts 7s 6h 6s]
Seat 3: 386f7de1 folded before Flop (didn't bet)
Seat 5: e64b8453 showed [5s 4s] and lost with Queen High Flush
Seat 4: 7055bd11 folded before Flop (didn't bet)
Seat 6: 70cfe235 folded before Flop (didn't bet)
Seat 1: Hero(small blind) showed [Ks Tc] and won ($34.8) with King High Flush
Seat 2: 3117a056(big blind) folded on the Turn
Seat 7: 78641c92 folded before Flop (didn't bet)



Poker Hand #ring_826432545: NLH No Limit ($1/$2) - 2025/04/16 17:23:34
Table 'MR NLH 1/2' 7-max Seat #6 is the button
Seat 3: 386f7de1 ($154.34 in chips)
Seat 5: e64b8453 ($176 in chips)
Seat 4: 7055bd11 ($556.66 in chips)
Seat 6: 70cfe235 ($521.63 in chips)
Seat 1: Hero ($196 in chips)
Seat 2: 3117a056 ($794.37 in chips)
Seat 7: 78641c92 ($467.46 in chips)
78641c92: posts small blind $1
Hero: posts big blind $2
*** HOLE CARDS ***
Dealt to 386f7de1 
Dealt to e64b8453 
Dealt to 7055bd11 
Dealt to 70cfe235 
Dealt to Hero [2d 6d]
Dealt to 3117a056 
Dealt to 78641c92 
3117a056: folds
386f7de1: calls $2
7055bd11: folds
e64b8453: folds
70cfe235: raises $8 to $10
78641c92: raises $30 to $40
Hero: folds
386f7de1: folds
70cfe235: folds
Uncalled bet ($30) returned to 78641c92
*** SHOWDOWN ***
78641c92 collected $24 from pot
*** SUMMARY ***
Total pot $24
Seat 3: 386f7de1 folded before Flop
Seat 5: e64b8453 folded before Flop (didn't bet)
Seat 4: 7055bd11 folded before Flop (didn't bet)
Seat 6: 70cfe235 folded before Flop
Seat 1: Hero(big blind) folded before Flop
Seat 2: 3117a056 folded before Flop (didn't bet)
Seat 7: 78641c92(small blind)won ($24)



