Poker Hand #ring_840271255: NLH No Limit ($1/$2) - 2025/04/24 15:54:04
Table 'MR NLH 1/2' 7-max Seat #0 is the button
Seat 2: 6b4702d ($226.64 in chips)
Seat 1: 3542a893 ($51.15 in chips)
Seat 5: 6ea56cab ($541.32 in chips)
Seat 6: 5a3ca007 ($549.51 in chips)
Seat 7: Hero ($982.22 in chips)
6ea56cab: posts small blind $1
5a3ca007: posts big blind $2
*** HOLE CARDS ***
Dealt to 6b4702d 
Dealt to 3542a893 
Dealt to 6ea56cab 
Dealt to 5a3ca007 
Dealt to Hero [6s 8c]
Hero: folds
3542a893: folds
6b4702d: raises $4 to $6
6ea56cab: folds
5a3ca007: folds
Uncalled bet ($4) returned to 6b4702d
*** SHOWDOWN ***
6b4702d collected $5 from pot
*** SUMMARY ***
Total pot $5
Seat 2: 6b4702dwon ($5)
Seat 1: 3542a893 folded before Flop (didn't bet)
Seat 5: 6ea56cab(small blind) folded before Flop
Seat 6: 5a3ca007(big blind) folded before Flop
Seat 7: Hero folded before Flop (didn't bet)



Poker Hand #ring_840270776: NLH No Limit ($1/$2) - 2025/04/24 15:53:39
Table 'MR NLH 1/2' 7-max Seat #2 is the button
Seat 2: 6b4702d ($226.64 in chips)
Seat 1: 3542a893 ($51.15 in chips)
Seat 5: 6ea56cab ($541.32 in chips)
Seat 6: 5a3ca007 ($549.51 in chips)
Seat 7: Hero ($982.22 in chips)
6ea56cab: posts big blind $2
*** HOLE CARDS ***
Dealt to 6b4702d 
Dealt to 3542a893 
Dealt to 6ea56cab 
Dealt to 5a3ca007 
Dealt to Hero [9h Js]
5a3ca007: folds
Hero: folds
3542a893: folds
6b4702d: folds
Uncalled bet ($2) returned to 6ea56cab
*** SHOWDOWN ***
6ea56cab collected $0 from pot
*** SUMMARY ***
Total pot $0
Seat 2: 6b4702d folded before Flop (didn't bet)
Seat 1: 3542a893 folded before Flop (didn't bet)
Seat 5: 6ea56cab(big blind)lost
Seat 6: 5a3ca007 folded before Flop (didn't bet)
Seat 7: Hero folded before Flop (didn't bet)



Poker Hand #ring_840270065: NLH No Limit ($1/$2) - 2025/04/24 15:53:01
Table 'MR NLH 1/2' 7-max Seat #1 is the button
Seat 2: 6b4702d ($227.64 in chips)
Seat 1: 3542a893 ($48.15 in chips)
Seat 5: 6ea56cab ($541.32 in chips)
Seat 6: 5a3ca007 ($549.51 in chips)
Seat 4: fb93b805 ($693.55 in chips)
Seat 7: Hero ($982.22 in chips)
6b4702d: posts small blind $1
fb93b805: posts big blind $2
*** HOLE CARDS ***
Dealt to 6b4702d 
Dealt to 3542a893 
Dealt to 6ea56cab 
Dealt to 5a3ca007 
Dealt to fb93b805 
Dealt to Hero [5s 8h]
6ea56cab: folds
5a3ca007: folds
Hero: folds
3542a893: raises $6 to $8
6b4702d: folds
fb93b805: folds
Uncalled bet ($6) returned to 3542a893
*** SHOWDOWN ***
3542a893 collected $5 from pot
*** SUMMARY ***
Total pot $5
Seat 2: 6b4702d(small blind) folded before Flop
Seat 1: 3542a893won ($5)
Seat 5: 6ea56cab folded before Flop (didn't bet)
Seat 6: 5a3ca007 folded before Flop (didn't bet)
Seat 4: fb93b805(big blind) folded before Flop
Seat 7: Hero folded before Flop (didn't bet)



Poker Hand #ring_840268434: NLH No Limit ($1/$2) - 2025/04/24 15:51:33
Table 'MR NLH 1/2' 7-max Seat #7 is the button
Seat 2: 6b4702d ($243.52 in chips)
Seat 1: 3542a893 ($52.15 in chips)
Seat 5: 6ea56cab ($541.32 in chips)
Seat 6: 5a3ca007 ($553.51 in chips)
Seat 7: Hero ($960.62 in chips)
Seat 3: b1b089eb ($213.33 in chips)
3542a893: posts small blind $1
6b4702d: posts big blind $2
*** HOLE CARDS ***
Dealt to 6b4702d 
Dealt to 3542a893 
Dealt to 6ea56cab 
Dealt to 5a3ca007 
Dealt to Hero [4s Ks]
Dealt to b1b089eb 
b1b089eb: folds
6ea56cab: folds
5a3ca007: raises $2 to $4
Hero: calls $4
3542a893: calls $3
6b4702d: calls $2
*** FLOP *** [Qs Ad Ts]
3542a893: checks
6b4702d: checks
5a3ca007: checks
Hero: checks
*** TURN *** [Qs Ad Ts] [5s]
3542a893: checks
6b4702d: bets $5.28
5a3ca007: folds
Hero: calls $5.28
3542a893: folds
*** RIVER *** [Qs Ad Ts 5s] [9d]
6b4702d: checks
Hero: bets $6.6
6b4702d: calls $6.6
6b4702d: shows [Td Js]
Hero: shows [4s Ks]
*** SHOWDOWN ***
Hero collected $39.76 from pot
*** SUMMARY ***
Total pot $39.76
Board [Qs Ad Ts 5s 9d]
Seat 2: 6b4702d(big blind) showed [Td Js] and lost with Pair of Tens
Seat 1: 3542a893(small blind) folded on the Turn
Seat 5: 6ea56cab folded before Flop (didn't bet)
Seat 6: 5a3ca007 folded on the Turn
Seat 7: Hero showed [4s Ks] and won ($39.76) with King High Flush
Seat 3: b1b089eb folded before Flop (didn't bet)



Poker Hand #ring_840267551: NLH No Limit ($1/$2) - 2025/04/24 15:50:48
Table 'MR NLH 1/2' 7-max Seat #6 is the button
Seat 1: 3542a893 ($56.15 in chips)
Seat 5: 6ea56cab ($541.32 in chips)
Seat 6: 5a3ca007 ($546.05 in chips)
Seat 7: Hero ($964.62 in chips)
Seat 3: b1b089eb ($213.33 in chips)
Hero: posts small blind $1
3542a893: posts big blind $2
*** HOLE CARDS ***
Dealt to 3542a893 
Dealt to 6ea56cab 
Dealt to 5a3ca007 
Dealt to Hero [Jc Qh]
Dealt to b1b089eb 
b1b089eb: folds
6ea56cab: folds
5a3ca007: raises $2 to $4
Hero: calls $3
3542a893: calls $2
*** FLOP *** [Ts 6s 2s]
Hero: checks
3542a893: checks
5a3ca007: bets $9
Hero: folds
3542a893: folds
Uncalled bet ($9) returned to 5a3ca007
*** SHOWDOWN ***
5a3ca007 collected $12 from pot
*** SUMMARY ***
Total pot $12
Board [Ts 6s 2s]
Seat 1: 3542a893(big blind) folded on the Flop
Seat 5: 6ea56cab folded before Flop (didn't bet)
Seat 6: 5a3ca007won ($12) with Jack-High
Seat 7: Hero(small blind) folded on the Flop
Seat 3: b1b089eb folded before Flop (didn't bet)



Poker Hand #ring_840266060: NLH No Limit ($1/$2) - 2025/04/24 15:49:26
Table 'MR NLH 1/2' 7-max Seat #5 is the button
Seat 1: 3542a893 ($56.15 in chips)
Seat 5: 6ea56cab ($553.82 in chips)
Seat 6: 5a3ca007 ($547.05 in chips)
Seat 7: Hero ($952.79 in chips)
Seat 3: b1b089eb ($213.33 in chips)
5a3ca007: posts small blind $1
Hero: posts big blind $2
*** HOLE CARDS ***
Dealt to 3542a893 
Dealt to 6ea56cab 
Dealt to 5a3ca007 
Dealt to Hero [Js 8c]
Dealt to b1b089eb 
3542a893: folds
b1b089eb: folds
6ea56cab: raises $4 to $6
5a3ca007: folds
Hero: calls $4
*** FLOP *** [Ac 7s Kc]
Hero: checks
6ea56cab: checks
*** TURN *** [Ac 7s Kc] [Ts]
Hero: checks
6ea56cab: bets $6.5
Hero: calls $6.5
*** RIVER *** [Ac 7s Kc Ts] [8h]
Hero: bets $7.8
6ea56cab: folds
Uncalled bet ($7.8) returned to Hero
*** SHOWDOWN ***
Hero collected $26 from pot
*** SUMMARY ***
Total pot $26
Board [Ac 7s Kc Ts 8h]
Seat 1: 3542a893 folded before Flop (didn't bet)
Seat 5: 6ea56cab folded on the River
Seat 6: 5a3ca007(small blind) folded before Flop
Seat 7: Hero(big blind)won ($26) with Pair of Eights
Seat 3: b1b089eb folded before Flop (didn't bet)



Poker Hand #ring_840264957: NLH No Limit ($1/$2) - 2025/04/24 15:48:25
Table 'MR NLH 1/2' 7-max Seat #3 is the button
Seat 1: 3542a893 ($56.15 in chips)
Seat 5: 6ea56cab ($554.82 in chips)
Seat 6: 5a3ca007 ($580.35 in chips)
Seat 7: Hero ($922.03 in chips)
Seat 3: b1b089eb ($213.33 in chips)
6ea56cab: posts small blind $1
5a3ca007: posts big blind $2
*** HOLE CARDS ***
Dealt to 3542a893 
Dealt to 6ea56cab 
Dealt to 5a3ca007 
Dealt to Hero [3c 3s]
Dealt to b1b089eb 
Hero: raises $4 to $6
3542a893: folds
b1b089eb: folds
6ea56cab: folds
5a3ca007: calls $4
*** FLOP *** [9s Kc 6c]
5a3ca007: checks
Hero: checks
*** TURN *** [9s Kc 6c] [3h]
5a3ca007: checks
Hero: bets $6.5
5a3ca007: calls $6.5
*** RIVER *** [9s Kc 6c 3h] [4h]
5a3ca007: checks
Hero: bets $20.8
5a3ca007: calls $20.8
5a3ca007: shows [Jd Jh]
Hero: shows [3c 3s]
*** SHOWDOWN ***
Hero collected $67.6 from pot
*** SUMMARY ***
Total pot $67.6
Board [9s Kc 6c 3h 4h]
Seat 1: 3542a893 folded before Flop (didn't bet)
Seat 5: 6ea56cab(small blind) folded before Flop
Seat 6: 5a3ca007(big blind) showed [Jd Jh] and lost with Pair of Jacks
Seat 7: Hero showed [3c 3s] and won ($67.6) with Three Treys
Seat 3: b1b089eb folded before Flop (didn't bet)



Poker Hand #ring_840264635: NLH No Limit ($1/$2) - 2025/04/24 15:48:09
Table 'MR NLH 1/2' 7-max Seat #1 is the button
Seat 1: 3542a893 ($56.15 in chips)
Seat 5: 6ea56cab ($556.82 in chips)
Seat 6: 5a3ca007 ($577.35 in chips)
Seat 7: Hero ($922.03 in chips)
Seat 3: b1b089eb ($214.33 in chips)
b1b089eb: posts small blind $1
6ea56cab: posts big blind $2
*** HOLE CARDS ***
Dealt to 3542a893 
Dealt to 6ea56cab 
Dealt to 5a3ca007 
Dealt to Hero [5d Jh]
Dealt to b1b089eb 
5a3ca007: raises $2 to $4
Hero: folds
3542a893: folds
b1b089eb: folds
6ea56cab: folds
Uncalled bet ($2) returned to 5a3ca007
*** SHOWDOWN ***
5a3ca007 collected $5 from pot
*** SUMMARY ***
Total pot $5
Seat 1: 3542a893 folded before Flop (didn't bet)
Seat 5: 6ea56cab(big blind) folded before Flop
Seat 6: 5a3ca007won ($5)
Seat 7: Hero folded before Flop (didn't bet)
Seat 3: b1b089eb(small blind) folded before Flop



Poker Hand #ring_840262888: NLH No Limit ($1/$2) - 2025/04/24 15:46:31
Table 'MR NLH 1/2' 7-max Seat #7 is the button
Seat 1: 3542a893 ($57.15 in chips)
Seat 5: 6ea56cab ($556.82 in chips)
Seat 6: 5a3ca007 ($497.18 in chips)
Seat 7: Hero ($1,007.53 in chips)
Seat 3: b1b089eb ($216.33 in chips)
3542a893: posts small blind $1
b1b089eb: posts big blind $2
*** HOLE CARDS ***
Dealt to 3542a893 
Dealt to 6ea56cab 
Dealt to 5a3ca007 
Dealt to Hero [3d 3h]
Dealt to b1b089eb 
6ea56cab: folds
5a3ca007: raises $2 to $4
Hero: calls $4
3542a893: folds
b1b089eb: folds
*** FLOP *** [3s As 6h]
5a3ca007: checks
Hero: bets $5.5
5a3ca007: calls $5.5
*** TURN *** [3s As 6h] [Kh]
5a3ca007: checks
Hero: bets $30
5a3ca007: calls $30
*** RIVER *** [3s As 6h Kh] [9s]
5a3ca007: bets $46
Hero: calls $46
5a3ca007: shows [7s 8s]
Hero: shows [3d 3h]
*** SHOWDOWN ***
5a3ca007 collected $174 from pot
*** SUMMARY ***
Total pot $174
Board [3s As 6h Kh 9s]
Seat 1: 3542a893(small blind) folded before Flop
Seat 5: 6ea56cab folded before Flop (didn't bet)
Seat 6: 5a3ca007 showed [7s 8s] and won ($174) with Ace High Flush
Seat 7: Hero showed [3d 3h] and lost with Three Treys
Seat 3: b1b089eb(big blind) folded before Flop



Poker Hand #ring_840262472: NLH No Limit ($1/$2) - 2025/04/24 15:46:08
Table 'MR NLH 1/2' 7-max Seat #6 is the button
Seat 1: 3542a893 ($59.15 in chips)
Seat 5: 6ea56cab ($556.82 in chips)
Seat 6: 5a3ca007 ($497.18 in chips)
Seat 7: Hero ($1,008.53 in chips)
Seat 3: b1b089eb ($213.33 in chips)
Hero: posts small blind $1
3542a893: posts big blind $2
*** HOLE CARDS ***
Dealt to 3542a893 
Dealt to 6ea56cab 
Dealt to 5a3ca007 
Dealt to Hero [3c Ad]
Dealt to b1b089eb 
b1b089eb: raises $3 to $5
6ea56cab: folds
5a3ca007: folds
Hero: folds
3542a893: folds
Uncalled bet ($3) returned to b1b089eb
*** SHOWDOWN ***
b1b089eb collected $5 from pot
*** SUMMARY ***
Total pot $5
Seat 1: 3542a893(big blind) folded before Flop
Seat 5: 6ea56cab folded before Flop (didn't bet)
Seat 6: 5a3ca007 folded before Flop (didn't bet)
Seat 7: Hero(small blind) folded before Flop
Seat 3: b1b089ebwon ($5)



Poker Hand #ring_840261958: NLH No Limit ($1/$2) - 2025/04/24 15:45:40
Table 'MR NLH 1/2' 7-max Seat #5 is the button
Seat 1: 3542a893 ($59.15 in chips)
Seat 5: 6ea56cab ($556.82 in chips)
Seat 6: 5a3ca007 ($498.18 in chips)
Seat 7: Hero ($1,007.53 in chips)
Seat 3: b1b089eb ($213.33 in chips)
5a3ca007: posts small blind $1
Hero: posts big blind $2
*** HOLE CARDS ***
Dealt to 3542a893 
Dealt to 6ea56cab 
Dealt to 5a3ca007 
Dealt to Hero [Jd Qh]
Dealt to b1b089eb 
3542a893: folds
b1b089eb: folds
6ea56cab: folds
5a3ca007: folds
*** SHOWDOWN ***
Hero collected $3 from pot
*** SUMMARY ***
Total pot $3
Seat 1: 3542a893 folded before Flop (didn't bet)
Seat 5: 6ea56cab folded before Flop (didn't bet)
Seat 6: 5a3ca007(small blind) folded before Flop
Seat 7: Hero(big blind)won ($3)
Seat 3: b1b089eb folded before Flop (didn't bet)



Poker Hand #ring_840260462: NLH No Limit ($1/$2) - 2025/04/24 15:44:18
Table 'MR NLH 1/2' 7-max Seat #3 is the button
Seat 1: 3542a893 ($75.07 in chips)
Seat 5: 6ea56cab ($564.82 in chips)
Seat 6: 5a3ca007 ($476.55 in chips)
Seat 7: Hero ($1,007.53 in chips)
Seat 3: b1b089eb ($213.33 in chips)
6ea56cab: posts small blind $1
5a3ca007: posts big blind $2
*** HOLE CARDS ***
Dealt to 3542a893 
Dealt to 6ea56cab 
Dealt to 5a3ca007 
Dealt to Hero [6d 7s]
Dealt to b1b089eb 
Hero: folds
3542a893: calls $2
b1b089eb: folds
6ea56cab: calls $1
5a3ca007: raises $6 to $8
3542a893: calls $6
6ea56cab: calls $6
*** FLOP *** [Ac Qs 5s]
6ea56cab: checks
5a3ca007: bets $7.92
3542a893: calls $7.92
6ea56cab: folds
*** TURN *** [Ac Qs 5s] [8s]
5a3ca007: bets $118
3542a893: folds
Uncalled bet ($118) returned to 5a3ca007
*** SHOWDOWN ***
5a3ca007 collected $39.84 from pot
*** SUMMARY ***
Total pot $39.84
Board [Ac Qs 5s 8s]
Seat 1: 3542a893 folded on the Turn
Seat 5: 6ea56cab(small blind) folded on the Flop
Seat 6: 5a3ca007(big blind)won ($39.84) with Three Fives
Seat 7: Hero folded before Flop (didn't bet)
Seat 3: b1b089eb folded before Flop (didn't bet)



Poker Hand #ring_840259829: NLH No Limit ($1/$2) - 2025/04/24 15:43:43
Table 'MR NLH 1/2' 7-max Seat #1 is the button
Seat 1: 3542a893 ($77.07 in chips)
Seat 5: 6ea56cab ($566.82 in chips)
Seat 6: 5a3ca007 ($476.55 in chips)
Seat 7: Hero ($1,007.53 in chips)
Seat 3: b1b089eb ($209.6 in chips)
b1b089eb: posts small blind $1
6ea56cab: posts big blind $2
*** HOLE CARDS ***
Dealt to 3542a893 
Dealt to 6ea56cab 
Dealt to 5a3ca007 
Dealt to Hero [5d 9s]
Dealt to b1b089eb 
5a3ca007: folds
Hero: folds
3542a893: calls $2
b1b089eb: calls $1
6ea56cab: checks
*** FLOP *** [2s Jh 3c]
b1b089eb: checks
6ea56cab: checks
3542a893: checks
*** TURN *** [2s Jh 3c] [3d]
b1b089eb: bets $3
6ea56cab: folds
3542a893: folds
Uncalled bet ($3) returned to b1b089eb
*** SHOWDOWN ***
b1b089eb collected $6 from pot
*** SUMMARY ***
Total pot $6
Board [2s Jh 3c 3d]
Seat 1: 3542a893 folded on the Turn
Seat 5: 6ea56cab(big blind) folded on the Turn
Seat 6: 5a3ca007 folded before Flop (didn't bet)
Seat 7: Hero folded before Flop (didn't bet)
Seat 3: b1b089eb(small blind)won ($6) with Pair of Treys



Poker Hand #ring_840258797: NLH No Limit ($1/$2) - 2025/04/24 15:42:47
Table 'MR NLH 1/2' 7-max Seat #7 is the button
Seat 1: 3542a893 ($87.07 in chips)
Seat 5: 6ea56cab ($566.82 in chips)
Seat 6: 5a3ca007 ($476.55 in chips)
Seat 7: Hero ($1,007.53 in chips)
Seat 3: b1b089eb ($201 in chips)
3542a893: posts small blind $1
b1b089eb: posts big blind $2
*** HOLE CARDS ***
Dealt to 3542a893 
Dealt to 6ea56cab 
Dealt to 5a3ca007 
Dealt to Hero [2c Jc]
Dealt to b1b089eb 
6ea56cab: folds
5a3ca007: folds
Hero: folds
3542a893: calls $1
b1b089eb: checks
*** FLOP *** [Qs 7h 9s]
3542a893: checks
b1b089eb: bets $2
3542a893: calls $2
*** TURN *** [Qs 7h 9s] [6h]
3542a893: checks
b1b089eb: bets $6
3542a893: calls $6
*** RIVER *** [Qs 7h 9s 6h] [Qd]
3542a893: checks
b1b089eb: bets $15
3542a893: folds
Uncalled bet ($15) returned to b1b089eb
*** SHOWDOWN ***
b1b089eb collected $20 from pot
*** SUMMARY ***
Total pot $20
Board [Qs 7h 9s 6h Qd]
Seat 1: 3542a893(small blind) folded on the River
Seat 5: 6ea56cab folded before Flop (didn't bet)
Seat 6: 5a3ca007 folded before Flop (didn't bet)
Seat 7: Hero folded before Flop (didn't bet)
Seat 3: b1b089eb(big blind)won ($20) with Queens Full over Sixes



Poker Hand #ring_840258069: NLH No Limit ($1/$2) - 2025/04/24 15:42:08
Table 'MR NLH 1/2' 7-max Seat #6 is the button
Seat 1: 3542a893 ($89.07 in chips)
Seat 5: 6ea56cab ($566.82 in chips)
Seat 6: 5a3ca007 ($476.55 in chips)
Seat 7: Hero ($1,008.53 in chips)
Seat 3: b1b089eb ($198 in chips)
Hero: posts small blind $1
3542a893: posts big blind $2
*** HOLE CARDS ***
Dealt to 3542a893 
Dealt to 6ea56cab 
Dealt to 5a3ca007 
Dealt to Hero [Tc 5h]
Dealt to b1b089eb 
b1b089eb: raises $3 to $5
6ea56cab: folds
5a3ca007: folds
Hero: folds
3542a893: folds
Uncalled bet ($3) returned to b1b089eb
*** SHOWDOWN ***
b1b089eb collected $5 from pot
*** SUMMARY ***
Total pot $5
Seat 1: 3542a893(big blind) folded before Flop
Seat 5: 6ea56cab folded before Flop (didn't bet)
Seat 6: 5a3ca007 folded before Flop (didn't bet)
Seat 7: Hero(small blind) folded before Flop
Seat 3: b1b089ebwon ($5)



Poker Hand #ring_840257543: NLH No Limit ($1/$2) - 2025/04/24 15:41:39
Table 'MR NLH 1/2' 7-max Seat #5 is the button
Seat 1: 3542a893 ($89.07 in chips)
Seat 5: 6ea56cab ($566.82 in chips)
Seat 6: 5a3ca007 ($477.55 in chips)
Seat 7: Hero ($1,010.53 in chips)
Seat 3: b1b089eb ($195 in chips)
5a3ca007: posts small blind $1
Hero: posts big blind $2
*** HOLE CARDS ***
Dealt to 3542a893 
Dealt to 6ea56cab 
Dealt to 5a3ca007 
Dealt to Hero [9c 5s]
Dealt to b1b089eb 
3542a893: folds
b1b089eb: raises $3 to $5
6ea56cab: folds
5a3ca007: folds
Hero: folds
Uncalled bet ($3) returned to b1b089eb
*** SHOWDOWN ***
b1b089eb collected $5 from pot
*** SUMMARY ***
Total pot $5
Seat 1: 3542a893 folded before Flop (didn't bet)
Seat 5: 6ea56cab folded before Flop (didn't bet)
Seat 6: 5a3ca007(small blind) folded before Flop
Seat 7: Hero(big blind) folded before Flop
Seat 3: b1b089ebwon ($5)



Poker Hand #ring_840256873: NLH No Limit ($1/$2) - 2025/04/24 15:41:01
Table 'MR NLH 1/2' 7-max Seat #3 is the button
Seat 1: 3542a893 ($91.07 in chips)
Seat 5: 6ea56cab ($567.82 in chips)
Seat 6: 5a3ca007 ($474.77 in chips)
Seat 7: Hero ($1,010.53 in chips)
Seat 3: b1b089eb ($195 in chips)
6ea56cab: posts small blind $1
5a3ca007: posts big blind $2
*** HOLE CARDS ***
Dealt to 3542a893 
Dealt to 6ea56cab 
Dealt to 5a3ca007 
Dealt to Hero [5h 8s]
Dealt to b1b089eb 
Hero: folds
3542a893: calls $2
b1b089eb: folds
6ea56cab: folds
5a3ca007: checks
*** FLOP *** [Kd 3c Td]
5a3ca007: checks
3542a893: checks
*** TURN *** [Kd 3c Td] [9c]
5a3ca007: checks
3542a893: checks
*** RIVER *** [Kd 3c Td 9c] [2s]
5a3ca007: checks
3542a893: checks
3542a893: shows [3h Js]
5a3ca007: shows [Ts 7h]
*** SHOWDOWN ***
5a3ca007 collected $5 from pot
*** SUMMARY ***
Total pot $5
Board [Kd 3c Td 9c 2s]
Seat 1: 3542a893 showed [3h Js] and lost with Pair of Treys
Seat 5: 6ea56cab(small blind) folded before Flop
Seat 6: 5a3ca007(big blind) showed [Ts 7h] and won ($5) with Pair of Tens
Seat 7: Hero folded before Flop (didn't bet)
Seat 3: b1b089eb folded before Flop (didn't bet)



Poker Hand #ring_840255805: NLH No Limit ($1/$2) - 2025/04/24 15:40:02
Table 'MR NLH 1/2' 7-max Seat #1 is the button
Seat 1: 3542a893 ($125.85 in chips)
Seat 5: 6ea56cab ($535.71 in chips)
Seat 6: 5a3ca007 ($474.77 in chips)
Seat 7: Hero ($1,010.53 in chips)
Seat 3: b1b089eb ($196 in chips)
b1b089eb: posts small blind $1
6ea56cab: posts big blind $2
*** HOLE CARDS ***
Dealt to 3542a893 
Dealt to 6ea56cab 
Dealt to 5a3ca007 
Dealt to Hero [6s 3d]
Dealt to b1b089eb 
5a3ca007: folds
Hero: folds
3542a893: calls $2
b1b089eb: folds
6ea56cab: raises $6 to $8
3542a893: calls $6
*** FLOP *** [4c 9d 3s]
6ea56cab: bets $5.61
3542a893: calls $5.61
*** TURN *** [4c 9d 3s] [Qc]
6ea56cab: bets $21.17
3542a893: calls $21.17
*** RIVER *** [4c 9d 3s Qc] [5s]
6ea56cab: bets $93.85
3542a893: folds
Uncalled bet ($93.85) returned to 6ea56cab
6ea56cab: shows [8h 7h]
*** SHOWDOWN ***
6ea56cab collected $70.56 from pot
*** SUMMARY ***
Total pot $70.56
Board [4c 9d 3s Qc 5s]
Seat 1: 3542a893 folded on the River
Seat 5: 6ea56cab(big blind) showed [8h 7h] and won ($70.56) with Queen-High
Seat 6: 5a3ca007 folded before Flop (didn't bet)
Seat 7: Hero folded before Flop (didn't bet)
Seat 3: b1b089eb(small blind) folded before Flop



Poker Hand #ring_840255088: NLH No Limit ($1/$2) - 2025/04/24 15:39:22
Table 'MR NLH 1/2' 7-max Seat #7 is the button
Seat 4: 3afeae2d ($390 in chips)
Seat 1: 3542a893 ($126.85 in chips)
Seat 5: 6ea56cab ($532.71 in chips)
Seat 6: 5a3ca007 ($474.77 in chips)
Seat 7: Hero ($1,010.53 in chips)
Seat 3: b1b089eb ($198 in chips)
3542a893: posts small blind $1
b1b089eb: posts big blind $2
*** HOLE CARDS ***
Dealt to 3afeae2d 
Dealt to 3542a893 
Dealt to 6ea56cab 
Dealt to 5a3ca007 
Dealt to Hero [As 4c]
Dealt to b1b089eb 
3afeae2d: folds
6ea56cab: raises $4 to $6
5a3ca007: folds
Hero: folds
3542a893: folds
b1b089eb: folds
Uncalled bet ($4) returned to 6ea56cab
*** SHOWDOWN ***
6ea56cab collected $5 from pot
*** SUMMARY ***
Total pot $5
Seat 4: 3afeae2d folded before Flop (didn't bet)
Seat 1: 3542a893(small blind) folded before Flop
Seat 5: 6ea56cabwon ($5)
Seat 6: 5a3ca007 folded before Flop (didn't bet)
Seat 7: Hero folded before Flop (didn't bet)
Seat 3: b1b089eb(big blind) folded before Flop



Poker Hand #ring_840254407: NLH No Limit ($1/$2) - 2025/04/24 15:38:43
Table 'MR NLH 1/2' 7-max Seat #6 is the button
Seat 4: 3afeae2d ($390 in chips)
Seat 1: 3542a893 ($119.85 in chips)
Seat 5: 6ea56cab ($538.71 in chips)
Seat 6: 5a3ca007 ($474.77 in chips)
Seat 7: Hero ($1,011.53 in chips)
Seat 3: b1b089eb ($198 in chips)
Hero: posts small blind $1
3542a893: posts big blind $2
*** HOLE CARDS ***
Dealt to 3afeae2d 
Dealt to 3542a893 
Dealt to 6ea56cab 
Dealt to 5a3ca007 
Dealt to Hero [8c Qs]
Dealt to b1b089eb 
b1b089eb: folds
3afeae2d: folds
6ea56cab: raises $4 to $6
5a3ca007: folds
Hero: folds
3542a893: raises $13 to $19
6ea56cab: folds
Uncalled bet ($13) returned to 3542a893
*** SHOWDOWN ***
3542a893 collected $13 from pot
*** SUMMARY ***
Total pot $13
Seat 4: 3afeae2d folded before Flop (didn't bet)
Seat 1: 3542a893(big blind)won ($13)
Seat 5: 6ea56cab folded before Flop
Seat 6: 5a3ca007 folded before Flop (didn't bet)
Seat 7: Hero(small blind) folded before Flop
Seat 3: b1b089eb folded before Flop (didn't bet)



Poker Hand #ring_840254105: NLH No Limit ($1/$2) - 2025/04/24 15:38:26
Table 'MR NLH 1/2' 7-max Seat #5 is the button
Seat 4: 3afeae2d ($390 in chips)
Seat 1: 3542a893 ($119.85 in chips)
Seat 5: 6ea56cab ($535.71 in chips)
Seat 6: 5a3ca007 ($475.77 in chips)
Seat 7: Hero ($1,013.53 in chips)
Seat 3: b1b089eb ($198 in chips)
5a3ca007: posts small blind $1
Hero: posts big blind $2
*** HOLE CARDS ***
Dealt to 3afeae2d 
Dealt to 3542a893 
Dealt to 6ea56cab 
Dealt to 5a3ca007 
Dealt to Hero [8h 3c]
Dealt to b1b089eb 
3542a893: folds
b1b089eb: folds
3afeae2d: folds
6ea56cab: raises $4 to $6
5a3ca007: folds
Hero: folds
Uncalled bet ($4) returned to 6ea56cab
*** SHOWDOWN ***
6ea56cab collected $5 from pot
*** SUMMARY ***
Total pot $5
Seat 4: 3afeae2d folded before Flop (didn't bet)
Seat 1: 3542a893 folded before Flop (didn't bet)
Seat 5: 6ea56cabwon ($5)
Seat 6: 5a3ca007(small blind) folded before Flop
Seat 7: Hero(big blind) folded before Flop
Seat 3: b1b089eb folded before Flop (didn't bet)



Poker Hand #ring_840253625: NLH No Limit ($1/$2) - 2025/04/24 15:37:59
Table 'MR NLH 1/2' 7-max Seat #4 is the button
Seat 4: 3afeae2d ($390 in chips)
Seat 1: 3542a893 ($119.85 in chips)
Seat 5: 6ea56cab ($536.71 in chips)
Seat 6: 5a3ca007 ($477.77 in chips)
Seat 7: Hero ($1,008.53 in chips)
Seat 2: 2a565488 ($379.15 in chips)
Seat 3: b1b089eb ($200 in chips)
6ea56cab: posts small blind $1
5a3ca007: posts big blind $2
b1b089eb: posts big blind $2
*** HOLE CARDS ***
Dealt to 3afeae2d 
Dealt to 3542a893 
Dealt to 6ea56cab 
Dealt to 5a3ca007 
Dealt to Hero [Qh Qc]
Dealt to 2a565488 
Dealt to b1b089eb 
Hero: raises $4 to $6
3542a893: folds
2a565488: folds
b1b089eb: folds
3afeae2d: folds
6ea56cab: folds
5a3ca007: folds
Uncalled bet ($4) returned to Hero
*** SHOWDOWN ***
Hero collected $7 from pot
*** SUMMARY ***
Total pot $7
Seat 4: 3afeae2d folded before Flop (didn't bet)
Seat 1: 3542a893 folded before Flop (didn't bet)
Seat 5: 6ea56cab(small blind) folded before Flop
Seat 6: 5a3ca007(big blind) folded before Flop
Seat 7: Herowon ($7)
Seat 2: 2a565488 folded before Flop (didn't bet)
Seat 3: b1b089eb folded before Flop



Poker Hand #ring_840252526: NLH No Limit ($1/$2) - 2025/04/24 15:36:57
Table 'MR NLH 1/2' 7-max Seat #2 is the button
Seat 4: 3afeae2d ($398 in chips)
Seat 1: 3542a893 ($91.69 in chips)
Seat 5: 6ea56cab ($538.71 in chips)
Seat 6: 5a3ca007 ($477.77 in chips)
Seat 7: Hero ($1,008.53 in chips)
Seat 2: 2a565488 ($400.15 in chips)
3afeae2d: posts small blind $1
6ea56cab: posts big blind $2
*** HOLE CARDS ***
Dealt to 3afeae2d 
Dealt to 3542a893 
Dealt to 6ea56cab 
Dealt to 5a3ca007 
Dealt to Hero [Th 3c]
Dealt to 2a565488 
5a3ca007: folds
Hero: folds
3542a893: raises $6 to $8
2a565488: calls $8
3afeae2d: calls $7
6ea56cab: folds
*** FLOP *** [Ks 9s 8s]
3afeae2d: checks
3542a893: bets $13
2a565488: calls $13
3afeae2d: folds
*** TURN *** [Ks 9s 8s] [Jh]
3542a893: checks
2a565488: checks
*** RIVER *** [Ks 9s 8s Jh] [Jc]
3542a893: checks
2a565488: checks
3542a893: shows [Qd Qc]
2a565488: shows [As 8d]
*** SHOWDOWN ***
3542a893 collected $52 from pot
*** SUMMARY ***
Total pot $52
Board [Ks 9s 8s Jh Jc]
Seat 4: 3afeae2d(small blind) folded on the Flop
Seat 1: 3542a893 showed [Qd Qc] and won ($52) with Pair of Queens and Pair of Jacks
Seat 5: 6ea56cab(big blind) folded before Flop
Seat 6: 5a3ca007 folded before Flop (didn't bet)
Seat 7: Hero folded before Flop (didn't bet)
Seat 2: 2a565488 showed [As 8d] and lost with Pair of Jacks and Pair of Eights



Poker Hand #ring_840251181: NLH No Limit ($1/$2) - 2025/04/24 15:35:40
Table 'MR NLH 1/2' 7-max Seat #1 is the button
Seat 4: 3afeae2d ($400 in chips)
Seat 1: 3542a893 ($91.69 in chips)
Seat 5: 6ea56cab ($538.71 in chips)
Seat 6: 5a3ca007 ($445.4 in chips)
Seat 7: Hero ($1,025.13 in chips)
Seat 2: 2a565488 ($416.75 in chips)
2a565488: posts small blind $1
3afeae2d: posts big blind $2
*** HOLE CARDS ***
Dealt to 3afeae2d 
Dealt to 3542a893 
Dealt to 6ea56cab 
Dealt to 5a3ca007 
Dealt to Hero [As Ts]
Dealt to 2a565488 
6ea56cab: folds
5a3ca007: raises $2 to $4
Hero: calls $4
3542a893: folds
2a565488: raises $12.6 to $16.6
3afeae2d: folds
5a3ca007: calls $12.6
Hero: calls $12.6
*** FLOP *** [4c 8s 9c]
2a565488: checks
5a3ca007: checks
Hero: checks
*** TURN *** [4c 8s 9c] [5d]
2a565488: checks
5a3ca007: bets $38.85
Hero: folds
2a565488: folds
Uncalled bet ($38.85) returned to 5a3ca007
*** SHOWDOWN ***
5a3ca007 collected $51.8 from pot
*** SUMMARY ***
Total pot $51.8
Board [4c 8s 9c 5d]
Seat 4: 3afeae2d(big blind) folded before Flop
Seat 1: 3542a893 folded before Flop (didn't bet)
Seat 5: 6ea56cab folded before Flop (didn't bet)
Seat 6: 5a3ca007won ($51.8) with Pair of Sevens
Seat 7: Hero folded on the Turn
Seat 2: 2a565488(small blind) folded on the Turn



Poker Hand #ring_840250728: NLH No Limit ($1/$2) - 2025/04/24 15:35:16
Table 'MR NLH 1/2' 7-max Seat #7 is the button
Seat 1: 3542a893 ($92.69 in chips)
Seat 3: 53447db0 ($153.88 in chips)
Seat 5: 6ea56cab ($538.71 in chips)
Seat 6: 5a3ca007 ($445.4 in chips)
Seat 7: Hero ($1,020.13 in chips)
Seat 2: 2a565488 ($418.75 in chips)
3542a893: posts small blind $1
2a565488: posts big blind $2
*** HOLE CARDS ***
Dealt to 3542a893 
Dealt to 53447db0 
Dealt to 6ea56cab 
Dealt to 5a3ca007 
Dealt to Hero [Ac 7c]
Dealt to 2a565488 
53447db0: calls $2
6ea56cab: folds
5a3ca007: folds
Hero: raises $4 to $6
3542a893: folds
2a565488: folds
53447db0: folds
Uncalled bet ($4) returned to Hero
*** SHOWDOWN ***
Hero collected $7 from pot
*** SUMMARY ***
Total pot $7
Seat 1: 3542a893(small blind) folded before Flop
Seat 3: 53447db0 folded before Flop
Seat 5: 6ea56cab folded before Flop (didn't bet)
Seat 6: 5a3ca007 folded before Flop (didn't bet)
Seat 7: Herowon ($7)
Seat 2: 2a565488(big blind) folded before Flop



Poker Hand #ring_840250050: NLH No Limit ($1/$2) - 2025/04/24 15:34:37
Table 'MR NLH 1/2' 7-max Seat #6 is the button
Seat 1: 3542a893 ($94.69 in chips)
Seat 3: 53447db0 ($175.18 in chips)
Seat 5: 6ea56cab ($538.71 in chips)
Seat 6: 5a3ca007 ($445.4 in chips)
Seat 7: Hero ($1,021.13 in chips)
Seat 2: 2a565488 ($397 in chips)
Hero: posts small blind $1
3542a893: posts big blind $2
*** HOLE CARDS ***
Dealt to 3542a893 
Dealt to 53447db0 
Dealt to 6ea56cab 
Dealt to 5a3ca007 
Dealt to Hero [Jh 3h]
Dealt to 2a565488 
2a565488: raises $6 to $8
53447db0: calls $8
6ea56cab: folds
5a3ca007: folds
Hero: folds
3542a893: folds
*** FLOP *** [7s 6s 3c]
2a565488: bets $13.3
53447db0: calls $13.3
*** TURN *** [7s 6s 3c] [Kh]
2a565488: checks
53447db0: checks
*** RIVER *** [7s 6s 3c Kh] [Tc]
2a565488: checks
53447db0: checks
2a565488: shows [7c Ac]
53447db0: shows [8s Qs]
*** SHOWDOWN ***
2a565488 collected $45.6 from pot
*** SUMMARY ***
Total pot $45.6
Board [7s 6s 3c Kh Tc]
Seat 1: 3542a893(big blind) folded before Flop
Seat 3: 53447db0 showed [8s Qs] and lost with King-High
Seat 5: 6ea56cab folded before Flop (didn't bet)
Seat 6: 5a3ca007 folded before Flop (didn't bet)
Seat 7: Hero(small blind) folded before Flop
Seat 2: 2a565488 showed [7c Ac] and won ($45.6) with Pair of Sevens



Poker Hand #ring_840248611: NLH No Limit ($1/$2) - 2025/04/24 15:33:13
Table 'MR NLH 1/2' 7-max Seat #5 is the button
Seat 1: 3542a893 ($94.69 in chips)
Seat 3: 53447db0 ($200.18 in chips)
Seat 5: 6ea56cab ($538.71 in chips)
Seat 6: 5a3ca007 ($286.23 in chips)
Seat 7: Hero ($1,023.13 in chips)
Seat 2: 2a565488 ($397 in chips)
Seat 4: 2abef547 ($147.12 in chips)
5a3ca007: posts small blind $1
Hero: posts big blind $2
*** HOLE CARDS ***
Dealt to 3542a893 
Dealt to 53447db0 
Dealt to 6ea56cab 
Dealt to 5a3ca007 
Dealt to Hero [Js Qd]
Dealt to 2a565488 
Dealt to 2abef547 
3542a893: folds
2a565488: folds
53447db0: calls $2
2abef547: raises $5 to $7
6ea56cab: folds
5a3ca007: raises $18 to $25
Hero: folds
53447db0: calls $23
2abef547: raises $122.12 to $147.12 and is all-in
5a3ca007: calls $122.12
53447db0: folds
2abef547: shows [Kc Ad]
5a3ca007: shows [8s 8h]
*** FLOP *** [7d 6s 9h]
*** TURN *** [7d 6s 9h] [5s]
*** RIVER *** [7d 6s 9h 5s] [5d]
*** SHOWDOWN ***
5a3ca007 collected $321.24 from pot
*** SUMMARY ***
Total pot $321.24
Board [7d 6s 9h 5s 5d]
Seat 1: 3542a893 folded before Flop (didn't bet)
Seat 3: 53447db0 folded before Flop
Seat 5: 6ea56cab folded before Flop (didn't bet)
Seat 6: 5a3ca007(small blind) showed [8s 8h] and won ($321.24) with Nines-High Straight
Seat 7: Hero(big blind) folded before Flop
Seat 2: 2a565488 folded before Flop (didn't bet)
Seat 4: 2abef547 showed [Kc Ad] and lost with Pair of Fives



Poker Hand #ring_840247417: NLH No Limit ($1/$2) - 2025/04/24 15:32:04
Table 'MR NLH 1/2' 7-max Seat #4 is the button
Seat 1: 3542a893 ($101.69 in chips)
Seat 3: 53447db0 ($200.18 in chips)
Seat 5: 6ea56cab ($539.71 in chips)
Seat 6: 5a3ca007 ($288.23 in chips)
Seat 7: Hero ($1,023.13 in chips)
Seat 2: 2a565488 ($397 in chips)
Seat 4: 2abef547 ($137.88 in chips)
6ea56cab: posts small blind $1
5a3ca007: posts big blind $2
3542a893: posts big blind $2
*** HOLE CARDS ***
Dealt to 3542a893 
Dealt to 53447db0 
Dealt to 6ea56cab 
Dealt to 5a3ca007 
Dealt to Hero [6c 2c]
Dealt to 2a565488 
Dealt to 2abef547 
Hero: folds
3542a893: checks
2a565488: folds
53447db0: folds
2abef547: raises $5 to $7
6ea56cab: folds
5a3ca007: folds
3542a893: calls $5
*** FLOP *** [Js Ah Th]
3542a893: checks
2abef547: bets $5.61
3542a893: folds
Uncalled bet ($5.61) returned to 2abef547
*** SHOWDOWN ***
2abef547 collected $17 from pot
*** SUMMARY ***
Total pot $17
Board [Js Ah Th]
Seat 1: 3542a893 folded on the Flop
Seat 3: 53447db0 folded before Flop (didn't bet)
Seat 5: 6ea56cab(small blind) folded before Flop
Seat 6: 5a3ca007(big blind) folded before Flop
Seat 7: Hero folded before Flop (didn't bet)
Seat 2: 2a565488 folded before Flop (didn't bet)
Seat 4: 2abef547won ($17) with Pair of Aces and Pair of Tens



Poker Hand #ring_840246245: NLH No Limit ($1/$2) - 2025/04/24 15:30:57
Table 'MR NLH 1/2' 7-max Seat #3 is the button
Seat 3: 53447db0 ($200.18 in chips)
Seat 5: 6ea56cab ($511.09 in chips)
Seat 6: 5a3ca007 ($288.23 in chips)
Seat 7: Hero ($1,023.13 in chips)
Seat 2: 2a565488 ($397 in chips)
Seat 4: 2abef547 ($169.88 in chips)
2abef547: posts small blind $1
6ea56cab: posts big blind $2
*** HOLE CARDS ***
Dealt to 53447db0 
Dealt to 6ea56cab 
Dealt to 5a3ca007 
Dealt to Hero [Qs Jh]
Dealt to 2a565488 
Dealt to 2abef547 
5a3ca007: folds
Hero: folds
2a565488: folds
53447db0: folds
2abef547: calls $1
6ea56cab: raises $6 to $8
2abef547: calls $6
*** FLOP *** [Jc 9h 6c]
2abef547: checks
6ea56cab: bets $8
2abef547: raises $16 to $24
6ea56cab: calls $16
*** TURN *** [Jc 9h 6c] [7h]
2abef547: checks
6ea56cab: checks
*** RIVER *** [Jc 9h 6c 7h] [3h]
2abef547: checks
6ea56cab: checks
2abef547: shows [Ac 4h]
6ea56cab: shows [As Qd]
*** SHOWDOWN ***
6ea56cab collected $64 from pot
*** SUMMARY ***
Total pot $64
Board [Jc 9h 6c 7h 3h]
Seat 3: 53447db0 folded before Flop (didn't bet)
Seat 5: 6ea56cab(big blind) showed [As Qd] and won ($64) with Ace-High
Seat 6: 5a3ca007 folded before Flop (didn't bet)
Seat 7: Hero folded before Flop (didn't bet)
Seat 2: 2a565488 folded before Flop (didn't bet)
Seat 4: 2abef547(small blind) showed [Ac 4h] and lost with Ace-High



Poker Hand #ring_840245775: NLH No Limit ($1/$2) - 2025/04/24 15:30:32
Table 'MR NLH 1/2' 7-max Seat #2 is the button
Seat 3: 53447db0 ($202.18 in chips)
Seat 5: 6ea56cab ($511.09 in chips)
Seat 6: 5a3ca007 ($288.23 in chips)
Seat 7: Hero ($1,023.13 in chips)
Seat 2: 2a565488 ($397 in chips)
Seat 4: 2abef547 ($167.88 in chips)
53447db0: posts small blind $1
2abef547: posts big blind $2
*** HOLE CARDS ***
Dealt to 53447db0 
Dealt to 6ea56cab 
Dealt to 5a3ca007 
Dealt to Hero [Js 6s]
Dealt to 2a565488 
Dealt to 2abef547 
6ea56cab: folds
5a3ca007: folds
Hero: folds
2a565488: folds
53447db0: calls $1
2abef547: raises $4 to $6
53447db0: folds
Uncalled bet ($4) returned to 2abef547
*** SHOWDOWN ***
2abef547 collected $4 from pot
*** SUMMARY ***
Total pot $4
Seat 3: 53447db0(small blind) folded before Flop
Seat 5: 6ea56cab folded before Flop (didn't bet)
Seat 6: 5a3ca007 folded before Flop (didn't bet)
Seat 7: Hero folded before Flop (didn't bet)
Seat 2: 2a565488 folded before Flop (didn't bet)
Seat 4: 2abef547(big blind)won ($4)



Poker Hand #ring_840245194: NLH No Limit ($1/$2) - 2025/04/24 15:29:57
Table 'MR NLH 1/2' 7-max Seat #7 is the button
Seat 3: 53447db0 ($206.18 in chips)
Seat 5: 6ea56cab ($511.09 in chips)
Seat 6: 5a3ca007 ($283.63 in chips)
Seat 7: Hero ($1,023.13 in chips)
Seat 2: 2a565488 ($398 in chips)
Seat 4: 2abef547 ($167.88 in chips)
2a565488: posts small blind $1
53447db0: posts big blind $2
*** HOLE CARDS ***
Dealt to 53447db0 
Dealt to 6ea56cab 
Dealt to 5a3ca007 
Dealt to Hero [7c 3c]
Dealt to 2a565488 
Dealt to 2abef547 
2abef547: folds
6ea56cab: folds
5a3ca007: raises $2 to $4
Hero: folds
2a565488: folds
53447db0: calls $2
*** FLOP *** [2c 8h Js]
53447db0: checks
5a3ca007: bets $6.75
53447db0: folds
Uncalled bet ($6.75) returned to 5a3ca007
*** SHOWDOWN ***
5a3ca007 collected $9 from pot
*** SUMMARY ***
Total pot $9
Board [2c 8h Js]
Seat 3: 53447db0(big blind) folded on the Flop
Seat 5: 6ea56cab folded before Flop (didn't bet)
Seat 6: 5a3ca007won ($9) with Pair of Queens
Seat 7: Hero folded before Flop (didn't bet)
Seat 2: 2a565488(small blind) folded before Flop
Seat 4: 2abef547 folded before Flop (didn't bet)



Poker Hand #ring_840244875: NLH No Limit ($1/$2) - 2025/04/24 15:29:38
Table 'MR NLH 1/2' 7-max Seat #6 is the button
Seat 3: 53447db0 ($206.18 in chips)
Seat 5: 6ea56cab ($511.09 in chips)
Seat 6: 5a3ca007 ($283.63 in chips)
Seat 7: Hero ($1,021.13 in chips)
Seat 2: 2a565488 ($400 in chips)
Seat 4: 2abef547 ($167.88 in chips)
Hero: posts small blind $1
2a565488: posts big blind $2
*** HOLE CARDS ***
Dealt to 53447db0 
Dealt to 6ea56cab 
Dealt to 5a3ca007 
Dealt to Hero [Qs 9d]
Dealt to 2a565488 
Dealt to 2abef547 
53447db0: folds
2abef547: folds
6ea56cab: folds
5a3ca007: folds
Hero: raises $3 to $5
2a565488: folds
Uncalled bet ($3) returned to Hero
*** SHOWDOWN ***
Hero collected $4 from pot
*** SUMMARY ***
Total pot $4
Seat 3: 53447db0 folded before Flop (didn't bet)
Seat 5: 6ea56cab folded before Flop (didn't bet)
Seat 6: 5a3ca007 folded before Flop (didn't bet)
Seat 7: Hero(small blind)won ($4)
Seat 2: 2a565488(big blind) folded before Flop
Seat 4: 2abef547 folded before Flop (didn't bet)



Poker Hand #ring_840244524: NLH No Limit ($1/$2) - 2025/04/24 15:29:17
Table 'MR NLH 1/2' 7-max Seat #5 is the button
Seat 3: 53447db0 ($206.18 in chips)
Seat 5: 6ea56cab ($511.09 in chips)
Seat 6: 5a3ca007 ($281.63 in chips)
Seat 7: Hero ($1,023.13 in chips)
Seat 4: 2abef547 ($167.88 in chips)
5a3ca007: posts small blind $1
Hero: posts big blind $2
*** HOLE CARDS ***
Dealt to 53447db0 
Dealt to 6ea56cab 
Dealt to 5a3ca007 
Dealt to Hero [Th 2d]
Dealt to 2abef547 
53447db0: folds
2abef547: folds
6ea56cab: folds
5a3ca007: raises $4 to $6
Hero: folds
Uncalled bet ($4) returned to 5a3ca007
*** SHOWDOWN ***
5a3ca007 collected $4 from pot
*** SUMMARY ***
Total pot $4
Seat 3: 53447db0 folded before Flop (didn't bet)
Seat 5: 6ea56cab folded before Flop (didn't bet)
Seat 6: 5a3ca007(small blind)won ($4)
Seat 7: Hero(big blind) folded before Flop
Seat 4: 2abef547 folded before Flop (didn't bet)



