Poker Hand #ring_830528293: NLH No Limit ($1/$2) - 2025/04/19 00:02:45
Table 'MR NLH 1/2' 7-max Seat #4 is the button
Seat 5: dd505a8c ($202.5 in chips)
Seat 4: a195d656 ($307.18 in chips)
Seat 1: f6c306b6 ($760.29 in chips)
Seat 2: 5f2fcd11 ($260.58 in chips)
Seat 3: 9da451b8 ($399 in chips)
Seat 7: Hero ($131.43 in chips)
Seat 6: b64d0dca ($270.35 in chips)
dd505a8c: posts small blind $1
b64d0dca: posts big blind $2
*** HOLE CARDS ***
Dealt to dd505a8c 
Dealt to a195d656 
Dealt to f6c306b6 
Dealt to 5f2fcd11 
Dealt to 9da451b8 
Dealt to Hero [Jd 5c]
Dealt to b64d0dca 
Hero: folds
f6c306b6: folds
5f2fcd11: folds
9da451b8: folds
a195d656: raises $3 to $5
dd505a8c: folds
b64d0dca: folds
Uncalled bet ($3) returned to a195d656
*** SHOWDOWN ***
a195d656 collected $5 from pot
*** SUMMARY ***
Total pot $5
Seat 5: dd505a8c(small blind) folded before Flop
Seat 4: a195d656won ($5)
Seat 1: f6c306b6 folded before Flop (didn't bet)
Seat 2: 5f2fcd11 folded before Flop (didn't bet)
Seat 3: 9da451b8 folded before Flop (didn't bet)
Seat 7: Hero folded before Flop (didn't bet)
Seat 6: b64d0dca(big blind) folded before Flop



Poker Hand #ring_830527513: NLH No Limit ($1/$2) - 2025/04/19 00:02:17
Table 'MR NLH 1/2' 7-max Seat #3 is the button
Seat 5: dd505a8c ($204.5 in chips)
Seat 4: a195d656 ($300.18 in chips)
Seat 1: f6c306b6 ($760.29 in chips)
Seat 2: 5f2fcd11 ($260.58 in chips)
Seat 3: 9da451b8 ($399 in chips)
Seat 7: Hero ($136.43 in chips)
Seat 6: b64d0dca ($270.35 in chips)
a195d656: posts small blind $1
dd505a8c: posts big blind $2
*** HOLE CARDS ***
Dealt to dd505a8c 
Dealt to a195d656 
Dealt to f6c306b6 
Dealt to 5f2fcd11 
Dealt to 9da451b8 
Dealt to Hero [Th As]
Dealt to b64d0dca 
b64d0dca: folds
Hero: raises $3 to $5
f6c306b6: folds
5f2fcd11: folds
9da451b8: folds
a195d656: raises $17 to $22
dd505a8c: folds
Hero: folds
Uncalled bet ($17) returned to a195d656
*** SHOWDOWN ***
a195d656 collected $12 from pot
*** SUMMARY ***
Total pot $12
Seat 5: dd505a8c(big blind) folded before Flop
Seat 4: a195d656(small blind)won ($12)
Seat 1: f6c306b6 folded before Flop (didn't bet)
Seat 2: 5f2fcd11 folded before Flop (didn't bet)
Seat 3: 9da451b8 folded before Flop (didn't bet)
Seat 7: Hero folded before Flop
Seat 6: b64d0dca folded before Flop (didn't bet)



Poker Hand #ring_830526613: NLH No Limit ($1/$2) - 2025/04/19 00:01:42
Table 'MR NLH 1/2' 7-max Seat #2 is the button
Seat 5: dd505a8c ($204.5 in chips)
Seat 4: a195d656 ($306.18 in chips)
Seat 1: f6c306b6 ($753.87 in chips)
Seat 2: 5f2fcd11 ($260.58 in chips)
Seat 3: 9da451b8 ($400 in chips)
Seat 7: Hero ($136.43 in chips)
Seat 6: b64d0dca ($270.35 in chips)
9da451b8: posts small blind $1
a195d656: posts big blind $2
*** HOLE CARDS ***
Dealt to dd505a8c 
Dealt to a195d656 
Dealt to f6c306b6 
Dealt to 5f2fcd11 
Dealt to 9da451b8 
Dealt to Hero [8s Ah]
Dealt to b64d0dca 
dd505a8c: folds
b64d0dca: folds
Hero: folds
f6c306b6: raises $4 to $6
5f2fcd11: folds
9da451b8: folds
a195d656: calls $4
*** FLOP *** [Tc 8h 4c]
a195d656: checks
f6c306b6: bets $6.5
a195d656: folds
Uncalled bet ($6.5) returned to f6c306b6
*** SHOWDOWN ***
f6c306b6 collected $13 from pot
*** SUMMARY ***
Total pot $13
Board [Tc 8h 4c]
Seat 5: dd505a8c folded before Flop (didn't bet)
Seat 4: a195d656(big blind) folded on the Flop
Seat 1: f6c306b6won ($13) with Pair of Tens
Seat 2: 5f2fcd11 folded before Flop (didn't bet)
Seat 3: 9da451b8(small blind) folded before Flop
Seat 7: Hero folded before Flop (didn't bet)
Seat 6: b64d0dca folded before Flop (didn't bet)



Poker Hand #ring_830525008: NLH No Limit ($1/$2) - 2025/04/19 00:00:43
Table 'MR NLH 1/2' 7-max Seat #1 is the button
Seat 5: dd505a8c ($210.5 in chips)
Seat 4: a195d656 ($306.18 in chips)
Seat 1: f6c306b6 ($753.87 in chips)
Seat 2: 5f2fcd11 ($253.21 in chips)
Seat 3: 9da451b8 ($400 in chips)
Seat 7: Hero ($136.43 in chips)
Seat 6: b64d0dca ($270.35 in chips)
5f2fcd11: posts small blind $1
9da451b8: posts big blind $2
*** HOLE CARDS ***
Dealt to dd505a8c 
Dealt to a195d656 
Dealt to f6c306b6 
Dealt to 5f2fcd11 
Dealt to 9da451b8 
Dealt to Hero [Jc 6d]
Dealt to b64d0dca 
a195d656: folds
dd505a8c: calls $2
b64d0dca: folds
Hero: folds
f6c306b6: folds
5f2fcd11: raises $4 to $6
9da451b8: folds
dd505a8c: calls $4
*** FLOP *** [2d 4h 7h]
5f2fcd11: checks
dd505a8c: checks
*** TURN *** [2d 4h 7h] [Ah]
5f2fcd11: checks
dd505a8c: checks
*** RIVER *** [2d 4h 7h Ah] [Ac]
5f2fcd11: bets $4.62
dd505a8c: folds
Uncalled bet ($4.62) returned to 5f2fcd11
*** SHOWDOWN ***
5f2fcd11 collected $14 from pot
*** SUMMARY ***
Total pot $14
Board [2d 4h 7h Ah Ac]
Seat 5: dd505a8c folded on the River
Seat 4: a195d656 folded before Flop (didn't bet)
Seat 1: f6c306b6 folded before Flop (didn't bet)
Seat 2: 5f2fcd11(small blind)won ($14) with Pair of Aces and Pair of Sevens
Seat 3: 9da451b8(big blind) folded before Flop
Seat 7: Hero folded before Flop (didn't bet)
Seat 6: b64d0dca folded before Flop (didn't bet)



Poker Hand #ring_830523786: NLH No Limit ($1/$2) - 2025/04/18 23:59:56
Table 'MR NLH 1/2' 7-max Seat #7 is the button
Seat 5: dd505a8c ($210.5 in chips)
Seat 4: a195d656 ($312.18 in chips)
Seat 1: f6c306b6 ($733.87 in chips)
Seat 2: 5f2fcd11 ($255.21 in chips)
Seat 3: 9da451b8 ($400 in chips)
Seat 7: Hero ($142.43 in chips)
Seat 6: b64d0dca ($276.35 in chips)
f6c306b6: posts small blind $1
5f2fcd11: posts big blind $2
*** HOLE CARDS ***
Dealt to dd505a8c 
Dealt to a195d656 
Dealt to f6c306b6 
Dealt to 5f2fcd11 
Dealt to 9da451b8 
Dealt to Hero [Ac 9h]
Dealt to b64d0dca 
9da451b8: folds
a195d656: raises $4 to $6
dd505a8c: folds
b64d0dca: calls $6
Hero: calls $6
f6c306b6: raises $26 to $32
5f2fcd11: folds
a195d656: folds
b64d0dca: folds
Hero: folds
Uncalled bet ($26) returned to f6c306b6
*** SHOWDOWN ***
f6c306b6 collected $26 from pot
*** SUMMARY ***
Total pot $26
Seat 5: dd505a8c folded before Flop (didn't bet)
Seat 4: a195d656 folded before Flop
Seat 1: f6c306b6(small blind)won ($26)
Seat 2: 5f2fcd11(big blind) folded before Flop
Seat 3: 9da451b8 folded before Flop (didn't bet)
Seat 7: Hero folded before Flop
Seat 6: b64d0dca folded before Flop



Poker Hand #ring_830522988: NLH No Limit ($1/$2) - 2025/04/18 23:59:27
Table 'MR NLH 1/2' 7-max Seat #6 is the button
Seat 5: dd505a8c ($210.5 in chips)
Seat 4: a195d656 ($309.18 in chips)
Seat 1: f6c306b6 ($735.87 in chips)
Seat 2: 5f2fcd11 ($255.21 in chips)
Seat 3: 9da451b8 ($400 in chips)
Seat 7: Hero ($143.43 in chips)
Seat 6: b64d0dca ($276.35 in chips)
Hero: posts small blind $1
f6c306b6: posts big blind $2
*** HOLE CARDS ***
Dealt to dd505a8c 
Dealt to a195d656 
Dealt to f6c306b6 
Dealt to 5f2fcd11 
Dealt to 9da451b8 
Dealt to Hero [Qs 6c]
Dealt to b64d0dca 
5f2fcd11: folds
9da451b8: folds
a195d656: raises $4 to $6
dd505a8c: folds
b64d0dca: folds
Hero: folds
f6c306b6: folds
Uncalled bet ($4) returned to a195d656
*** SHOWDOWN ***
a195d656 collected $5 from pot
*** SUMMARY ***
Total pot $5
Seat 5: dd505a8c folded before Flop (didn't bet)
Seat 4: a195d656won ($5)
Seat 1: f6c306b6(big blind) folded before Flop
Seat 2: 5f2fcd11 folded before Flop (didn't bet)
Seat 3: 9da451b8 folded before Flop (didn't bet)
Seat 7: Hero(small blind) folded before Flop
Seat 6: b64d0dca folded before Flop (didn't bet)



Poker Hand #ring_830520663: NLH No Limit ($1/$2) - 2025/04/18 23:58:00
Table 'MR NLH 1/2' 7-max Seat #5 is the button
Seat 5: dd505a8c ($210.5 in chips)
Seat 4: a195d656 ($309.18 in chips)
Seat 1: f6c306b6 ($750.14 in chips)
Seat 2: 5f2fcd11 ($239.85 in chips)
Seat 3: 9da451b8 ($400 in chips)
Seat 7: Hero ($145.43 in chips)
Seat 6: b64d0dca ($277.35 in chips)
b64d0dca: posts small blind $1
Hero: posts big blind $2
*** HOLE CARDS ***
Dealt to dd505a8c 
Dealt to a195d656 
Dealt to f6c306b6 
Dealt to 5f2fcd11 
Dealt to 9da451b8 
Dealt to Hero [6s Kc]
Dealt to b64d0dca 
f6c306b6: calls $2
5f2fcd11: raises $6 to $8
9da451b8: folds
a195d656: folds
dd505a8c: folds
b64d0dca: folds
Hero: folds
f6c306b6: calls $6
*** FLOP *** [9h Tc 3h]
f6c306b6: checks
5f2fcd11: bets $6.27
f6c306b6: calls $6.27
*** TURN *** [9h Tc 3h] [Ad]
f6c306b6: checks
5f2fcd11: checks
*** RIVER *** [9h Tc 3h Ad] [7s]
f6c306b6: checks
5f2fcd11: bets $15.77
f6c306b6: folds
Uncalled bet ($15.77) returned to 5f2fcd11
*** SHOWDOWN ***
5f2fcd11 collected $31.54 from pot
*** SUMMARY ***
Total pot $31.54
Board [9h Tc 3h Ad 7s]
Seat 5: dd505a8c folded before Flop (didn't bet)
Seat 4: a195d656 folded before Flop (didn't bet)
Seat 1: f6c306b6 folded on the River
Seat 2: 5f2fcd11won ($31.54) with Ace-High
Seat 3: 9da451b8 folded before Flop (didn't bet)
Seat 7: Hero(big blind) folded before Flop
Seat 6: b64d0dca(small blind) folded before Flop



Poker Hand #ring_830519590: NLH No Limit ($1/$2) - 2025/04/18 23:57:19
Table 'MR NLH 1/2' 7-max Seat #4 is the button
Seat 5: dd505a8c ($211.5 in chips)
Seat 4: a195d656 ($309.18 in chips)
Seat 1: f6c306b6 ($725.25 in chips)
Seat 2: 5f2fcd11 ($264.6 in chips)
Seat 3: 9da451b8 ($400 in chips)
Seat 7: Hero ($145.43 in chips)
Seat 6: b64d0dca ($279.35 in chips)
dd505a8c: posts small blind $1
b64d0dca: posts big blind $2
*** HOLE CARDS ***
Dealt to dd505a8c 
Dealt to a195d656 
Dealt to f6c306b6 
Dealt to 5f2fcd11 
Dealt to 9da451b8 
Dealt to Hero [Js Th]
Dealt to b64d0dca 
Hero: folds
f6c306b6: calls $2
5f2fcd11: calls $2
9da451b8: folds
a195d656: folds
dd505a8c: folds
b64d0dca: checks
*** FLOP *** [5d 6d Tc]
b64d0dca: checks
f6c306b6: bets $5.25
5f2fcd11: calls $5.25
b64d0dca: folds
*** TURN *** [5d 6d Tc] [4c]
f6c306b6: bets $17.5
5f2fcd11: calls $17.5
*** RIVER *** [5d 6d Tc 4c] [Jd]
f6c306b6: checks
5f2fcd11: checks
f6c306b6: shows [Jc Td]
5f2fcd11: shows [3s Ts]
*** SHOWDOWN ***
f6c306b6 collected $52.5 from pot
*** SUMMARY ***
Total pot $52.5
Board [5d 6d Tc 4c Jd]
Seat 5: dd505a8c(small blind) folded before Flop
Seat 4: a195d656 folded before Flop (didn't bet)
Seat 1: f6c306b6 showed [Jc Td] and won ($52.5) with Pair of Jacks and Pair of Tens
Seat 2: 5f2fcd11 showed [3s Ts] and lost with Pair of Tens
Seat 3: 9da451b8 folded before Flop (didn't bet)
Seat 7: Hero folded before Flop (didn't bet)
Seat 6: b64d0dca(big blind) folded on the Flop



Poker Hand #ring_830517893: NLH No Limit ($1/$2) - 2025/04/18 23:56:14
Table 'MR NLH 1/2' 7-max Seat #3 is the button
Seat 5: dd505a8c ($186.88 in chips)
Seat 4: a195d656 ($310.18 in chips)
Seat 1: f6c306b6 ($745.5 in chips)
Seat 2: 5f2fcd11 ($270.6 in chips)
Seat 3: 9da451b8 ($193.82 in chips)
Seat 7: Hero ($145.43 in chips)
Seat 6: b64d0dca ($279.35 in chips)
a195d656: posts small blind $1
dd505a8c: posts big blind $2
*** HOLE CARDS ***
Dealt to dd505a8c 
Dealt to a195d656 
Dealt to f6c306b6 
Dealt to 5f2fcd11 
Dealt to 9da451b8 
Dealt to Hero [3h 5d]
Dealt to b64d0dca 
b64d0dca: folds
Hero: folds
f6c306b6: raises $4 to $6
5f2fcd11: calls $6
9da451b8: folds
a195d656: folds
dd505a8c: calls $4
*** FLOP *** [6s 7h Ac]
dd505a8c: checks
f6c306b6: bets $14.25
5f2fcd11: folds
dd505a8c: calls $14.25
*** TURN *** [6s 7h Ac] [6d]
dd505a8c: checks
f6c306b6: checks
*** RIVER *** [6s 7h Ac 6d] [5c]
dd505a8c: bets $35.62
f6c306b6: folds
Uncalled bet ($35.62) returned to dd505a8c
*** SHOWDOWN ***
dd505a8c collected $47.5 from pot
*** SUMMARY ***
Total pot $47.5
Board [6s 7h Ac 6d 5c]
Seat 5: dd505a8c(big blind)won ($47.5) with Pair of Aces and Pair of Sixes
Seat 4: a195d656(small blind) folded before Flop
Seat 1: f6c306b6 folded on the River
Seat 2: 5f2fcd11 folded on the Flop
Seat 3: 9da451b8 folded before Flop (didn't bet)
Seat 7: Hero folded before Flop (didn't bet)
Seat 6: b64d0dca folded before Flop (didn't bet)



Poker Hand #ring_830516452: NLH No Limit ($1/$2) - 2025/04/18 23:55:20
Table 'MR NLH 1/2' 7-max Seat #2 is the button
Seat 5: dd505a8c ($171.52 in chips)
Seat 4: a195d656 ($312.18 in chips)
Seat 1: f6c306b6 ($745.5 in chips)
Seat 2: 5f2fcd11 ($284.87 in chips)
Seat 3: 9da451b8 ($194.82 in chips)
Seat 7: Hero ($145.43 in chips)
Seat 6: b64d0dca ($279.35 in chips)
9da451b8: posts small blind $1
a195d656: posts big blind $2
*** HOLE CARDS ***
Dealt to dd505a8c 
Dealt to a195d656 
Dealt to f6c306b6 
Dealt to 5f2fcd11 
Dealt to 9da451b8 
Dealt to Hero [7c Kd]
Dealt to b64d0dca 
dd505a8c: calls $2
b64d0dca: folds
Hero: folds
f6c306b6: folds
5f2fcd11: raises $6 to $8
9da451b8: folds
a195d656: folds
dd505a8c: calls $6
*** FLOP *** [4d Ad 5c]
dd505a8c: checks
5f2fcd11: bets $6.27
dd505a8c: raises $31.54 to $37.81
5f2fcd11: folds
Uncalled bet ($31.54) returned to dd505a8c
*** SHOWDOWN ***
dd505a8c collected $31.54 from pot
*** SUMMARY ***
Total pot $31.54
Board [4d Ad 5c]
Seat 5: dd505a8cwon ($31.54) with Ace-High
Seat 4: a195d656(big blind) folded before Flop
Seat 1: f6c306b6 folded before Flop (didn't bet)
Seat 2: 5f2fcd11 folded on the Flop
Seat 3: 9da451b8(small blind) folded before Flop
Seat 7: Hero folded before Flop (didn't bet)
Seat 6: b64d0dca folded before Flop (didn't bet)



Poker Hand #ring_830514633: NLH No Limit ($1/$2) - 2025/04/18 23:54:10
Table 'MR NLH 1/2' 7-max Seat #1 is the button
Seat 5: dd505a8c ($171.52 in chips)
Seat 4: a195d656 ($312.18 in chips)
Seat 1: f6c306b6 ($745.5 in chips)
Seat 2: 5f2fcd11 ($303.79 in chips)
Seat 3: 9da451b8 ($196.82 in chips)
Seat 7: Hero ($145.43 in chips)
Seat 6: b64d0dca ($260.72 in chips)
5f2fcd11: posts small blind $1
9da451b8: posts big blind $2
*** HOLE CARDS ***
Dealt to dd505a8c 
Dealt to a195d656 
Dealt to f6c306b6 
Dealt to 5f2fcd11 
Dealt to 9da451b8 
Dealt to Hero [Qd 4c]
Dealt to b64d0dca 
a195d656: folds
dd505a8c: folds
b64d0dca: raises $3 to $5
Hero: folds
f6c306b6: folds
5f2fcd11: calls $4
9da451b8: folds
*** FLOP *** [Ad 9h 8c]
5f2fcd11: checks
b64d0dca: bets $3.96
5f2fcd11: calls $3.96
*** TURN *** [Ad 9h 8c] [5d]
5f2fcd11: checks
b64d0dca: bets $9.96
5f2fcd11: calls $9.96
*** RIVER *** [Ad 9h 8c 5d] [6c]
5f2fcd11: checks
b64d0dca: checks
5f2fcd11: shows [Qs 9s]
b64d0dca: shows [Ac Js]
*** SHOWDOWN ***
b64d0dca collected $39.84 from pot
*** SUMMARY ***
Total pot $39.84
Board [Ad 9h 8c 5d 6c]
Seat 5: dd505a8c folded before Flop (didn't bet)
Seat 4: a195d656 folded before Flop (didn't bet)
Seat 1: f6c306b6 folded before Flop (didn't bet)
Seat 2: 5f2fcd11(small blind) showed [Qs 9s] and lost with Pair of Nines
Seat 3: 9da451b8(big blind) folded before Flop
Seat 7: Hero folded before Flop (didn't bet)
Seat 6: b64d0dca showed [Ac Js] and won ($39.84) with Pair of Aces



Poker Hand #ring_830513177: NLH No Limit ($1/$2) - 2025/04/18 23:53:17
Table 'MR NLH 1/2' 7-max Seat #7 is the button
Seat 5: dd505a8c ($176.52 in chips)
Seat 4: a195d656 ($312.18 in chips)
Seat 1: f6c306b6 ($746.5 in chips)
Seat 2: 5f2fcd11 ($298.28 in chips)
Seat 3: 9da451b8 ($196.82 in chips)
Seat 7: Hero ($145.43 in chips)
Seat 6: b64d0dca ($260.72 in chips)
f6c306b6: posts small blind $1
5f2fcd11: posts big blind $2
*** HOLE CARDS ***
Dealt to dd505a8c 
Dealt to a195d656 
Dealt to f6c306b6 
Dealt to 5f2fcd11 
Dealt to 9da451b8 
Dealt to Hero [6d Jd]
Dealt to b64d0dca 
9da451b8: folds
a195d656: folds
dd505a8c: calls $2
b64d0dca: folds
Hero: folds
f6c306b6: folds
5f2fcd11: checks
*** FLOP *** [Ad Qc 2s]
5f2fcd11: bets $3
dd505a8c: calls $3
*** TURN *** [Ad Qc 2s] [Jc]
5f2fcd11: bets $6.5
dd505a8c: folds
Uncalled bet ($6.5) returned to 5f2fcd11
*** SHOWDOWN ***
5f2fcd11 collected $11 from pot
*** SUMMARY ***
Total pot $11
Board [Ad Qc 2s Jc]
Seat 5: dd505a8c folded on the Turn
Seat 4: a195d656 folded before Flop (didn't bet)
Seat 1: f6c306b6(small blind) folded before Flop
Seat 2: 5f2fcd11(big blind)won ($11) with Ace-High
Seat 3: 9da451b8 folded before Flop (didn't bet)
Seat 7: Hero folded before Flop (didn't bet)
Seat 6: b64d0dca folded before Flop (didn't bet)



Poker Hand #ring_830511125: NLH No Limit ($1/$2) - 2025/04/18 23:52:00
Table 'MR NLH 1/2' 7-max Seat #6 is the button
Seat 5: dd505a8c ($176.52 in chips)
Seat 4: a195d656 ($241.5 in chips)
Seat 1: f6c306b6 ($748.5 in chips)
Seat 2: 5f2fcd11 ($298.28 in chips)
Seat 3: 9da451b8 ($196.82 in chips)
Seat 7: Hero ($146.43 in chips)
Seat 6: b64d0dca ($335.79 in chips)
Hero: posts small blind $1
f6c306b6: posts big blind $2
*** HOLE CARDS ***
Dealt to dd505a8c 
Dealt to a195d656 
Dealt to f6c306b6 
Dealt to 5f2fcd11 
Dealt to 9da451b8 
Dealt to Hero [5c Ah]
Dealt to b64d0dca 
5f2fcd11: folds
9da451b8: folds
a195d656: raises $4 to $6
dd505a8c: folds
b64d0dca: calls $6
Hero: folds
f6c306b6: folds
*** FLOP *** [Js 9s Qh]
a195d656: bets $11.1
b64d0dca: calls $11.1
*** TURN *** [Js 9s Qh] [6s]
a195d656: bets $27.53
b64d0dca: raises $30.44 to $57.97
a195d656: calls $30.44
*** RIVER *** [Js 9s Qh 6s] [Ks]
a195d656: checks
b64d0dca: checks
a195d656: shows [Kh Ts]
b64d0dca: shows [Ad Jd]
*** SHOWDOWN ***
a195d656 collected $153.14 from pot
*** SUMMARY ***
Total pot $153.14
Board [Js 9s Qh 6s Ks]
Seat 5: dd505a8c folded before Flop (didn't bet)
Seat 4: a195d656 showed [Kh Ts] and won ($153.14) with King High Flush
Seat 1: f6c306b6(big blind) folded before Flop
Seat 2: 5f2fcd11 folded before Flop (didn't bet)
Seat 3: 9da451b8 folded before Flop (didn't bet)
Seat 7: Hero(small blind) folded before Flop
Seat 6: b64d0dca showed [Ad Jd] and lost with Pair of Jacks



Poker Hand #ring_830510495: NLH No Limit ($1/$2) - 2025/04/18 23:51:37
Table 'MR NLH 1/2' 7-max Seat #5 is the button
Seat 5: dd505a8c ($176.52 in chips)
Seat 4: a195d656 ($238.5 in chips)
Seat 1: f6c306b6 ($748.5 in chips)
Seat 2: 5f2fcd11 ($298.28 in chips)
Seat 3: 9da451b8 ($196.82 in chips)
Seat 7: Hero ($148.43 in chips)
Seat 6: b64d0dca ($336.79 in chips)
b64d0dca: posts small blind $1
Hero: posts big blind $2
*** HOLE CARDS ***
Dealt to dd505a8c 
Dealt to a195d656 
Dealt to f6c306b6 
Dealt to 5f2fcd11 
Dealt to 9da451b8 
Dealt to Hero [6c Qh]
Dealt to b64d0dca 
f6c306b6: folds
5f2fcd11: folds
9da451b8: folds
a195d656: raises $3 to $5
dd505a8c: folds
b64d0dca: folds
Hero: folds
Uncalled bet ($3) returned to a195d656
*** SHOWDOWN ***
a195d656 collected $5 from pot
*** SUMMARY ***
Total pot $5
Seat 5: dd505a8c folded before Flop (didn't bet)
Seat 4: a195d656won ($5)
Seat 1: f6c306b6 folded before Flop (didn't bet)
Seat 2: 5f2fcd11 folded before Flop (didn't bet)
Seat 3: 9da451b8 folded before Flop (didn't bet)
Seat 7: Hero(big blind) folded before Flop
Seat 6: b64d0dca(small blind) folded before Flop



Poker Hand #ring_830508966: NLH No Limit ($1/$2) - 2025/04/18 23:50:38
Table 'MR NLH 1/2' 7-max Seat #4 is the button
Seat 5: dd505a8c ($188 in chips)
Seat 4: a195d656 ($226.64 in chips)
Seat 1: f6c306b6 ($748.5 in chips)
Seat 2: 5f2fcd11 ($298.28 in chips)
Seat 3: 9da451b8 ($196.82 in chips)
Seat 7: Hero ($148.43 in chips)
Seat 6: b64d0dca ($338.79 in chips)
dd505a8c: posts small blind $1
b64d0dca: posts big blind $2
*** HOLE CARDS ***
Dealt to dd505a8c 
Dealt to a195d656 
Dealt to f6c306b6 
Dealt to 5f2fcd11 
Dealt to 9da451b8 
Dealt to Hero [5d Th]
Dealt to b64d0dca 
Hero: folds
f6c306b6: folds
5f2fcd11: folds
9da451b8: folds
a195d656: raises $3 to $5
dd505a8c: calls $4
b64d0dca: folds
*** FLOP *** [2d Kd Ah]
dd505a8c: checks
a195d656: bets $6.48
dd505a8c: calls $6.48
*** TURN *** [2d Kd Ah] [Qs]
dd505a8c: checks
a195d656: bets $37
dd505a8c: folds
Uncalled bet ($37) returned to a195d656
*** SHOWDOWN ***
a195d656 collected $24.96 from pot
*** SUMMARY ***
Total pot $24.96
Board [2d Kd Ah Qs]
Seat 5: dd505a8c(small blind) folded on the Turn
Seat 4: a195d656won ($24.96) with Ace-High
Seat 1: f6c306b6 folded before Flop (didn't bet)
Seat 2: 5f2fcd11 folded before Flop (didn't bet)
Seat 3: 9da451b8 folded before Flop (didn't bet)
Seat 7: Hero folded before Flop (didn't bet)
Seat 6: b64d0dca(big blind) folded before Flop



Poker Hand #ring_830507175: NLH No Limit ($1/$2) - 2025/04/18 23:49:30
Table 'MR NLH 1/2' 7-max Seat #3 is the button
Seat 5: dd505a8c ($193 in chips)
Seat 4: a195d656 ($227.64 in chips)
Seat 2: 5f2fcd11 ($298.28 in chips)
Seat 3: 9da451b8 ($191.31 in chips)
Seat 7: Hero ($148.43 in chips)
Seat 6: b64d0dca ($338.79 in chips)
a195d656: posts small blind $1
dd505a8c: posts big blind $2
*** HOLE CARDS ***
Dealt to dd505a8c 
Dealt to a195d656 
Dealt to 5f2fcd11 
Dealt to 9da451b8 
Dealt to Hero [2d 4h]
Dealt to b64d0dca 
b64d0dca: folds
Hero: folds
5f2fcd11: folds
9da451b8: raises $3 to $5
a195d656: folds
dd505a8c: calls $3
*** FLOP *** [Js 8h 9d]
dd505a8c: checks
9da451b8: checks
*** TURN *** [Js 8h 9d] [Qh]
dd505a8c: checks
9da451b8: checks
*** RIVER *** [Js 8h 9d Qh] [2c]
dd505a8c: checks
9da451b8: checks
9da451b8: shows [9h Kh]
dd505a8c: shows [Kd 7d]
*** SHOWDOWN ***
9da451b8 collected $11 from pot
*** SUMMARY ***
Total pot $11
Board [Js 8h 9d Qh 2c]
Seat 5: dd505a8c(big blind) showed [Kd 7d] and lost with King-High
Seat 4: a195d656(small blind) folded before Flop
Seat 2: 5f2fcd11 folded before Flop (didn't bet)
Seat 3: 9da451b8 showed [9h Kh] and won ($11) with Pair of Nines
Seat 7: Hero folded before Flop (didn't bet)
Seat 6: b64d0dca folded before Flop (didn't bet)



Poker Hand #ring_830506486: NLH No Limit ($1/$2) - 2025/04/18 23:49:06
Table 'MR NLH 1/2' 7-max Seat #2 is the button
Seat 5: dd505a8c ($193 in chips)
Seat 4: a195d656 ($229.64 in chips)
Seat 2: 5f2fcd11 ($295.28 in chips)
Seat 3: 9da451b8 ($192.31 in chips)
Seat 7: Hero ($148.43 in chips)
Seat 6: b64d0dca ($338.79 in chips)
9da451b8: posts small blind $1
a195d656: posts big blind $2
*** HOLE CARDS ***
Dealt to dd505a8c 
Dealt to a195d656 
Dealt to 5f2fcd11 
Dealt to 9da451b8 
Dealt to Hero [3s 7h]
Dealt to b64d0dca 
dd505a8c: folds
b64d0dca: folds
Hero: folds
5f2fcd11: raises $4 to $6
9da451b8: folds
a195d656: folds
Uncalled bet ($4) returned to 5f2fcd11
*** SHOWDOWN ***
5f2fcd11 collected $5 from pot
*** SUMMARY ***
Total pot $5
Seat 5: dd505a8c folded before Flop (didn't bet)
Seat 4: a195d656(big blind) folded before Flop
Seat 2: 5f2fcd11won ($5)
Seat 3: 9da451b8(small blind) folded before Flop
Seat 7: Hero folded before Flop (didn't bet)
Seat 6: b64d0dca folded before Flop (didn't bet)



Poker Hand #ring_830505701: NLH No Limit ($1/$2) - 2025/04/18 23:48:35
Table 'MR NLH 1/2' 7-max Seat #0 is the button
Seat 5: dd505a8c ($193 in chips)
Seat 4: a195d656 ($229.64 in chips)
Seat 2: 5f2fcd11 ($293.28 in chips)
Seat 3: 9da451b8 ($194.31 in chips)
Seat 7: Hero ($148.43 in chips)
Seat 6: b64d0dca ($338.79 in chips)
5f2fcd11: posts small blind $1
9da451b8: posts big blind $2
*** HOLE CARDS ***
Dealt to dd505a8c 
Dealt to a195d656 
Dealt to 5f2fcd11 
Dealt to 9da451b8 
Dealt to Hero [4h 2s]
Dealt to b64d0dca 
a195d656: folds
dd505a8c: folds
b64d0dca: folds
Hero: folds
5f2fcd11: raises $6 to $8
9da451b8: folds
Uncalled bet ($6) returned to 5f2fcd11
*** SHOWDOWN ***
5f2fcd11 collected $4 from pot
*** SUMMARY ***
Total pot $4
Seat 5: dd505a8c folded before Flop (didn't bet)
Seat 4: a195d656 folded before Flop (didn't bet)
Seat 2: 5f2fcd11(small blind)won ($4)
Seat 3: 9da451b8(big blind) folded before Flop
Seat 7: Hero folded before Flop (didn't bet)
Seat 6: b64d0dca folded before Flop (didn't bet)



Poker Hand #ring_830503346: NLH No Limit ($1/$2) - 2025/04/18 23:47:06
Table 'MR NLH 1/2' 7-max Seat #7 is the button
Seat 5: dd505a8c ($198 in chips)
Seat 4: a195d656 ($229.64 in chips)
Seat 1: f6c306b6 ($749.5 in chips)
Seat 2: 5f2fcd11 ($306.28 in chips)
Seat 3: 9da451b8 ($177.25 in chips)
Seat 7: Hero ($148.43 in chips)
Seat 6: b64d0dca ($338.79 in chips)
f6c306b6: posts small blind $1
5f2fcd11: posts big blind $2
*** HOLE CARDS ***
Dealt to dd505a8c 
Dealt to a195d656 
Dealt to f6c306b6 
Dealt to 5f2fcd11 
Dealt to 9da451b8 
Dealt to Hero [Js 5d]
Dealt to b64d0dca 
9da451b8: raises $3 to $5
a195d656: folds
dd505a8c: calls $5
b64d0dca: folds
Hero: folds
f6c306b6: folds
5f2fcd11: calls $3
*** FLOP *** [Jd 2c 4h]
5f2fcd11: checks
9da451b8: checks
dd505a8c: checks
*** TURN *** [Jd 2c 4h] [7d]
5f2fcd11: checks
9da451b8: checks
dd505a8c: checks
*** RIVER *** [Jd 2c 4h 7d] [Qs]
5f2fcd11: bets $8
9da451b8: raises $16 to $24
dd505a8c: folds
5f2fcd11: folds
Uncalled bet ($16) returned to 9da451b8
*** SHOWDOWN ***
9da451b8 collected $32 from pot
*** SUMMARY ***
Total pot $32
Board [Jd 2c 4h 7d Qs]
Seat 5: dd505a8c folded on the River
Seat 4: a195d656 folded before Flop (didn't bet)
Seat 1: f6c306b6(small blind) folded before Flop
Seat 2: 5f2fcd11(big blind) folded on the River
Seat 3: 9da451b8won ($32) with Pair of Queens
Seat 7: Hero folded before Flop (didn't bet)
Seat 6: b64d0dca folded before Flop (didn't bet)



Poker Hand #ring_830502130: NLH No Limit ($1/$2) - 2025/04/18 23:46:21
Table 'MR NLH 1/2' 7-max Seat #6 is the button
Seat 5: dd505a8c ($200 in chips)
Seat 4: a195d656 ($219.49 in chips)
Seat 1: f6c306b6 ($757.5 in chips)
Seat 2: 5f2fcd11 ($306.28 in chips)
Seat 3: 9da451b8 ($177.25 in chips)
Seat 7: Hero ($149.43 in chips)
Seat 6: b64d0dca ($338.79 in chips)
Hero: posts small blind $1
f6c306b6: posts big blind $2
dd505a8c: posts big blind $2
*** HOLE CARDS ***
Dealt to dd505a8c 
Dealt to a195d656 
Dealt to f6c306b6 
Dealt to 5f2fcd11 
Dealt to 9da451b8 
Dealt to Hero [2h 6h]
Dealt to b64d0dca 
5f2fcd11: folds
9da451b8: folds
a195d656: raises $6 to $8
dd505a8c: folds
b64d0dca: folds
Hero: folds
f6c306b6: calls $6
*** FLOP *** [Jc Ts Qc]
f6c306b6: checks
a195d656: bets $14.06
f6c306b6: folds
Uncalled bet ($14.06) returned to a195d656
*** SHOWDOWN ***
a195d656 collected $19 from pot
*** SUMMARY ***
Total pot $19
Board [Jc Ts Qc]
Seat 5: dd505a8c folded before Flop
Seat 4: a195d656won ($19) with Kings-High Straight
Seat 1: f6c306b6(big blind) folded on the Flop
Seat 2: 5f2fcd11 folded before Flop (didn't bet)
Seat 3: 9da451b8 folded before Flop (didn't bet)
Seat 7: Hero(small blind) folded before Flop
Seat 6: b64d0dca folded before Flop (didn't bet)



Poker Hand #ring_830499359: NLH No Limit ($1/$2) - 2025/04/18 23:44:36
Table 'MR NLH 1/2' 7-max Seat #4 is the button
Seat 4: a195d656 ($224.49 in chips)
Seat 1: f6c306b6 ($757.5 in chips)
Seat 2: 5f2fcd11 ($306.28 in chips)
Seat 3: 9da451b8 ($177.25 in chips)
Seat 7: Hero ($258.98 in chips)
Seat 6: b64d0dca ($234.82 in chips)
b64d0dca: posts small blind $1
Hero: posts big blind $2
*** HOLE CARDS ***
Dealt to a195d656 
Dealt to f6c306b6 
Dealt to 5f2fcd11 
Dealt to 9da451b8 
Dealt to Hero [Th Tc]
Dealt to b64d0dca 
f6c306b6: folds
5f2fcd11: folds
9da451b8: folds
a195d656: raises $3 to $5
b64d0dca: raises $15 to $20
Hero: calls $18
a195d656: folds
*** FLOP *** [5c 9s 7s]
b64d0dca: bets $14.85
Hero: calls $14.85
*** TURN *** [5c 9s 7s] [3s]
b64d0dca: bets $74.7
Hero: calls $74.7
*** RIVER *** [5c 9s 7s 3s] [9c]
b64d0dca: bets $125.27 and is all-in
Hero: folds
Uncalled bet ($125.27) returned to b64d0dca
*** SHOWDOWN ***
b64d0dca collected $224.1 from pot
*** SUMMARY ***
Total pot $224.1
Board [5c 9s 7s 3s 9c]
Seat 4: a195d656 folded before Flop
Seat 1: f6c306b6 folded before Flop (didn't bet)
Seat 2: 5f2fcd11 folded before Flop (didn't bet)
Seat 3: 9da451b8 folded before Flop (didn't bet)
Seat 7: Hero(big blind) folded on the River
Seat 6: b64d0dca(small blind)won ($224.1) with Pair of Aces and Pair of Nines



Poker Hand #ring_830498508: NLH No Limit ($1/$2) - 2025/04/18 23:44:04
Table 'MR NLH 1/2' 7-max Seat #3 is the button
Seat 4: a195d656 ($225.49 in chips)
Seat 1: f6c306b6 ($757.5 in chips)
Seat 2: 5f2fcd11 ($303.28 in chips)
Seat 3: 9da451b8 ($177.25 in chips)
Seat 7: Hero ($258.98 in chips)
Seat 6: b64d0dca ($236.82 in chips)
a195d656: posts small blind $1
b64d0dca: posts big blind $2
*** HOLE CARDS ***
Dealt to a195d656 
Dealt to f6c306b6 
Dealt to 5f2fcd11 
Dealt to 9da451b8 
Dealt to Hero [6s 5c]
Dealt to b64d0dca 
Hero: folds
f6c306b6: folds
5f2fcd11: raises $4 to $6
9da451b8: folds
a195d656: folds
b64d0dca: folds
Uncalled bet ($4) returned to 5f2fcd11
*** SHOWDOWN ***
5f2fcd11 collected $5 from pot
*** SUMMARY ***
Total pot $5
Seat 4: a195d656(small blind) folded before Flop
Seat 1: f6c306b6 folded before Flop (didn't bet)
Seat 2: 5f2fcd11won ($5)
Seat 3: 9da451b8 folded before Flop (didn't bet)
Seat 7: Hero folded before Flop (didn't bet)
Seat 6: b64d0dca(big blind) folded before Flop



Poker Hand #ring_830497789: NLH No Limit ($1/$2) - 2025/04/18 23:43:38
Table 'MR NLH 1/2' 7-max Seat #2 is the button
Seat 4: a195d656 ($227.49 in chips)
Seat 1: f6c306b6 ($757.5 in chips)
Seat 2: 5f2fcd11 ($300.28 in chips)
Seat 3: 9da451b8 ($178.25 in chips)
Seat 7: Hero ($258.98 in chips)
Seat 6: b64d0dca ($236.82 in chips)
9da451b8: posts small blind $1
a195d656: posts big blind $2
*** HOLE CARDS ***
Dealt to a195d656 
Dealt to f6c306b6 
Dealt to 5f2fcd11 
Dealt to 9da451b8 
Dealt to Hero [5d Ts]
Dealt to b64d0dca 
b64d0dca: folds
Hero: folds
f6c306b6: folds
5f2fcd11: raises $5 to $7
9da451b8: folds
a195d656: folds
Uncalled bet ($5) returned to 5f2fcd11
*** SHOWDOWN ***
5f2fcd11 collected $5 from pot
*** SUMMARY ***
Total pot $5
Seat 4: a195d656(big blind) folded before Flop
Seat 1: f6c306b6 folded before Flop (didn't bet)
Seat 2: 5f2fcd11won ($5)
Seat 3: 9da451b8(small blind) folded before Flop
Seat 7: Hero folded before Flop (didn't bet)
Seat 6: b64d0dca folded before Flop (didn't bet)



Poker Hand #ring_830497056: NLH No Limit ($1/$2) - 2025/04/18 23:43:10
Table 'MR NLH 1/2' 7-max Seat #1 is the button
Seat 4: a195d656 ($224.49 in chips)
Seat 1: f6c306b6 ($757.5 in chips)
Seat 2: 5f2fcd11 ($301.28 in chips)
Seat 3: 9da451b8 ($180.25 in chips)
Seat 7: Hero ($258.98 in chips)
Seat 6: b64d0dca ($236.82 in chips)
5f2fcd11: posts small blind $1
9da451b8: posts big blind $2
*** HOLE CARDS ***
Dealt to a195d656 
Dealt to f6c306b6 
Dealt to 5f2fcd11 
Dealt to 9da451b8 
Dealt to Hero [Kc Jh]
Dealt to b64d0dca 
a195d656: raises $4 to $6
b64d0dca: folds
Hero: folds
f6c306b6: folds
5f2fcd11: folds
9da451b8: folds
Uncalled bet ($4) returned to a195d656
*** SHOWDOWN ***
a195d656 collected $5 from pot
*** SUMMARY ***
Total pot $5
Seat 4: a195d656won ($5)
Seat 1: f6c306b6 folded before Flop (didn't bet)
Seat 2: 5f2fcd11(small blind) folded before Flop
Seat 3: 9da451b8(big blind) folded before Flop
Seat 7: Hero folded before Flop (didn't bet)
Seat 6: b64d0dca folded before Flop (didn't bet)



Poker Hand #ring_830496507: NLH No Limit ($1/$2) - 2025/04/18 23:42:50
Table 'MR NLH 1/2' 7-max Seat #7 is the button
Seat 4: a195d656 ($224.49 in chips)
Seat 1: f6c306b6 ($758.5 in chips)
Seat 2: 5f2fcd11 ($300.28 in chips)
Seat 3: 9da451b8 ($180.25 in chips)
Seat 5: d980b972 ($573.13 in chips)
Seat 7: Hero ($258.98 in chips)
Seat 6: b64d0dca ($236.82 in chips)
f6c306b6: posts small blind $1
5f2fcd11: posts big blind $2
*** HOLE CARDS ***
Dealt to a195d656 
Dealt to f6c306b6 
Dealt to 5f2fcd11 
Dealt to 9da451b8 
Dealt to d980b972 
Dealt to Hero [Ts 5s]
Dealt to b64d0dca 
9da451b8: folds
a195d656: folds
d980b972: folds
b64d0dca: folds
Hero: folds
f6c306b6: folds
*** SHOWDOWN ***
5f2fcd11 collected $3 from pot
*** SUMMARY ***
Total pot $3
Seat 4: a195d656 folded before Flop (didn't bet)
Seat 1: f6c306b6(small blind) folded before Flop
Seat 2: 5f2fcd11(big blind)won ($3)
Seat 3: 9da451b8 folded before Flop (didn't bet)
Seat 5: d980b972 folded before Flop (didn't bet)
Seat 7: Hero folded before Flop (didn't bet)
Seat 6: b64d0dca folded before Flop (didn't bet)



Poker Hand #ring_830495643: NLH No Limit ($1/$2) - 2025/04/18 23:42:18
Table 'MR NLH 1/2' 7-max Seat #6 is the button
Seat 4: a195d656 ($224.49 in chips)
Seat 1: f6c306b6 ($760.5 in chips)
Seat 2: 5f2fcd11 ($300.28 in chips)
Seat 3: 9da451b8 ($177.25 in chips)
Seat 5: d980b972 ($573.13 in chips)
Seat 7: Hero ($259.98 in chips)
Seat 6: b64d0dca ($236.82 in chips)
Hero: posts small blind $1
f6c306b6: posts big blind $2
*** HOLE CARDS ***
Dealt to a195d656 
Dealt to f6c306b6 
Dealt to 5f2fcd11 
Dealt to 9da451b8 
Dealt to d980b972 
Dealt to Hero [9d Jd]
Dealt to b64d0dca 
5f2fcd11: folds
9da451b8: raises $3 to $5
a195d656: folds
d980b972: folds
b64d0dca: folds
Hero: folds
f6c306b6: folds
Uncalled bet ($3) returned to 9da451b8
*** SHOWDOWN ***
9da451b8 collected $5 from pot
*** SUMMARY ***
Total pot $5
Seat 4: a195d656 folded before Flop (didn't bet)
Seat 1: f6c306b6(big blind) folded before Flop
Seat 2: 5f2fcd11 folded before Flop (didn't bet)
Seat 3: 9da451b8won ($5)
Seat 5: d980b972 folded before Flop (didn't bet)
Seat 7: Hero(small blind) folded before Flop
Seat 6: b64d0dca folded before Flop (didn't bet)



Poker Hand #ring_830494469: NLH No Limit ($1/$2) - 2025/04/18 23:41:34
Table 'MR NLH 1/2' 7-max Seat #5 is the button
Seat 4: a195d656 ($224.49 in chips)
Seat 1: f6c306b6 ($760.5 in chips)
Seat 2: 5f2fcd11 ($306.28 in chips)
Seat 3: 9da451b8 ($177.25 in chips)
Seat 5: d980b972 ($573.13 in chips)
Seat 7: Hero ($261.98 in chips)
Seat 6: b64d0dca ($228.82 in chips)
b64d0dca: posts small blind $1
Hero: posts big blind $2
*** HOLE CARDS ***
Dealt to a195d656 
Dealt to f6c306b6 
Dealt to 5f2fcd11 
Dealt to 9da451b8 
Dealt to d980b972 
Dealt to Hero [Qh Tc]
Dealt to b64d0dca 
f6c306b6: folds
5f2fcd11: raises $4 to $6
9da451b8: folds
a195d656: folds
d980b972: folds
b64d0dca: raises $18 to $24
Hero: folds
5f2fcd11: folds
Uncalled bet ($18) returned to b64d0dca
*** SHOWDOWN ***
b64d0dca collected $14 from pot
*** SUMMARY ***
Total pot $14
Seat 4: a195d656 folded before Flop (didn't bet)
Seat 1: f6c306b6 folded before Flop (didn't bet)
Seat 2: 5f2fcd11 folded before Flop
Seat 3: 9da451b8 folded before Flop (didn't bet)
Seat 5: d980b972 folded before Flop (didn't bet)
Seat 7: Hero(big blind) folded before Flop
Seat 6: b64d0dca(small blind)won ($14)



Poker Hand #ring_830493557: NLH No Limit ($1/$2) - 2025/04/18 23:41:00
Table 'MR NLH 1/2' 7-max Seat #4 is the button
Seat 4: a195d656 ($224.49 in chips)
Seat 1: f6c306b6 ($768.5 in chips)
Seat 2: 5f2fcd11 ($306.28 in chips)
Seat 3: 9da451b8 ($166.25 in chips)
Seat 5: d980b972 ($574.13 in chips)
Seat 7: Hero ($261.98 in chips)
Seat 6: b64d0dca ($230.82 in chips)
d980b972: posts small blind $1
b64d0dca: posts big blind $2
*** HOLE CARDS ***
Dealt to a195d656 
Dealt to f6c306b6 
Dealt to 5f2fcd11 
Dealt to 9da451b8 
Dealt to d980b972 
Dealt to Hero [2h Ks]
Dealt to b64d0dca 
Hero: folds
f6c306b6: raises $6 to $8
5f2fcd11: folds
9da451b8: raises $16 to $24
a195d656: folds
d980b972: folds
b64d0dca: folds
f6c306b6: folds
Uncalled bet ($16) returned to 9da451b8
*** SHOWDOWN ***
9da451b8 collected $19 from pot
*** SUMMARY ***
Total pot $19
Seat 4: a195d656 folded before Flop (didn't bet)
Seat 1: f6c306b6 folded before Flop
Seat 2: 5f2fcd11 folded before Flop (didn't bet)
Seat 3: 9da451b8won ($19)
Seat 5: d980b972(small blind) folded before Flop
Seat 7: Hero folded before Flop (didn't bet)
Seat 6: b64d0dca(big blind) folded before Flop



Poker Hand #ring_830492849: NLH No Limit ($1/$2) - 2025/04/18 23:40:34
Table 'MR NLH 1/2' 7-max Seat #3 is the button
Seat 4: a195d656 ($225.49 in chips)
Seat 1: f6c306b6 ($768.5 in chips)
Seat 2: 5f2fcd11 ($306.28 in chips)
Seat 3: 9da451b8 ($163.25 in chips)
Seat 5: d980b972 ($576.13 in chips)
Seat 7: Hero ($261.98 in chips)
Seat 6: b64d0dca ($230.82 in chips)
a195d656: posts small blind $1
d980b972: posts big blind $2
*** HOLE CARDS ***
Dealt to a195d656 
Dealt to f6c306b6 
Dealt to 5f2fcd11 
Dealt to 9da451b8 
Dealt to d980b972 
Dealt to Hero [2c Qc]
Dealt to b64d0dca 
b64d0dca: folds
Hero: folds
f6c306b6: folds
5f2fcd11: folds
9da451b8: raises $3 to $5
a195d656: folds
d980b972: folds
Uncalled bet ($3) returned to 9da451b8
*** SHOWDOWN ***
9da451b8 collected $5 from pot
*** SUMMARY ***
Total pot $5
Seat 4: a195d656(small blind) folded before Flop
Seat 1: f6c306b6 folded before Flop (didn't bet)
Seat 2: 5f2fcd11 folded before Flop (didn't bet)
Seat 3: 9da451b8won ($5)
Seat 5: d980b972(big blind) folded before Flop
Seat 7: Hero folded before Flop (didn't bet)
Seat 6: b64d0dca folded before Flop (didn't bet)



Poker Hand #ring_830492083: NLH No Limit ($1/$2) - 2025/04/18 23:40:04
Table 'MR NLH 1/2' 7-max Seat #2 is the button
Seat 4: a195d656 ($227.49 in chips)
Seat 1: f6c306b6 ($768.5 in chips)
Seat 2: 5f2fcd11 ($303.28 in chips)
Seat 3: 9da451b8 ($164.25 in chips)
Seat 5: d980b972 ($576.13 in chips)
Seat 7: Hero ($261.98 in chips)
Seat 6: b64d0dca ($230.82 in chips)
9da451b8: posts small blind $1
a195d656: posts big blind $2
*** HOLE CARDS ***
Dealt to a195d656 
Dealt to f6c306b6 
Dealt to 5f2fcd11 
Dealt to 9da451b8 
Dealt to d980b972 
Dealt to Hero [4h 2d]
Dealt to b64d0dca 
d980b972: folds
b64d0dca: folds
Hero: folds
f6c306b6: folds
5f2fcd11: raises $4 to $6
9da451b8: folds
a195d656: folds
Uncalled bet ($4) returned to 5f2fcd11
*** SHOWDOWN ***
5f2fcd11 collected $5 from pot
*** SUMMARY ***
Total pot $5
Seat 4: a195d656(big blind) folded before Flop
Seat 1: f6c306b6 folded before Flop (didn't bet)
Seat 2: 5f2fcd11won ($5)
Seat 3: 9da451b8(small blind) folded before Flop
Seat 5: d980b972 folded before Flop (didn't bet)
Seat 7: Hero folded before Flop (didn't bet)
Seat 6: b64d0dca folded before Flop (didn't bet)



Poker Hand #ring_830491568: NLH No Limit ($1/$2) - 2025/04/18 23:39:44
Table 'MR NLH 1/2' 7-max Seat #1 is the button
Seat 4: a195d656 ($227.49 in chips)
Seat 1: f6c306b6 ($768.5 in chips)
Seat 2: 5f2fcd11 ($304.28 in chips)
Seat 3: 9da451b8 ($166.25 in chips)
Seat 5: d980b972 ($576.13 in chips)
Seat 7: Hero ($258.98 in chips)
Seat 6: b64d0dca ($230.82 in chips)
5f2fcd11: posts small blind $1
9da451b8: posts big blind $2
*** HOLE CARDS ***
Dealt to a195d656 
Dealt to f6c306b6 
Dealt to 5f2fcd11 
Dealt to 9da451b8 
Dealt to d980b972 
Dealt to Hero [Kd 9c]
Dealt to b64d0dca 
a195d656: folds
d980b972: folds
b64d0dca: folds
Hero: raises $3 to $5
f6c306b6: folds
5f2fcd11: folds
9da451b8: folds
Uncalled bet ($3) returned to Hero
*** SHOWDOWN ***
Hero collected $5 from pot
*** SUMMARY ***
Total pot $5
Seat 4: a195d656 folded before Flop (didn't bet)
Seat 1: f6c306b6 folded before Flop (didn't bet)
Seat 2: 5f2fcd11(small blind) folded before Flop
Seat 3: 9da451b8(big blind) folded before Flop
Seat 5: d980b972 folded before Flop (didn't bet)
Seat 7: Herowon ($5)
Seat 6: b64d0dca folded before Flop (didn't bet)



Poker Hand #ring_830489172: NLH No Limit ($1/$2) - 2025/04/18 23:38:12
Table 'MR NLH 1/2' 7-max Seat #7 is the button
Seat 4: a195d656 ($227.49 in chips)
Seat 1: f6c306b6 ($788.5 in chips)
Seat 2: 5f2fcd11 ($310.28 in chips)
Seat 3: 9da451b8 ($166.25 in chips)
Seat 5: d980b972 ($582.13 in chips)
Seat 7: Hero ($229.82 in chips)
Seat 6: b64d0dca ($230.82 in chips)
f6c306b6: posts small blind $1
5f2fcd11: posts big blind $2
*** HOLE CARDS ***
Dealt to a195d656 
Dealt to f6c306b6 
Dealt to 5f2fcd11 
Dealt to 9da451b8 
Dealt to d980b972 
Dealt to Hero [Ts Ac]
Dealt to b64d0dca 
9da451b8: folds
a195d656: folds
d980b972: raises $4 to $6
b64d0dca: folds
Hero: calls $6
f6c306b6: calls $5
5f2fcd11: calls $4
*** FLOP *** [Kc Td As]
f6c306b6: checks
5f2fcd11: checks
d980b972: checks
Hero: bets $14
f6c306b6: calls $14
5f2fcd11: folds
d980b972: folds
*** TURN *** [Kc Td As] [Jd]
f6c306b6: checks
Hero: checks
*** RIVER *** [Kc Td As Jd] [8s]
f6c306b6: checks
Hero: bets $36
f6c306b6: folds
Uncalled bet ($36) returned to Hero
*** SHOWDOWN ***
Hero collected $52 from pot
*** SUMMARY ***
Total pot $52
Board [Kc Td As Jd 8s]
Seat 4: a195d656 folded before Flop (didn't bet)
Seat 1: f6c306b6(small blind) folded on the River
Seat 2: 5f2fcd11(big blind) folded on the Flop
Seat 3: 9da451b8 folded before Flop (didn't bet)
Seat 5: d980b972 folded on the Flop
Seat 7: Herowon ($52) with Pair of Aces and Pair of Tens
Seat 6: b64d0dca folded before Flop (didn't bet)



Poker Hand #ring_830488489: NLH No Limit ($1/$2) - 2025/04/18 23:37:48
Table 'MR NLH 1/2' 7-max Seat #6 is the button
Seat 4: a195d656 ($227.49 in chips)
Seat 1: f6c306b6 ($790.5 in chips)
Seat 2: 5f2fcd11 ($310.28 in chips)
Seat 3: 9da451b8 ($166.25 in chips)
Seat 5: d980b972 ($582.13 in chips)
Seat 7: Hero ($227.82 in chips)
Seat 6: b64d0dca ($230.82 in chips)
Hero: posts small blind $1
f6c306b6: posts big blind $2
*** HOLE CARDS ***
Dealt to a195d656 
Dealt to f6c306b6 
Dealt to 5f2fcd11 
Dealt to 9da451b8 
Dealt to d980b972 
Dealt to Hero [6s 8c]
Dealt to b64d0dca 
5f2fcd11: folds
9da451b8: folds
a195d656: folds
d980b972: folds
b64d0dca: folds
Hero: raises $3 to $5
f6c306b6: folds
Uncalled bet ($3) returned to Hero
*** SHOWDOWN ***
Hero collected $4 from pot
*** SUMMARY ***
Total pot $4
Seat 4: a195d656 folded before Flop (didn't bet)
Seat 1: f6c306b6(big blind) folded before Flop
Seat 2: 5f2fcd11 folded before Flop (didn't bet)
Seat 3: 9da451b8 folded before Flop (didn't bet)
Seat 5: d980b972 folded before Flop (didn't bet)
Seat 7: Hero(small blind)won ($4)
Seat 6: b64d0dca folded before Flop (didn't bet)



Poker Hand #ring_830486915: NLH No Limit ($1/$2) - 2025/04/18 23:36:48
Table 'MR NLH 1/2' 7-max Seat #5 is the button
Seat 4: a195d656 ($227.49 in chips)
Seat 1: f6c306b6 ($790.5 in chips)
Seat 2: 5f2fcd11 ($302.91 in chips)
Seat 3: 9da451b8 ($166.25 in chips)
Seat 5: d980b972 ($582.13 in chips)
Seat 7: Hero ($229.82 in chips)
Seat 6: b64d0dca ($236.82 in chips)
b64d0dca: posts small blind $1
Hero: posts big blind $2
*** HOLE CARDS ***
Dealt to a195d656 
Dealt to f6c306b6 
Dealt to 5f2fcd11 
Dealt to 9da451b8 
Dealt to d980b972 
Dealt to Hero [8c 2c]
Dealt to b64d0dca 
f6c306b6: folds
5f2fcd11: calls $2
9da451b8: folds
a195d656: folds
d980b972: folds
b64d0dca: raises $4 to $6
Hero: folds
5f2fcd11: calls $4
*** FLOP *** [4c 5d 9d]
b64d0dca: checks
5f2fcd11: bets $4.62
b64d0dca: folds
Uncalled bet ($4.62) returned to 5f2fcd11
*** SHOWDOWN ***
5f2fcd11 collected $14 from pot
*** SUMMARY ***
Total pot $14
Board [4c 5d 9d]
Seat 4: a195d656 folded before Flop (didn't bet)
Seat 1: f6c306b6 folded before Flop (didn't bet)
Seat 2: 5f2fcd11won ($14) with Pair of Fours
Seat 3: 9da451b8 folded before Flop (didn't bet)
Seat 5: d980b972 folded before Flop (didn't bet)
Seat 7: Hero(big blind) folded before Flop
Seat 6: b64d0dca(small blind) folded on the Flop



Poker Hand #ring_830485526: NLH No Limit ($1/$2) - 2025/04/18 23:35:56
Table 'MR NLH 1/2' 7-max Seat #4 is the button
Seat 4: a195d656 ($232.49 in chips)
Seat 1: f6c306b6 ($790.5 in chips)
Seat 2: 5f2fcd11 ($302.91 in chips)
Seat 3: 9da451b8 ($158.83 in chips)
Seat 5: d980b972 ($583.13 in chips)
Seat 7: Hero ($229.82 in chips)
Seat 6: b64d0dca ($238.82 in chips)
d980b972: posts small blind $1
b64d0dca: posts big blind $2
*** HOLE CARDS ***
Dealt to a195d656 
Dealt to f6c306b6 
Dealt to 5f2fcd11 
Dealt to 9da451b8 
Dealt to d980b972 
Dealt to Hero [Ts 8d]
Dealt to b64d0dca 
Hero: folds
f6c306b6: folds
5f2fcd11: folds
9da451b8: raises $3 to $5
a195d656: calls $5
d980b972: folds
b64d0dca: folds
*** FLOP *** [Ad 3s Td]
9da451b8: bets $9.75
a195d656: folds
Uncalled bet ($9.75) returned to 9da451b8
*** SHOWDOWN ***
9da451b8 collected $13 from pot
*** SUMMARY ***
Total pot $13
Board [Ad 3s Td]
Seat 4: a195d656 folded on the Flop
Seat 1: f6c306b6 folded before Flop (didn't bet)
Seat 2: 5f2fcd11 folded before Flop (didn't bet)
Seat 3: 9da451b8won ($13) with Ace-High
Seat 5: d980b972(small blind) folded before Flop
Seat 7: Hero folded before Flop (didn't bet)
Seat 6: b64d0dca(big blind) folded before Flop



Poker Hand #ring_830483872: NLH No Limit ($1/$2) - 2025/04/18 23:34:55
Table 'MR NLH 1/2' 7-max Seat #3 is the button
Seat 4: a195d656 ($233.49 in chips)
Seat 1: f6c306b6 ($790.5 in chips)
Seat 2: 5f2fcd11 ($302.91 in chips)
Seat 3: 9da451b8 ($158.83 in chips)
Seat 5: d980b972 ($570.61 in chips)
Seat 7: Hero ($229.82 in chips)
Seat 6: b64d0dca ($252.07 in chips)
a195d656: posts small blind $1
d980b972: posts big blind $2
*** HOLE CARDS ***
Dealt to a195d656 
Dealt to f6c306b6 
Dealt to 5f2fcd11 
Dealt to 9da451b8 
Dealt to d980b972 
Dealt to Hero [7c 3d]
Dealt to b64d0dca 
b64d0dca: raises $3 to $5
Hero: folds
f6c306b6: folds
5f2fcd11: folds
9da451b8: folds
a195d656: folds
d980b972: calls $3
*** FLOP *** [Ks 3h Tc]
d980b972: checks
b64d0dca: checks
*** TURN *** [Ks 3h Tc] [2c]
d980b972: bets $8.25
b64d0dca: calls $8.25
*** RIVER *** [Ks 3h Tc 2c] [4s]
d980b972: bets $20.63
b64d0dca: folds
Uncalled bet ($20.63) returned to d980b972
*** SHOWDOWN ***
d980b972 collected $27.5 from pot
*** SUMMARY ***
Total pot $27.5
Board [Ks 3h Tc 2c 4s]
Seat 4: a195d656(small blind) folded before Flop
Seat 1: f6c306b6 folded before Flop (didn't bet)
Seat 2: 5f2fcd11 folded before Flop (didn't bet)
Seat 3: 9da451b8 folded before Flop (didn't bet)
Seat 5: d980b972(big blind)won ($27.5) with Pair of Kings
Seat 7: Hero folded before Flop (didn't bet)
Seat 6: b64d0dca folded on the River



Poker Hand #ring_830483316: NLH No Limit ($1/$2) - 2025/04/18 23:34:34
Table 'MR NLH 1/2' 7-max Seat #2 is the button
Seat 4: a195d656 ($235.49 in chips)
Seat 1: f6c306b6 ($787.5 in chips)
Seat 2: 5f2fcd11 ($302.91 in chips)
Seat 3: 9da451b8 ($159.83 in chips)
Seat 5: d980b972 ($570.61 in chips)
Seat 7: Hero ($229.82 in chips)
Seat 6: b64d0dca ($252.07 in chips)
9da451b8: posts small blind $1
a195d656: posts big blind $2
*** HOLE CARDS ***
Dealt to a195d656 
Dealt to f6c306b6 
Dealt to 5f2fcd11 
Dealt to 9da451b8 
Dealt to d980b972 
Dealt to Hero [9c 6d]
Dealt to b64d0dca 
d980b972: folds
b64d0dca: folds
Hero: folds
f6c306b6: raises $4 to $6
5f2fcd11: folds
9da451b8: folds
a195d656: folds
Uncalled bet ($4) returned to f6c306b6
*** SHOWDOWN ***
f6c306b6 collected $5 from pot
*** SUMMARY ***
Total pot $5
Seat 4: a195d656(big blind) folded before Flop
Seat 1: f6c306b6won ($5)
Seat 2: 5f2fcd11 folded before Flop (didn't bet)
Seat 3: 9da451b8(small blind) folded before Flop
Seat 5: d980b972 folded before Flop (didn't bet)
Seat 7: Hero folded before Flop (didn't bet)
Seat 6: b64d0dca folded before Flop (didn't bet)



Poker Hand #ring_830482601: NLH No Limit ($1/$2) - 2025/04/18 23:34:07
Table 'MR NLH 1/2' 7-max Seat #1 is the button
Seat 4: a195d656 ($235.49 in chips)
Seat 1: f6c306b6 ($784.5 in chips)
Seat 2: 5f2fcd11 ($303.91 in chips)
Seat 3: 9da451b8 ($161.83 in chips)
Seat 5: d980b972 ($570.61 in chips)
Seat 7: Hero ($229.82 in chips)
Seat 6: b64d0dca ($252.07 in chips)
5f2fcd11: posts small blind $1
9da451b8: posts big blind $2
*** HOLE CARDS ***
Dealt to a195d656 
Dealt to f6c306b6 
Dealt to 5f2fcd11 
Dealt to 9da451b8 
Dealt to d980b972 
Dealt to Hero [2h As]
Dealt to b64d0dca 
a195d656: folds
d980b972: folds
b64d0dca: folds
Hero: folds
f6c306b6: raises $4 to $6
5f2fcd11: folds
9da451b8: folds
Uncalled bet ($4) returned to f6c306b6
*** SHOWDOWN ***
f6c306b6 collected $5 from pot
*** SUMMARY ***
Total pot $5
Seat 4: a195d656 folded before Flop (didn't bet)
Seat 1: f6c306b6won ($5)
Seat 2: 5f2fcd11(small blind) folded before Flop
Seat 3: 9da451b8(big blind) folded before Flop
Seat 5: d980b972 folded before Flop (didn't bet)
Seat 7: Hero folded before Flop (didn't bet)
Seat 6: b64d0dca folded before Flop (didn't bet)



Poker Hand #ring_830481803: NLH No Limit ($1/$2) - 2025/04/18 23:33:38
Table 'MR NLH 1/2' 7-max Seat #7 is the button
Seat 4: a195d656 ($232.49 in chips)
Seat 1: f6c306b6 ($785.5 in chips)
Seat 2: 5f2fcd11 ($305.91 in chips)
Seat 3: 9da451b8 ($161.83 in chips)
Seat 5: d980b972 ($570.61 in chips)
Seat 7: Hero ($229.82 in chips)
Seat 6: b64d0dca ($252.07 in chips)
f6c306b6: posts small blind $1
5f2fcd11: posts big blind $2
*** HOLE CARDS ***
Dealt to a195d656 
Dealt to f6c306b6 
Dealt to 5f2fcd11 
Dealt to 9da451b8 
Dealt to d980b972 
Dealt to Hero [9c 7d]
Dealt to b64d0dca 
9da451b8: folds
a195d656: raises $4 to $6
d980b972: folds
b64d0dca: folds
Hero: folds
f6c306b6: folds
5f2fcd11: folds
Uncalled bet ($4) returned to a195d656
*** SHOWDOWN ***
a195d656 collected $5 from pot
*** SUMMARY ***
Total pot $5
Seat 4: a195d656won ($5)
Seat 1: f6c306b6(small blind) folded before Flop
Seat 2: 5f2fcd11(big blind) folded before Flop
Seat 3: 9da451b8 folded before Flop (didn't bet)
Seat 5: d980b972 folded before Flop (didn't bet)
Seat 7: Hero folded before Flop (didn't bet)
Seat 6: b64d0dca folded before Flop (didn't bet)



Poker Hand #ring_830480717: NLH No Limit ($1/$2) - 2025/04/18 23:32:58
Table 'MR NLH 1/2' 7-max Seat #6 is the button
Seat 4: a195d656 ($232.49 in chips)
Seat 1: f6c306b6 ($787.5 in chips)
Seat 2: 5f2fcd11 ($305.91 in chips)
Seat 3: 9da451b8 ($158.83 in chips)
Seat 5: d980b972 ($570.61 in chips)
Seat 7: Hero ($230.82 in chips)
Seat 6: b64d0dca ($252.07 in chips)
Hero: posts small blind $1
f6c306b6: posts big blind $2
*** HOLE CARDS ***
Dealt to a195d656 
Dealt to f6c306b6 
Dealt to 5f2fcd11 
Dealt to 9da451b8 
Dealt to d980b972 
Dealt to Hero [8h As]
Dealt to b64d0dca 
5f2fcd11: folds
9da451b8: raises $3 to $5
a195d656: folds
d980b972: folds
b64d0dca: folds
Hero: folds
f6c306b6: folds
Uncalled bet ($3) returned to 9da451b8
*** SHOWDOWN ***
9da451b8 collected $5 from pot
*** SUMMARY ***
Total pot $5
Seat 4: a195d656 folded before Flop (didn't bet)
Seat 1: f6c306b6(big blind) folded before Flop
Seat 2: 5f2fcd11 folded before Flop (didn't bet)
Seat 3: 9da451b8won ($5)
Seat 5: d980b972 folded before Flop (didn't bet)
Seat 7: Hero(small blind) folded before Flop
Seat 6: b64d0dca folded before Flop (didn't bet)



Poker Hand #ring_830479994: NLH No Limit ($1/$2) - 2025/04/18 23:32:31
Table 'MR NLH 1/2' 7-max Seat #5 is the button
Seat 4: a195d656 ($229.49 in chips)
Seat 1: f6c306b6 ($787.5 in chips)
Seat 2: 5f2fcd11 ($305.91 in chips)
Seat 3: 9da451b8 ($158.83 in chips)
Seat 5: d980b972 ($570.61 in chips)
Seat 7: Hero ($232.82 in chips)
Seat 6: b64d0dca ($253.07 in chips)
b64d0dca: posts small blind $1
Hero: posts big blind $2
*** HOLE CARDS ***
Dealt to a195d656 
Dealt to f6c306b6 
Dealt to 5f2fcd11 
Dealt to 9da451b8 
Dealt to d980b972 
Dealt to Hero [8h 2s]
Dealt to b64d0dca 
f6c306b6: folds
5f2fcd11: folds
9da451b8: folds
a195d656: raises $4 to $6
d980b972: folds
b64d0dca: folds
Hero: folds
Uncalled bet ($4) returned to a195d656
*** SHOWDOWN ***
a195d656 collected $5 from pot
*** SUMMARY ***
Total pot $5
Seat 4: a195d656won ($5)
Seat 1: f6c306b6 folded before Flop (didn't bet)
Seat 2: 5f2fcd11 folded before Flop (didn't bet)
Seat 3: 9da451b8 folded before Flop (didn't bet)
Seat 5: d980b972 folded before Flop (didn't bet)
Seat 7: Hero(big blind) folded before Flop
Seat 6: b64d0dca(small blind) folded before Flop



Poker Hand #ring_830479124: NLH No Limit ($1/$2) - 2025/04/18 23:31:59
Table 'MR NLH 1/2' 7-max Seat #4 is the button
Seat 4: a195d656 ($220.49 in chips)
Seat 1: f6c306b6 ($787.5 in chips)
Seat 2: 5f2fcd11 ($311.91 in chips)
Seat 3: 9da451b8 ($158.83 in chips)
Seat 5: d980b972 ($571.61 in chips)
Seat 7: Hero ($232.82 in chips)
Seat 6: b64d0dca ($255.07 in chips)
d980b972: posts small blind $1
b64d0dca: posts big blind $2
*** HOLE CARDS ***
Dealt to a195d656 
Dealt to f6c306b6 
Dealt to 5f2fcd11 
Dealt to 9da451b8 
Dealt to d980b972 
Dealt to Hero [Ac 2s]
Dealt to b64d0dca 
Hero: folds
f6c306b6: folds
5f2fcd11: raises $4 to $6
9da451b8: folds
a195d656: raises $14 to $20
d980b972: folds
b64d0dca: folds
5f2fcd11: folds
Uncalled bet ($14) returned to a195d656
*** SHOWDOWN ***
a195d656 collected $15 from pot
*** SUMMARY ***
Total pot $15
Seat 4: a195d656won ($15)
Seat 1: f6c306b6 folded before Flop (didn't bet)
Seat 2: 5f2fcd11 folded before Flop
Seat 3: 9da451b8 folded before Flop (didn't bet)
Seat 5: d980b972(small blind) folded before Flop
Seat 7: Hero folded before Flop (didn't bet)
Seat 6: b64d0dca(big blind) folded before Flop



Poker Hand #ring_830475278: NLH No Limit ($1/$2) - 2025/04/18 23:29:34
Table 'MR NLH 1/2' 7-max Seat #3 is the button
Seat 4: a195d656 ($221.49 in chips)
Seat 1: f6c306b6 ($787.5 in chips)
Seat 2: 5f2fcd11 ($311.91 in chips)
Seat 3: 9da451b8 ($158.83 in chips)
Seat 5: d980b972 ($522.51 in chips)
Seat 7: Hero ($286.27 in chips)
Seat 6: b64d0dca ($255.07 in chips)
a195d656: posts small blind $1
d980b972: posts big blind $2
*** HOLE CARDS ***
Dealt to a195d656 
Dealt to f6c306b6 
Dealt to 5f2fcd11 
Dealt to 9da451b8 
Dealt to d980b972 
Dealt to Hero [Js Jc]
Dealt to b64d0dca 
b64d0dca: folds
Hero: raises $4 to $6
f6c306b6: folds
5f2fcd11: folds
9da451b8: folds
a195d656: folds
d980b972: calls $4
*** FLOP *** [Qs 3d 8s]
d980b972: checks
Hero: bets $6.5
d980b972: raises $19.5 to $26
Hero: calls $19.5
*** TURN *** [Qs 3d 8s] [Ts]
d980b972: bets $21.45
Hero: calls $21.45
*** RIVER *** [Qs 3d 8s Ts] [Td]
d980b972: bets $45
Hero: folds
Uncalled bet ($45) returned to d980b972
*** SHOWDOWN ***
d980b972 collected $107.9 from pot
*** SUMMARY ***
Total pot $107.9
Board [Qs 3d 8s Ts Td]
Seat 4: a195d656(small blind) folded before Flop
Seat 1: f6c306b6 folded before Flop (didn't bet)
Seat 2: 5f2fcd11 folded before Flop (didn't bet)
Seat 3: 9da451b8 folded before Flop (didn't bet)
Seat 5: d980b972(big blind)won ($107.9) with Queen High Flush
Seat 7: Hero folded on the River
Seat 6: b64d0dca folded before Flop (didn't bet)



Poker Hand #ring_830474729: NLH No Limit ($1/$2) - 2025/04/18 23:29:14
Table 'MR NLH 1/2' 7-max Seat #2 is the button
Seat 4: a195d656 ($220.49 in chips)
Seat 1: f6c306b6 ($787.5 in chips)
Seat 2: 5f2fcd11 ($311.91 in chips)
Seat 3: 9da451b8 ($159.83 in chips)
Seat 5: d980b972 ($522.51 in chips)
Seat 7: Hero ($286.27 in chips)
Seat 6: b64d0dca ($255.07 in chips)
9da451b8: posts small blind $1
a195d656: posts big blind $2
*** HOLE CARDS ***
Dealt to a195d656 
Dealt to f6c306b6 
Dealt to 5f2fcd11 
Dealt to 9da451b8 
Dealt to d980b972 
Dealt to Hero [3h 6c]
Dealt to b64d0dca 
d980b972: folds
b64d0dca: folds
Hero: folds
f6c306b6: folds
5f2fcd11: folds
9da451b8: folds
*** SHOWDOWN ***
a195d656 collected $3 from pot
*** SUMMARY ***
Total pot $3
Seat 4: a195d656(big blind)won ($3)
Seat 1: f6c306b6 folded before Flop (didn't bet)
Seat 2: 5f2fcd11 folded before Flop (didn't bet)
Seat 3: 9da451b8(small blind) folded before Flop
Seat 5: d980b972 folded before Flop (didn't bet)
Seat 7: Hero folded before Flop (didn't bet)
Seat 6: b64d0dca folded before Flop (didn't bet)



Poker Hand #ring_830473365: NLH No Limit ($1/$2) - 2025/04/18 23:28:23
Table 'MR NLH 1/2' 7-max Seat #1 is the button
Seat 4: a195d656 ($220.49 in chips)
Seat 1: f6c306b6 ($787.5 in chips)
Seat 2: 5f2fcd11 ($312.91 in chips)
Seat 3: 9da451b8 ($186.83 in chips)
Seat 5: d980b972 ($522.51 in chips)
Seat 7: Hero ($261.24 in chips)
Seat 6: b64d0dca ($255.07 in chips)
5f2fcd11: posts small blind $1
9da451b8: posts big blind $2
*** HOLE CARDS ***
Dealt to a195d656 
Dealt to f6c306b6 
Dealt to 5f2fcd11 
Dealt to 9da451b8 
Dealt to d980b972 
Dealt to Hero [8s Ks]
Dealt to b64d0dca 
a195d656: folds
d980b972: folds
b64d0dca: folds
Hero: raises $3 to $5
f6c306b6: folds
5f2fcd11: folds
9da451b8: calls $3
*** FLOP *** [4s 8c 3c]
9da451b8: checks
Hero: checks
*** TURN *** [4s 8c 3c] [4d]
9da451b8: bets $5.5
Hero: calls $5.5
*** RIVER *** [4s 8c 3c 4d] [2h]
9da451b8: bets $16.5
Hero: calls $16.5
9da451b8: shows [7d 7c]
Hero: shows [8s Ks]
*** SHOWDOWN ***
Hero collected $55 from pot
*** SUMMARY ***
Total pot $55
Board [4s 8c 3c 4d 2h]
Seat 4: a195d656 folded before Flop (didn't bet)
Seat 1: f6c306b6 folded before Flop (didn't bet)
Seat 2: 5f2fcd11(small blind) folded before Flop
Seat 3: 9da451b8(big blind) showed [7d 7c] and lost with Pair of Sevens and Pair of Fours
Seat 5: d980b972 folded before Flop (didn't bet)
Seat 7: Hero showed [8s Ks] and won ($55) with Pair of Eights and Pair of Fours
Seat 6: b64d0dca folded before Flop (didn't bet)



Poker Hand #ring_830471719: NLH No Limit ($1/$2) - 2025/04/18 23:27:20
Table 'MR NLH 1/2' 7-max Seat #7 is the button
Seat 4: a195d656 ($220.49 in chips)
Seat 1: f6c306b6 ($788.5 in chips)
Seat 2: 5f2fcd11 ($299.12 in chips)
Seat 3: 9da451b8 ($186.83 in chips)
Seat 5: d980b972 ($522.51 in chips)
Seat 7: Hero ($261.24 in chips)
Seat 6: b64d0dca ($269.72 in chips)
f6c306b6: posts small blind $1
5f2fcd11: posts big blind $2
*** HOLE CARDS ***
Dealt to a195d656 
Dealt to f6c306b6 
Dealt to 5f2fcd11 
Dealt to 9da451b8 
Dealt to d980b972 
Dealt to Hero [4s 7h]
Dealt to b64d0dca 
9da451b8: folds
a195d656: folds
d980b972: folds
b64d0dca: raises $3 to $5
Hero: folds
f6c306b6: folds
5f2fcd11: calls $3
*** FLOP *** [9s Qd As]
5f2fcd11: checks
b64d0dca: bets $3.63
5f2fcd11: calls $3.63
*** TURN *** [9s Qd As] [Ts]
5f2fcd11: checks
b64d0dca: checks
*** RIVER *** [9s Qd As Ts] [9d]
5f2fcd11: bets $6.02
b64d0dca: calls $6.02
5f2fcd11: shows [4h Ac]
b64d0dca: shows [8h Qh]
*** SHOWDOWN ***
5f2fcd11 collected $30.3 from pot
*** SUMMARY ***
Total pot $30.3
Board [9s Qd As Ts 9d]
Seat 4: a195d656 folded before Flop (didn't bet)
Seat 1: f6c306b6(small blind) folded before Flop
Seat 2: 5f2fcd11(big blind) showed [4h Ac] and won ($30.3) with Pair of Aces and Pair of Nines
Seat 3: 9da451b8 folded before Flop (didn't bet)
Seat 5: d980b972 folded before Flop (didn't bet)
Seat 7: Hero folded before Flop (didn't bet)
Seat 6: b64d0dca showed [8h Qh] and lost with Pair of Queens and Pair of Nines



Poker Hand #ring_830470102: NLH No Limit ($1/$2) - 2025/04/18 23:26:19
Table 'MR NLH 1/2' 7-max Seat #6 is the button
Seat 4: a195d656 ($198.05 in chips)
Seat 1: f6c306b6 ($790.5 in chips)
Seat 2: 5f2fcd11 ($321.18 in chips)
Seat 3: 9da451b8 ($186.83 in chips)
Seat 5: d980b972 ($522.51 in chips)
Seat 7: Hero ($262.24 in chips)
Seat 6: b64d0dca ($269.72 in chips)
Hero: posts small blind $1
f6c306b6: posts big blind $2
5f2fcd11: posts big blind $2
*** HOLE CARDS ***
Dealt to a195d656 
Dealt to f6c306b6 
Dealt to 5f2fcd11 
Dealt to 9da451b8 
Dealt to d980b972 
Dealt to Hero [5d 6c]
Dealt to b64d0dca 
5f2fcd11: checks
9da451b8: folds
a195d656: raises $6 to $8
d980b972: folds
b64d0dca: folds
Hero: folds
f6c306b6: folds
5f2fcd11: calls $6
*** FLOP *** [8c Ad Kc]
5f2fcd11: checks
a195d656: bets $14.06
5f2fcd11: calls $14.06
*** TURN *** [8c Ad Kc] [9h]
5f2fcd11: checks
a195d656: bets $34.87
5f2fcd11: folds
Uncalled bet ($34.87) returned to a195d656
*** SHOWDOWN ***
a195d656 collected $47.12 from pot
*** SUMMARY ***
Total pot $47.12
Board [8c Ad Kc 9h]
Seat 4: a195d656won ($47.12) with Pair of Aces
Seat 1: f6c306b6(big blind) folded before Flop
Seat 2: 5f2fcd11 folded on the Turn
Seat 3: 9da451b8 folded before Flop (didn't bet)
Seat 5: d980b972 folded before Flop (didn't bet)
Seat 7: Hero(small blind) folded before Flop
Seat 6: b64d0dca folded before Flop (didn't bet)



Poker Hand #ring_830468546: NLH No Limit ($1/$2) - 2025/04/18 23:25:19
Table 'MR NLH 1/2' 7-max Seat #5 is the button
Seat 4: a195d656 ($198.05 in chips)
Seat 1: f6c306b6 ($775.71 in chips)
Seat 3: 9da451b8 ($186.83 in chips)
Seat 5: d980b972 ($522.51 in chips)
Seat 7: Hero ($277.99 in chips)
Seat 6: b64d0dca ($270.72 in chips)
b64d0dca: posts small blind $1
Hero: posts big blind $2
*** HOLE CARDS ***
Dealt to a195d656 
Dealt to f6c306b6 
Dealt to 9da451b8 
Dealt to d980b972 
Dealt to Hero [Jc Js]
Dealt to b64d0dca 
f6c306b6: calls $2
9da451b8: folds
a195d656: folds
d980b972: folds
b64d0dca: folds
Hero: raises $4 to $6
f6c306b6: calls $4
*** FLOP *** [6h 9c 7c]
Hero: bets $9.75
f6c306b6: calls $9.75
*** TURN *** [6h 9c 7c] [Ts]
Hero: checks
f6c306b6: checks
*** RIVER *** [6h 9c 7c Ts] [Tc]
Hero: checks
f6c306b6: checks
f6c306b6: shows [Th As]
Hero: shows [Jc Js]
*** SHOWDOWN ***
f6c306b6 collected $32.5 from pot
*** SUMMARY ***
Total pot $32.5
Board [6h 9c 7c Ts Tc]
Seat 4: a195d656 folded before Flop (didn't bet)
Seat 1: f6c306b6 showed [Th As] and won ($32.5) with Three Tens
Seat 3: 9da451b8 folded before Flop (didn't bet)
Seat 5: d980b972 folded before Flop (didn't bet)
Seat 7: Hero(big blind) showed [Jc Js] and lost with Pair of Jacks and Pair of Tens
Seat 6: b64d0dca(small blind) folded before Flop



Poker Hand #ring_830468035: NLH No Limit ($1/$2) - 2025/04/18 23:25:00
Table 'MR NLH 1/2' 7-max Seat #4 is the button
Seat 4: a195d656 ($198.05 in chips)
Seat 1: f6c306b6 ($775.71 in chips)
Seat 3: 9da451b8 ($186.83 in chips)
Seat 5: d980b972 ($523.51 in chips)
Seat 7: Hero ($277.99 in chips)
Seat 6: b64d0dca ($269.72 in chips)
d980b972: posts small blind $1
b64d0dca: posts big blind $2
*** HOLE CARDS ***
Dealt to a195d656 
Dealt to f6c306b6 
Dealt to 9da451b8 
Dealt to d980b972 
Dealt to Hero [Qd 2d]
Dealt to b64d0dca 
Hero: folds
f6c306b6: folds
9da451b8: folds
a195d656: folds
d980b972: folds
*** SHOWDOWN ***
b64d0dca collected $3 from pot
*** SUMMARY ***
Total pot $3
Seat 4: a195d656 folded before Flop (didn't bet)
Seat 1: f6c306b6 folded before Flop (didn't bet)
Seat 3: 9da451b8 folded before Flop (didn't bet)
Seat 5: d980b972(small blind) folded before Flop
Seat 7: Hero folded before Flop (didn't bet)
Seat 6: b64d0dca(big blind)won ($3)



Poker Hand #ring_830466824: NLH No Limit ($1/$2) - 2025/04/18 23:24:16
Table 'MR NLH 1/2' 7-max Seat #3 is the button
Seat 4: a195d656 ($199.05 in chips)
Seat 1: f6c306b6 ($781.71 in chips)
Seat 3: 9da451b8 ($186.83 in chips)
Seat 5: d980b972 ($511.36 in chips)
Seat 7: Hero ($283.99 in chips)
Seat 6: b64d0dca ($269.72 in chips)
a195d656: posts small blind $1
d980b972: posts big blind $2
*** HOLE CARDS ***
Dealt to a195d656 
Dealt to f6c306b6 
Dealt to 9da451b8 
Dealt to d980b972 
Dealt to Hero [5s 4s]
Dealt to b64d0dca 
b64d0dca: folds
Hero: raises $4 to $6
f6c306b6: calls $6
9da451b8: folds
a195d656: folds
d980b972: calls $4
*** FLOP *** [Ac 4c 8d]
d980b972: checks
Hero: checks
f6c306b6: checks
*** TURN *** [Ac 4c 8d] [Kc]
d980b972: checks
Hero: checks
f6c306b6: checks
*** RIVER *** [Ac 4c 8d Kc] [Jd]
d980b972: bets $6.27
Hero: folds
f6c306b6: folds
Uncalled bet ($6.27) returned to d980b972
*** SHOWDOWN ***
d980b972 collected $19 from pot
*** SUMMARY ***
Total pot $19
Board [Ac 4c 8d Kc Jd]
Seat 4: a195d656(small blind) folded before Flop
Seat 1: f6c306b6 folded on the River
Seat 3: 9da451b8 folded before Flop (didn't bet)
Seat 5: d980b972(big blind)won ($19) with Ace High Flush
Seat 7: Hero folded on the River
Seat 6: b64d0dca folded before Flop (didn't bet)



Poker Hand #ring_830464939: NLH No Limit ($1/$2) - 2025/04/18 23:23:02
Table 'MR NLH 1/2' 7-max Seat #0 is the button
Seat 4: a195d656 ($215.55 in chips)
Seat 1: f6c306b6 ($766.24 in chips)
Seat 3: 9da451b8 ($187.83 in chips)
Seat 5: d980b972 ($511.36 in chips)
Seat 7: Hero ($283.99 in chips)
Seat 6: b64d0dca ($269.72 in chips)
9da451b8: posts small blind $1
a195d656: posts big blind $2
*** HOLE CARDS ***
Dealt to a195d656 
Dealt to f6c306b6 
Dealt to 9da451b8 
Dealt to d980b972 
Dealt to Hero [Qc 8s]
Dealt to b64d0dca 
d980b972: folds
b64d0dca: folds
Hero: folds
f6c306b6: raises $6 to $8
9da451b8: folds
a195d656: calls $6
*** FLOP *** [6h Jc Ah]
a195d656: checks
f6c306b6: checks
*** TURN *** [6h Jc Ah] [Ad]
a195d656: checks
f6c306b6: bets $8.5
a195d656: calls $8.5
*** RIVER *** [6h Jc Ah Ad] [2d]
a195d656: checks
f6c306b6: bets $52
a195d656: folds
Uncalled bet ($52) returned to f6c306b6
*** SHOWDOWN ***
f6c306b6 collected $34 from pot
*** SUMMARY ***
Total pot $34
Board [6h Jc Ah Ad 2d]
Seat 4: a195d656(big blind) folded on the River
Seat 1: f6c306b6won ($34) with Three Aces
Seat 3: 9da451b8(small blind) folded before Flop
Seat 5: d980b972 folded before Flop (didn't bet)
Seat 7: Hero folded before Flop (didn't bet)
Seat 6: b64d0dca folded before Flop (didn't bet)



Poker Hand #ring_830464004: NLH No Limit ($1/$2) - 2025/04/18 23:22:26
Table 'MR NLH 1/2' 7-max Seat #1 is the button
Seat 4: a195d656 ($215.55 in chips)
Seat 1: f6c306b6 ($757.24 in chips)
Seat 3: 9da451b8 ($189.83 in chips)
Seat 5: d980b972 ($517.36 in chips)
Seat 7: Hero ($284.99 in chips)
Seat 6: b64d0dca ($269.72 in chips)
9da451b8: posts big blind $2
Hero: posts big blind $0
Hero: posts small blind $1
*** HOLE CARDS ***
Dealt to a195d656 
Dealt to f6c306b6 
Dealt to 9da451b8 
Dealt to d980b972 
Dealt to Hero [6d 7c]
Dealt to b64d0dca 
a195d656: folds
d980b972: raises $4 to $6
b64d0dca: folds
Hero: folds
f6c306b6: raises $14 to $20
9da451b8: folds
d980b972: folds
Uncalled bet ($14) returned to f6c306b6
*** SHOWDOWN ***
f6c306b6 collected $15 from pot
*** SUMMARY ***
Total pot $14
Seat 4: a195d656 folded before Flop (didn't bet)
Seat 1: f6c306b6won ($15)
Seat 3: 9da451b8(big blind) folded before Flop
Seat 5: d980b972 folded before Flop
Seat 7: Hero folded before Flop (didn't bet)
Seat 6: b64d0dca folded before Flop (didn't bet)



Poker Hand #ring_830461174: NLH No Limit ($1/$2) - 2025/04/18 23:20:36
Table 'MR NLH 1/2' 7-max Seat #5 is the button
Seat 4: a195d656 ($209.13 in chips)
Seat 1: f6c306b6 ($760.24 in chips)
Seat 2: 90327b39 ($324.18 in chips)
Seat 3: 9da451b8 ($189.83 in chips)
Seat 5: d980b972 ($515.36 in chips)
Seat 7: Hero ($286.99 in chips)
Seat 6: b64d0dca ($270.72 in chips)
b64d0dca: posts small blind $1
Hero: posts big blind $2
*** HOLE CARDS ***
Dealt to a195d656 
Dealt to f6c306b6 
Dealt to 90327b39 
Dealt to 9da451b8 
Dealt to d980b972 
Dealt to Hero [Qc 8s]
Dealt to b64d0dca 
f6c306b6: folds
90327b39: raises $4 to $6
9da451b8: folds
a195d656: folds
d980b972: folds
b64d0dca: folds
Hero: folds
Uncalled bet ($4) returned to 90327b39
*** SHOWDOWN ***
90327b39 collected $5 from pot
*** SUMMARY ***
Total pot $5
Seat 4: a195d656 folded before Flop (didn't bet)
Seat 1: f6c306b6 folded before Flop (didn't bet)
Seat 2: 90327b39won ($5)
Seat 3: 9da451b8 folded before Flop (didn't bet)
Seat 5: d980b972 folded before Flop (didn't bet)
Seat 7: Hero(big blind) folded before Flop
Seat 6: b64d0dca(small blind) folded before Flop



Poker Hand #ring_830458359: NLH No Limit ($1/$2) - 2025/04/18 23:18:45
Table 'MR NLH 1/2' 7-max Seat #4 is the button
Seat 4: a195d656 ($195.82 in chips)
Seat 1: f6c306b6 ($760.24 in chips)
Seat 2: 90327b39 ($324.18 in chips)
Seat 3: 9da451b8 ($201.85 in chips)
Seat 5: d980b972 ($516.36 in chips)
Seat 7: Hero ($286.99 in chips)
Seat 6: b64d0dca ($272.72 in chips)
d980b972: posts small blind $1
b64d0dca: posts big blind $2
*** HOLE CARDS ***
Dealt to a195d656 
Dealt to f6c306b6 
Dealt to 90327b39 
Dealt to 9da451b8 
Dealt to d980b972 
Dealt to Hero [8d 2s]
Dealt to b64d0dca 
Hero: folds
f6c306b6: folds
90327b39: folds
9da451b8: raises $3 to $5
a195d656: calls $5
d980b972: folds
b64d0dca: folds
*** FLOP *** [9c 7h Jc]
9da451b8: checks
a195d656: bets $7.02
9da451b8: calls $7.02
*** TURN *** [9c 7h Jc] [Kd]
9da451b8: checks
a195d656: bets $37
9da451b8: folds
Uncalled bet ($37) returned to a195d656
*** SHOWDOWN ***
a195d656 collected $27.04 from pot
*** SUMMARY ***
Total pot $27.04
Board [9c 7h Jc Kd]
Seat 4: a195d656won ($27.04) with Kings-High Straight
Seat 1: f6c306b6 folded before Flop (didn't bet)
Seat 2: 90327b39 folded before Flop (didn't bet)
Seat 3: 9da451b8 folded on the Turn
Seat 5: d980b972(small blind) folded before Flop
Seat 7: Hero folded before Flop (didn't bet)
Seat 6: b64d0dca(big blind) folded before Flop



Poker Hand #ring_830457506: NLH No Limit ($1/$2) - 2025/04/18 23:18:12
Table 'MR NLH 1/2' 7-max Seat #3 is the button
Seat 4: a195d656 ($196.82 in chips)
Seat 1: f6c306b6 ($760.24 in chips)
Seat 2: 90327b39 ($331.18 in chips)
Seat 3: 9da451b8 ($201.85 in chips)
Seat 5: d980b972 ($508.36 in chips)
Seat 7: Hero ($286.99 in chips)
Seat 6: b64d0dca ($272.72 in chips)
a195d656: posts small blind $1
d980b972: posts big blind $2
*** HOLE CARDS ***
Dealt to a195d656 
Dealt to f6c306b6 
Dealt to 90327b39 
Dealt to 9da451b8 
Dealt to d980b972 
Dealt to Hero [Jc 2h]
Dealt to b64d0dca 
b64d0dca: folds
Hero: folds
f6c306b6: folds
90327b39: raises $5 to $7
9da451b8: folds
a195d656: folds
d980b972: raises $23 to $30
90327b39: folds
Uncalled bet ($23) returned to d980b972
*** SHOWDOWN ***
d980b972 collected $15 from pot
*** SUMMARY ***
Total pot $15
Seat 4: a195d656(small blind) folded before Flop
Seat 1: f6c306b6 folded before Flop (didn't bet)
Seat 2: 90327b39 folded before Flop
Seat 3: 9da451b8 folded before Flop (didn't bet)
Seat 5: d980b972(big blind)won ($15)
Seat 7: Hero folded before Flop (didn't bet)
Seat 6: b64d0dca folded before Flop (didn't bet)



Poker Hand #ring_830456841: NLH No Limit ($1/$2) - 2025/04/18 23:17:46
Table 'MR NLH 1/2' 7-max Seat #2 is the button
Seat 4: a195d656 ($198.82 in chips)
Seat 1: f6c306b6 ($760.24 in chips)
Seat 2: 90327b39 ($328.18 in chips)
Seat 3: 9da451b8 ($202.85 in chips)
Seat 5: d980b972 ($508.36 in chips)
Seat 7: Hero ($286.99 in chips)
Seat 6: b64d0dca ($272.72 in chips)
9da451b8: posts small blind $1
a195d656: posts big blind $2
*** HOLE CARDS ***
Dealt to a195d656 
Dealt to f6c306b6 
Dealt to 90327b39 
Dealt to 9da451b8 
Dealt to d980b972 
Dealt to Hero [5h Qd]
Dealt to b64d0dca 
d980b972: folds
b64d0dca: folds
Hero: folds
f6c306b6: folds
90327b39: raises $4 to $6
9da451b8: folds
a195d656: folds
Uncalled bet ($4) returned to 90327b39
*** SHOWDOWN ***
90327b39 collected $5 from pot
*** SUMMARY ***
Total pot $5
Seat 4: a195d656(big blind) folded before Flop
Seat 1: f6c306b6 folded before Flop (didn't bet)
Seat 2: 90327b39won ($5)
Seat 3: 9da451b8(small blind) folded before Flop
Seat 5: d980b972 folded before Flop (didn't bet)
Seat 7: Hero folded before Flop (didn't bet)
Seat 6: b64d0dca folded before Flop (didn't bet)



Poker Hand #ring_830455796: NLH No Limit ($1/$2) - 2025/04/18 23:17:05
Table 'MR NLH 1/2' 7-max Seat #1 is the button
Seat 4: a195d656 ($198.82 in chips)
Seat 1: f6c306b6 ($760.24 in chips)
Seat 2: 90327b39 ($329.18 in chips)
Seat 3: 9da451b8 ($204.85 in chips)
Seat 5: d980b972 ($508.36 in chips)
Seat 7: Hero ($286.99 in chips)
Seat 6: b64d0dca ($269.72 in chips)
90327b39: posts small blind $1
9da451b8: posts big blind $2
*** HOLE CARDS ***
Dealt to a195d656 
Dealt to f6c306b6 
Dealt to 90327b39 
Dealt to 9da451b8 
Dealt to d980b972 
Dealt to Hero [5h 9c]
Dealt to b64d0dca 
a195d656: folds
d980b972: folds
b64d0dca: raises $3 to $5
Hero: folds
f6c306b6: folds
90327b39: folds
9da451b8: folds
Uncalled bet ($3) returned to b64d0dca
*** SHOWDOWN ***
b64d0dca collected $5 from pot
*** SUMMARY ***
Total pot $5
Seat 4: a195d656 folded before Flop (didn't bet)
Seat 1: f6c306b6 folded before Flop (didn't bet)
Seat 2: 90327b39(small blind) folded before Flop
Seat 3: 9da451b8(big blind) folded before Flop
Seat 5: d980b972 folded before Flop (didn't bet)
Seat 7: Hero folded before Flop (didn't bet)
Seat 6: b64d0dcawon ($5)



Poker Hand #ring_830455063: NLH No Limit ($1/$2) - 2025/04/18 23:16:36
Table 'MR NLH 1/2' 7-max Seat #7 is the button
Seat 4: a195d656 ($195.82 in chips)
Seat 1: f6c306b6 ($761.24 in chips)
Seat 2: 90327b39 ($331.18 in chips)
Seat 3: 9da451b8 ($204.85 in chips)
Seat 5: d980b972 ($508.36 in chips)
Seat 7: Hero ($286.99 in chips)
Seat 6: b64d0dca ($269.72 in chips)
f6c306b6: posts small blind $1
90327b39: posts big blind $2
*** HOLE CARDS ***
Dealt to a195d656 
Dealt to f6c306b6 
Dealt to 90327b39 
Dealt to 9da451b8 
Dealt to d980b972 
Dealt to Hero [Th Js]
Dealt to b64d0dca 
9da451b8: folds
a195d656: raises $4 to $6
d980b972: folds
b64d0dca: folds
Hero: folds
f6c306b6: folds
90327b39: folds
Uncalled bet ($4) returned to a195d656
*** SHOWDOWN ***
a195d656 collected $5 from pot
*** SUMMARY ***
Total pot $5
Seat 4: a195d656won ($5)
Seat 1: f6c306b6(small blind) folded before Flop
Seat 2: 90327b39(big blind) folded before Flop
Seat 3: 9da451b8 folded before Flop (didn't bet)
Seat 5: d980b972 folded before Flop (didn't bet)
Seat 7: Hero folded before Flop (didn't bet)
Seat 6: b64d0dca folded before Flop (didn't bet)



Poker Hand #ring_830454001: NLH No Limit ($1/$2) - 2025/04/18 23:15:55
Table 'MR NLH 1/2' 7-max Seat #6 is the button
Seat 4: a195d656 ($195.82 in chips)
Seat 1: f6c306b6 ($766.24 in chips)
Seat 2: 90327b39 ($331.18 in chips)
Seat 3: 9da451b8 ($204.85 in chips)
Seat 5: d980b972 ($508.36 in chips)
Seat 7: Hero ($282.44 in chips)
Seat 6: b64d0dca ($269.72 in chips)
Hero: posts small blind $1
f6c306b6: posts big blind $2
*** HOLE CARDS ***
Dealt to a195d656 
Dealt to f6c306b6 
Dealt to 90327b39 
Dealt to 9da451b8 
Dealt to d980b972 
Dealt to Hero [Kh 9c]
Dealt to b64d0dca 
90327b39: folds
9da451b8: folds
a195d656: folds
d980b972: folds
b64d0dca: folds
Hero: raises $3 to $5
f6c306b6: calls $3
*** FLOP *** [Ah 8h Kd]
Hero: checks
f6c306b6: checks
*** TURN *** [Ah 8h Kd] [Th]
Hero: bets $5
f6c306b6: folds
Uncalled bet ($5) returned to Hero
*** SHOWDOWN ***
Hero collected $10 from pot
*** SUMMARY ***
Total pot $10
Board [Ah 8h Kd Th]
Seat 4: a195d656 folded before Flop (didn't bet)
Seat 1: f6c306b6(big blind) folded on the Turn
Seat 2: 90327b39 folded before Flop (didn't bet)
Seat 3: 9da451b8 folded before Flop (didn't bet)
Seat 5: d980b972 folded before Flop (didn't bet)
Seat 7: Hero(small blind)won ($10) with Pair of Kings
Seat 6: b64d0dca folded before Flop (didn't bet)



Poker Hand #ring_830452802: NLH No Limit ($1/$2) - 2025/04/18 23:15:10
Table 'MR NLH 1/2' 7-max Seat #5 is the button
Seat 4: a195d656 ($89.82 in chips)
Seat 1: f6c306b6 ($766.24 in chips)
Seat 2: 90327b39 ($349.18 in chips)
Seat 3: 9da451b8 ($204.85 in chips)
Seat 5: d980b972 ($489.61 in chips)
Seat 7: Hero ($284.44 in chips)
Seat 6: b64d0dca ($270.72 in chips)
b64d0dca: posts small blind $1
Hero: posts big blind $2
*** HOLE CARDS ***
Dealt to a195d656 
Dealt to f6c306b6 
Dealt to 90327b39 
Dealt to 9da451b8 
Dealt to d980b972 
Dealt to Hero [6c 7d]
Dealt to b64d0dca 
f6c306b6: folds
90327b39: raises $4 to $6
9da451b8: folds
a195d656: folds
d980b972: raises $12 to $18
b64d0dca: folds
Hero: folds
90327b39: calls $12
*** FLOP *** [Kc Qc 2c]
90327b39: checks
d980b972: bets $13
90327b39: folds
Uncalled bet ($13) returned to d980b972
*** SHOWDOWN ***
d980b972 collected $39 from pot
*** SUMMARY ***
Total pot $39
Board [Kc Qc 2c]
Seat 4: a195d656 folded before Flop (didn't bet)
Seat 1: f6c306b6 folded before Flop (didn't bet)
Seat 2: 90327b39 folded on the Flop
Seat 3: 9da451b8 folded before Flop (didn't bet)
Seat 5: d980b972won ($39) with Pair of Queens
Seat 7: Hero(big blind) folded before Flop
Seat 6: b64d0dca(small blind) folded before Flop



Poker Hand #ring_830450823: NLH No Limit ($1/$2) - 2025/04/18 23:13:52
Table 'MR NLH 1/2' 7-max Seat #4 is the button
Seat 4: a195d656 ($187.92 in chips)
Seat 1: f6c306b6 ($674.6 in chips)
Seat 2: 90327b39 ($349.18 in chips)
Seat 3: 9da451b8 ($204.85 in chips)
Seat 5: d980b972 ($490.61 in chips)
Seat 7: Hero ($284.44 in chips)
Seat 6: b64d0dca ($272.72 in chips)
d980b972: posts small blind $1
b64d0dca: posts big blind $2
*** HOLE CARDS ***
Dealt to a195d656 
Dealt to f6c306b6 
Dealt to 90327b39 
Dealt to 9da451b8 
Dealt to d980b972 
Dealt to Hero [Td 4d]
Dealt to b64d0dca 
Hero: folds
f6c306b6: raises $6 to $8
90327b39: folds
9da451b8: folds
a195d656: calls $8
d980b972: folds
b64d0dca: folds
*** FLOP *** [Ac 4c 2c]
f6c306b6: checks
a195d656: bets $6.46
f6c306b6: calls $6.46
*** TURN *** [Ac 4c 2c] [8h]
f6c306b6: checks
a195d656: bets $31.92
f6c306b6: calls $31.92
*** RIVER *** [Ac 4c 2c 8h] [6d]
f6c306b6: checks
a195d656: bets $51.72
f6c306b6: raises $199.2 to $250.92
a195d656: folds
Uncalled bet ($199.2) returned to f6c306b6
*** SHOWDOWN ***
f6c306b6 collected $199.2 from pot
*** SUMMARY ***
Total pot $199.2
Board [Ac 4c 2c 8h 6d]
Seat 4: a195d656 folded on the River
Seat 1: f6c306b6won ($199.2) with Ace High Flush
Seat 2: 90327b39 folded before Flop (didn't bet)
Seat 3: 9da451b8 folded before Flop (didn't bet)
Seat 5: d980b972(small blind) folded before Flop
Seat 7: Hero folded before Flop (didn't bet)
Seat 6: b64d0dca(big blind) folded before Flop



Poker Hand #ring_830447630: NLH No Limit ($1/$2) - 2025/04/18 23:11:55
Table 'MR NLH 1/2' 7-max Seat #3 is the button
Seat 4: a195d656 ($188.92 in chips)
Seat 1: f6c306b6 ($692.6 in chips)
Seat 2: 90327b39 ($447.68 in chips)
Seat 3: 9da451b8 ($204.85 in chips)
Seat 5: d980b972 ($492.61 in chips)
Seat 7: Hero ($175.25 in chips)
Seat 6: b64d0dca ($272.72 in chips)
a195d656: posts small blind $1
d980b972: posts big blind $2
*** HOLE CARDS ***
Dealt to a195d656 
Dealt to f6c306b6 
Dealt to 90327b39 
Dealt to 9da451b8 
Dealt to d980b972 
Dealt to Hero [As Kd]
Dealt to b64d0dca 
b64d0dca: folds
Hero: raises $4 to $6
f6c306b6: calls $6
90327b39: raises $12 to $18
9da451b8: folds
a195d656: folds
d980b972: folds
Hero: calls $12
f6c306b6: calls $12
*** FLOP *** [Ad 9c Ah]
Hero: checks
f6c306b6: checks
90327b39: bets $26
Hero: calls $26
f6c306b6: folds
*** TURN *** [Ad 9c Ah] [Tc]
Hero: checks
90327b39: checks
*** RIVER *** [Ad 9c Ah Tc] [6s]
Hero: bets $54.5
90327b39: calls $54.5
90327b39: shows [Ts Ks]
Hero: shows [As Kd]
*** SHOWDOWN ***
Hero collected $218 from pot
*** SUMMARY ***
Total pot $218
Board [Ad 9c Ah Tc 6s]
Seat 4: a195d656(small blind) folded before Flop
Seat 1: f6c306b6 folded on the Flop
Seat 2: 90327b39 showed [Ts Ks] and lost with Pair of Aces and Pair of Tens
Seat 3: 9da451b8 folded before Flop (didn't bet)
Seat 5: d980b972(big blind) folded before Flop
Seat 7: Hero showed [As Kd] and won ($218) with Three Aces
Seat 6: b64d0dca folded before Flop (didn't bet)



Poker Hand #ring_830446845: NLH No Limit ($1/$2) - 2025/04/18 23:11:25
Table 'MR NLH 1/2' 7-max Seat #2 is the button
Seat 4: a195d656 ($190.92 in chips)
Seat 1: f6c306b6 ($692.6 in chips)
Seat 2: 90327b39 ($444.68 in chips)
Seat 3: 9da451b8 ($205.85 in chips)
Seat 5: d980b972 ($492.61 in chips)
Seat 7: Hero ($175.25 in chips)
Seat 6: b64d0dca ($272.72 in chips)
9da451b8: posts small blind $1
a195d656: posts big blind $2
*** HOLE CARDS ***
Dealt to a195d656 
Dealt to f6c306b6 
Dealt to 90327b39 
Dealt to 9da451b8 
Dealt to d980b972 
Dealt to Hero [As 5h]
Dealt to b64d0dca 
d980b972: folds
b64d0dca: folds
Hero: folds
f6c306b6: folds
90327b39: raises $5 to $7
9da451b8: folds
a195d656: folds
Uncalled bet ($5) returned to 90327b39
*** SHOWDOWN ***
90327b39 collected $5 from pot
*** SUMMARY ***
Total pot $5
Seat 4: a195d656(big blind) folded before Flop
Seat 1: f6c306b6 folded before Flop (didn't bet)
Seat 2: 90327b39won ($5)
Seat 3: 9da451b8(small blind) folded before Flop
Seat 5: d980b972 folded before Flop (didn't bet)
Seat 7: Hero folded before Flop (didn't bet)
Seat 6: b64d0dca folded before Flop (didn't bet)



Poker Hand #ring_830446030: NLH No Limit ($1/$2) - 2025/04/18 23:10:55
Table 'MR NLH 1/2' 7-max Seat #1 is the button
Seat 4: a195d656 ($190.92 in chips)
Seat 1: f6c306b6 ($692.6 in chips)
Seat 2: 90327b39 ($445.68 in chips)
Seat 3: 9da451b8 ($207.85 in chips)
Seat 5: d980b972 ($492.61 in chips)
Seat 7: Hero ($175.25 in chips)
Seat 6: b64d0dca ($269.72 in chips)
90327b39: posts small blind $1
9da451b8: posts big blind $2
*** HOLE CARDS ***
Dealt to a195d656 
Dealt to f6c306b6 
Dealt to 90327b39 
Dealt to 9da451b8 
Dealt to d980b972 
Dealt to Hero [8h 9c]
Dealt to b64d0dca 
a195d656: folds
d980b972: folds
b64d0dca: raises $3 to $5
Hero: folds
f6c306b6: folds
90327b39: folds
9da451b8: folds
Uncalled bet ($3) returned to b64d0dca
*** SHOWDOWN ***
b64d0dca collected $5 from pot
*** SUMMARY ***
Total pot $5
Seat 4: a195d656 folded before Flop (didn't bet)
Seat 1: f6c306b6 folded before Flop (didn't bet)
Seat 2: 90327b39(small blind) folded before Flop
Seat 3: 9da451b8(big blind) folded before Flop
Seat 5: d980b972 folded before Flop (didn't bet)
Seat 7: Hero folded before Flop (didn't bet)
Seat 6: b64d0dcawon ($5)



Poker Hand #ring_830444458: NLH No Limit ($1/$2) - 2025/04/18 23:09:55
Table 'MR NLH 1/2' 7-max Seat #7 is the button
Seat 4: a195d656 ($190.92 in chips)
Seat 1: f6c306b6 ($693.6 in chips)
Seat 2: 90327b39 ($447.68 in chips)
Seat 3: 9da451b8 ($192.06 in chips)
Seat 5: d980b972 ($492.61 in chips)
Seat 7: Hero ($190 in chips)
Seat 6: b64d0dca ($269.72 in chips)
f6c306b6: posts small blind $1
90327b39: posts big blind $2
*** HOLE CARDS ***
Dealt to a195d656 
Dealt to f6c306b6 
Dealt to 90327b39 
Dealt to 9da451b8 
Dealt to d980b972 
Dealt to Hero [4h 3h]
Dealt to b64d0dca 
9da451b8: raises $3 to $5
a195d656: folds
d980b972: folds
b64d0dca: folds
Hero: calls $5
f6c306b6: folds
90327b39: folds
*** FLOP *** [7h Kc Th]
9da451b8: bets $9.75
Hero: calls $9.75
*** TURN *** [7h Kc Th] [Qs]
9da451b8: checks
Hero: checks
*** RIVER *** [7h Kc Th Qs] [8s]
9da451b8: checks
Hero: checks
9da451b8: shows [Qc Ac]
Hero: shows [4h 3h]
*** SHOWDOWN ***
9da451b8 collected $32.5 from pot
*** SUMMARY ***
Total pot $32.5
Board [7h Kc Th Qs 8s]
Seat 4: a195d656 folded before Flop (didn't bet)
Seat 1: f6c306b6(small blind) folded before Flop
Seat 2: 90327b39(big blind) folded before Flop
Seat 3: 9da451b8 showed [Qc Ac] and won ($32.5) with Pair of Queens
Seat 5: d980b972 folded before Flop (didn't bet)
Seat 7: Hero showed [4h 3h] and lost with King-High
Seat 6: b64d0dca folded before Flop (didn't bet)



Poker Hand #ring_830443513: NLH No Limit ($1/$2) - 2025/04/18 23:09:18
Table 'MR NLH 1/2' 7-max Seat #6 is the button
Seat 4: a195d656 ($196.92 in chips)
Seat 1: f6c306b6 ($699.6 in chips)
Seat 2: 90327b39 ($431.26 in chips)
Seat 3: 9da451b8 ($192.06 in chips)
Seat 5: d980b972 ($492.61 in chips)
Seat 7: Hero ($196 in chips)
Seat 6: b64d0dca ($269.72 in chips)
Hero: posts small blind $1
f6c306b6: posts big blind $2
*** HOLE CARDS ***
Dealt to a195d656 
Dealt to f6c306b6 
Dealt to 90327b39 
Dealt to 9da451b8 
Dealt to d980b972 
Dealt to Hero [7c Ac]
Dealt to b64d0dca 
90327b39: raises $4 to $6
9da451b8: folds
a195d656: calls $6
d980b972: folds
b64d0dca: folds
Hero: calls $5
f6c306b6: calls $4
*** FLOP *** [Th 9h 4d]
Hero: checks
f6c306b6: checks
90327b39: bets $12
a195d656: folds
Hero: folds
f6c306b6: folds
Uncalled bet ($12) returned to 90327b39
*** SHOWDOWN ***
90327b39 collected $24 from pot
*** SUMMARY ***
Total pot $24
Board [Th 9h 4d]
Seat 4: a195d656 folded on the Flop
Seat 1: f6c306b6(big blind) folded on the Flop
Seat 2: 90327b39won ($24) with Pair of Queens
Seat 3: 9da451b8 folded before Flop (didn't bet)
Seat 5: d980b972 folded before Flop (didn't bet)
Seat 7: Hero(small blind) folded on the Flop
Seat 6: b64d0dca folded before Flop (didn't bet)



Poker Hand #ring_830442753: NLH No Limit ($1/$2) - 2025/04/18 23:08:49
Table 'MR NLH 1/2' 7-max Seat #5 is the button
Seat 4: a195d656 ($196.92 in chips)
Seat 1: f6c306b6 ($699.6 in chips)
Seat 2: 90327b39 ($431.26 in chips)
Seat 3: 9da451b8 ($189.06 in chips)
Seat 5: d980b972 ($492.61 in chips)
Seat 7: Hero ($198 in chips)
Seat 6: b64d0dca ($270.72 in chips)
b64d0dca: posts small blind $1
Hero: posts big blind $2
*** HOLE CARDS ***
Dealt to a195d656 
Dealt to f6c306b6 
Dealt to 90327b39 
Dealt to 9da451b8 
Dealt to d980b972 
Dealt to Hero [2s Jc]
Dealt to b64d0dca 
f6c306b6: folds
90327b39: folds
9da451b8: raises $3 to $5
a195d656: folds
d980b972: folds
b64d0dca: folds
Hero: folds
Uncalled bet ($3) returned to 9da451b8
*** SHOWDOWN ***
9da451b8 collected $5 from pot
*** SUMMARY ***
Total pot $5
Seat 4: a195d656 folded before Flop (didn't bet)
Seat 1: f6c306b6 folded before Flop (didn't bet)
Seat 2: 90327b39 folded before Flop (didn't bet)
Seat 3: 9da451b8won ($5)
Seat 5: d980b972 folded before Flop (didn't bet)
Seat 7: Hero(big blind) folded before Flop
Seat 6: b64d0dca(small blind) folded before Flop



