Poker Hand #ring_850000117: NLH No Limit ($2/$4) - 2025/04/30 03:37:09
Table 'MR NLH 2/4' 7-max Seat #4 is the button
Seat 3: 66ee6d40 ($74.02 in chips)
Seat 6: ca8c0454 ($793.18 in chips)
Seat 5: f3ef0a23 ($648.98 in chips)
Seat 1: bcb03ad0 ($957.62 in chips)
Seat 2: cbb59c39 ($77.04 in chips)
Seat 4: accfe66d ($847.08 in chips)
Seat 7: Hero ($225.12 in chips)
f3ef0a23: posts small blind $2
ca8c0454: posts big blind $4
*** HOLE CARDS ***
Dealt to 66ee6d40 
Dealt to ca8c0454 
Dealt to f3ef0a23 
Dealt to bcb03ad0 
Dealt to cbb59c39 
Dealt to accfe66d 
Dealt to Hero [Qh 9c]
Hero: folds
bcb03ad0: folds
cbb59c39: folds
66ee6d40: folds
accfe66d: folds
f3ef0a23: raises $8 to $12
ca8c0454: calls $8
*** FLOP *** [Ad 4d Kc]
f3ef0a23: checks
ca8c0454: checks
*** TURN *** [Ad 4d Kc] [2s]
f3ef0a23: checks
ca8c0454: bets $24
f3ef0a23: folds
Uncalled bet ($24) returned to ca8c0454
*** SHOWDOWN ***
ca8c0454 collected $24 from pot
*** SUMMARY ***
Total pot $24
Board [Ad 4d Kc 2s]
Seat 3: 66ee6d40 folded before Flop (didn't bet)
Seat 6: ca8c0454(big blind)won ($24) with Pair of Aces and Pair of Twos
Seat 5: f3ef0a23(small blind) folded on the Turn
Seat 1: bcb03ad0 folded before Flop (didn't bet)
Seat 2: cbb59c39 folded before Flop (didn't bet)
Seat 4: accfe66d folded before Flop (didn't bet)
Seat 7: Hero folded before Flop (didn't bet)



Poker Hand #ring_849997828: NLH No Limit ($2/$4) - 2025/04/30 03:35:30
Table 'MR NLH 2/4' 7-max Seat #3 is the button
Seat 3: 66ee6d40 ($296 in chips)
Seat 6: ca8c0454 ($793.18 in chips)
Seat 5: f3ef0a23 ($419.32 in chips)
Seat 1: bcb03ad0 ($957.62 in chips)
Seat 2: cbb59c39 ($105.04 in chips)
Seat 4: accfe66d ($849.08 in chips)
Seat 7: Hero ($225.12 in chips)
accfe66d: posts small blind $2
f3ef0a23: posts big blind $4
*** HOLE CARDS ***
Dealt to 66ee6d40 
Dealt to ca8c0454 
Dealt to f3ef0a23 
Dealt to bcb03ad0 
Dealt to cbb59c39 
Dealt to accfe66d 
Dealt to Hero [9h 3h]
ca8c0454: folds
Hero: folds
bcb03ad0: folds
cbb59c39: calls $4
66ee6d40: calls $4
accfe66d: folds
f3ef0a23: raises $24 to $28
cbb59c39: calls $24
66ee6d40: calls $24
*** FLOP *** [9d 9c 3s]
f3ef0a23: checks
cbb59c39: checks
66ee6d40: bets $43
f3ef0a23: calls $43
cbb59c39: folds
*** TURN *** [9d 9c 3s] [7h]
f3ef0a23: checks
66ee6d40: bets $56.76
f3ef0a23: calls $56.76
*** RIVER *** [9d 9c 3s 7h] [5d]
f3ef0a23: checks
66ee6d40: bets $94.22
f3ef0a23: calls $94.22
66ee6d40: shows [Ac 6d]
f3ef0a23: shows [Kd Kh]
*** SHOWDOWN ***
f3ef0a23 collected $473.96 from pot
*** SUMMARY ***
Total pot $473.96
Board [9d 9c 3s 7h 5d]
Seat 3: 66ee6d40 showed [Ac 6d] and lost with Pair of Nines
Seat 6: ca8c0454 folded before Flop (didn't bet)
Seat 5: f3ef0a23(big blind) showed [Kd Kh] and won ($473.96) with Pair of Kings and Pair of Nines
Seat 1: bcb03ad0 folded before Flop (didn't bet)
Seat 2: cbb59c39 folded on the Flop
Seat 4: accfe66d(small blind) folded before Flop
Seat 7: Hero folded before Flop (didn't bet)



Poker Hand #ring_849997063: NLH No Limit ($2/$4) - 2025/04/30 03:34:58
Table 'MR NLH 2/4' 7-max Seat #2 is the button
Seat 3: 66ee6d40 ($298 in chips)
Seat 6: ca8c0454 ($793.18 in chips)
Seat 5: f3ef0a23 ($413.32 in chips)
Seat 1: bcb03ad0 ($957.62 in chips)
Seat 2: cbb59c39 ($105.04 in chips)
Seat 4: accfe66d ($853.08 in chips)
Seat 7: Hero ($225.12 in chips)
66ee6d40: posts small blind $2
accfe66d: posts big blind $4
*** HOLE CARDS ***
Dealt to 66ee6d40 
Dealt to ca8c0454 
Dealt to f3ef0a23 
Dealt to bcb03ad0 
Dealt to cbb59c39 
Dealt to accfe66d 
Dealt to Hero [Jc Qh]
f3ef0a23: raises $6 to $10
ca8c0454: folds
Hero: folds
bcb03ad0: folds
cbb59c39: folds
66ee6d40: folds
accfe66d: folds
Uncalled bet ($6) returned to f3ef0a23
*** SHOWDOWN ***
f3ef0a23 collected $10 from pot
*** SUMMARY ***
Total pot $10
Seat 3: 66ee6d40(small blind) folded before Flop
Seat 6: ca8c0454 folded before Flop (didn't bet)
Seat 5: f3ef0a23won ($10)
Seat 1: bcb03ad0 folded before Flop (didn't bet)
Seat 2: cbb59c39 folded before Flop (didn't bet)
Seat 4: accfe66d(big blind) folded before Flop
Seat 7: Hero folded before Flop (didn't bet)



Poker Hand #ring_849996612: NLH No Limit ($2/$4) - 2025/04/30 03:34:37
Table 'MR NLH 2/4' 7-max Seat #1 is the button
Seat 3: 66ee6d40 ($296 in chips)
Seat 6: ca8c0454 ($793.18 in chips)
Seat 5: f3ef0a23 ($413.32 in chips)
Seat 1: bcb03ad0 ($957.62 in chips)
Seat 2: cbb59c39 ($107.04 in chips)
Seat 4: accfe66d ($853.08 in chips)
Seat 7: Hero ($225.12 in chips)
cbb59c39: posts small blind $2
66ee6d40: posts big blind $4
*** HOLE CARDS ***
Dealt to 66ee6d40 
Dealt to ca8c0454 
Dealt to f3ef0a23 
Dealt to bcb03ad0 
Dealt to cbb59c39 
Dealt to accfe66d 
Dealt to Hero [5c Jd]
accfe66d: folds
f3ef0a23: folds
ca8c0454: folds
Hero: folds
bcb03ad0: folds
cbb59c39: folds
*** SHOWDOWN ***
66ee6d40 collected $6 from pot
*** SUMMARY ***
Total pot $6
Seat 3: 66ee6d40(big blind)won ($6)
Seat 6: ca8c0454 folded before Flop (didn't bet)
Seat 5: f3ef0a23 folded before Flop (didn't bet)
Seat 1: bcb03ad0 folded before Flop (didn't bet)
Seat 2: cbb59c39(small blind) folded before Flop
Seat 4: accfe66d folded before Flop (didn't bet)
Seat 7: Hero folded before Flop (didn't bet)



Poker Hand #ring_849995453: NLH No Limit ($2/$4) - 2025/04/30 03:33:47
Table 'MR NLH 2/4' 7-max Seat #7 is the button
Seat 3: 66ee6d40 ($304 in chips)
Seat 6: ca8c0454 ($793.18 in chips)
Seat 5: f3ef0a23 ($421.32 in chips)
Seat 1: bcb03ad0 ($929.62 in chips)
Seat 2: cbb59c39 ($111.04 in chips)
Seat 4: accfe66d ($853.08 in chips)
Seat 7: Hero ($233.12 in chips)
bcb03ad0: posts small blind $2
cbb59c39: posts big blind $4
*** HOLE CARDS ***
Dealt to 66ee6d40 
Dealt to ca8c0454 
Dealt to f3ef0a23 
Dealt to bcb03ad0 
Dealt to cbb59c39 
Dealt to accfe66d 
Dealt to Hero [6s 9s]
66ee6d40: raises $4 to $8
accfe66d: folds
f3ef0a23: calls $8
ca8c0454: folds
Hero: calls $8
bcb03ad0: raises $52 to $60
cbb59c39: folds
66ee6d40: folds
f3ef0a23: folds
Hero: folds
Uncalled bet ($52) returned to bcb03ad0
*** SHOWDOWN ***
bcb03ad0 collected $36 from pot
*** SUMMARY ***
Total pot $36
Seat 3: 66ee6d40 folded before Flop
Seat 6: ca8c0454 folded before Flop (didn't bet)
Seat 5: f3ef0a23 folded before Flop
Seat 1: bcb03ad0(small blind)won ($36)
Seat 2: cbb59c39(big blind) folded before Flop
Seat 4: accfe66d folded before Flop (didn't bet)
Seat 7: Hero folded before Flop



Poker Hand #ring_849993121: NLH No Limit ($2/$4) - 2025/04/30 03:32:10
Table 'MR NLH 2/4' 7-max Seat #6 is the button
Seat 3: 66ee6d40 ($308 in chips)
Seat 6: ca8c0454 ($722.23 in chips)
Seat 5: f3ef0a23 ($421.32 in chips)
Seat 1: bcb03ad0 ($933.62 in chips)
Seat 2: cbb59c39 ($111.04 in chips)
Seat 4: accfe66d ($887.56 in chips)
Seat 7: Hero ($267.6 in chips)
Hero: posts small blind $2
bcb03ad0: posts big blind $4
66ee6d40: posts big blind $4
*** HOLE CARDS ***
Dealt to 66ee6d40 
Dealt to ca8c0454 
Dealt to f3ef0a23 
Dealt to bcb03ad0 
Dealt to cbb59c39 
Dealt to accfe66d 
Dealt to Hero [Ad Th]
cbb59c39: folds
66ee6d40: checks
accfe66d: raises $12 to $16
f3ef0a23: folds
ca8c0454: calls $16
Hero: calls $14
bcb03ad0: folds
66ee6d40: folds
*** FLOP *** [4h 8s 4d]
Hero: checks
accfe66d: bets $18.48
ca8c0454: calls $18.48
Hero: calls $18.48
*** TURN *** [4h 8s 4d] [7h]
Hero: checks
accfe66d: checks
ca8c0454: bets $36.77
Hero: folds
accfe66d: folds
Uncalled bet ($36.77) returned to ca8c0454
*** SHOWDOWN ***
ca8c0454 collected $111.44 from pot
*** SUMMARY ***
Total pot $111.44
Board [4h 8s 4d 7h]
Seat 3: 66ee6d40 folded before Flop
Seat 6: ca8c0454won ($111.44) with Sevens Full over Fours
Seat 5: f3ef0a23 folded before Flop (didn't bet)
Seat 1: bcb03ad0(big blind) folded before Flop
Seat 2: cbb59c39 folded before Flop (didn't bet)
Seat 4: accfe66d folded on the Turn
Seat 7: Hero(small blind) folded on the Turn



Poker Hand #ring_849992008: NLH No Limit ($2/$4) - 2025/04/30 03:31:22
Table 'MR NLH 2/4' 7-max Seat #5 is the button
Seat 6: ca8c0454 ($724.23 in chips)
Seat 5: f3ef0a23 ($421.32 in chips)
Seat 1: bcb03ad0 ($933.62 in chips)
Seat 2: cbb59c39 ($111.04 in chips)
Seat 4: accfe66d ($874.73 in chips)
Seat 7: Hero ($279.6 in chips)
ca8c0454: posts small blind $2
Hero: posts big blind $4
*** HOLE CARDS ***
Dealt to ca8c0454 
Dealt to f3ef0a23 
Dealt to bcb03ad0 
Dealt to cbb59c39 
Dealt to accfe66d 
Dealt to Hero [9d Td]
bcb03ad0: folds
cbb59c39: folds
accfe66d: raises $8 to $12
f3ef0a23: folds
ca8c0454: folds
Hero: calls $8
*** FLOP *** [2c Qs 5d]
Hero: checks
accfe66d: bets $8.58
Hero: folds
Uncalled bet ($8.58) returned to accfe66d
*** SHOWDOWN ***
accfe66d collected $26 from pot
*** SUMMARY ***
Total pot $26
Board [2c Qs 5d]
Seat 6: ca8c0454(small blind) folded before Flop
Seat 5: f3ef0a23 folded before Flop (didn't bet)
Seat 1: bcb03ad0 folded before Flop (didn't bet)
Seat 2: cbb59c39 folded before Flop (didn't bet)
Seat 4: accfe66dwon ($26) with Ace-High
Seat 7: Hero(big blind) folded on the Flop



Poker Hand #ring_849991185: NLH No Limit ($2/$4) - 2025/04/30 03:30:49
Table 'MR NLH 2/4' 7-max Seat #4 is the button
Seat 6: ca8c0454 ($728.23 in chips)
Seat 5: f3ef0a23 ($423.32 in chips)
Seat 1: bcb03ad0 ($933.62 in chips)
Seat 2: cbb59c39 ($105.49 in chips)
Seat 4: accfe66d ($874.73 in chips)
Seat 7: Hero ($279.6 in chips)
f3ef0a23: posts small blind $2
ca8c0454: posts big blind $4
*** HOLE CARDS ***
Dealt to ca8c0454 
Dealt to f3ef0a23 
Dealt to bcb03ad0 
Dealt to cbb59c39 
Dealt to accfe66d 
Dealt to Hero [2s Td]
Hero: folds
bcb03ad0: folds
cbb59c39: calls $4
accfe66d: folds
f3ef0a23: folds
ca8c0454: checks
*** FLOP *** [Kh 5c 8c]
ca8c0454: checks
cbb59c39: checks
*** TURN *** [Kh 5c 8c] [Ks]
ca8c0454: checks
cbb59c39: bets $10
ca8c0454: folds
Uncalled bet ($10) returned to cbb59c39
*** SHOWDOWN ***
cbb59c39 collected $10 from pot
*** SUMMARY ***
Total pot $10
Board [Kh 5c 8c Ks]
Seat 6: ca8c0454(big blind) folded on the Turn
Seat 5: f3ef0a23(small blind) folded before Flop
Seat 1: bcb03ad0 folded before Flop (didn't bet)
Seat 2: cbb59c39won ($10) with Pair of Kings and Pair of Fives
Seat 4: accfe66d folded before Flop (didn't bet)
Seat 7: Hero folded before Flop (didn't bet)



Poker Hand #ring_849990485: NLH No Limit ($2/$4) - 2025/04/30 03:30:20
Table 'MR NLH 2/4' 7-max Seat #2 is the button
Seat 6: ca8c0454 ($728.23 in chips)
Seat 5: f3ef0a23 ($411.32 in chips)
Seat 1: bcb03ad0 ($933.62 in chips)
Seat 2: cbb59c39 ($105.49 in chips)
Seat 4: accfe66d ($876.73 in chips)
Seat 7: Hero ($289.6 in chips)
accfe66d: posts small blind $2
f3ef0a23: posts big blind $4
*** HOLE CARDS ***
Dealt to ca8c0454 
Dealt to f3ef0a23 
Dealt to bcb03ad0 
Dealt to cbb59c39 
Dealt to accfe66d 
Dealt to Hero [Js Qh]
ca8c0454: folds
Hero: raises $6 to $10
bcb03ad0: folds
cbb59c39: folds
accfe66d: folds
f3ef0a23: raises $34 to $44
Hero: folds
Uncalled bet ($34) returned to f3ef0a23
*** SHOWDOWN ***
f3ef0a23 collected $22 from pot
*** SUMMARY ***
Total pot $22
Seat 6: ca8c0454 folded before Flop (didn't bet)
Seat 5: f3ef0a23(big blind)won ($22)
Seat 1: bcb03ad0 folded before Flop (didn't bet)
Seat 2: cbb59c39 folded before Flop (didn't bet)
Seat 4: accfe66d(small blind) folded before Flop
Seat 7: Hero folded before Flop



Poker Hand #ring_849989485: NLH No Limit ($2/$4) - 2025/04/30 03:29:40
Table 'MR NLH 2/4' 7-max Seat #1 is the button
Seat 6: ca8c0454 ($728.23 in chips)
Seat 5: f3ef0a23 ($411.32 in chips)
Seat 1: bcb03ad0 ($933.62 in chips)
Seat 2: cbb59c39 ($117.49 in chips)
Seat 4: accfe66d ($880.73 in chips)
Seat 7: Hero ($274.86 in chips)
cbb59c39: posts small blind $2
accfe66d: posts big blind $4
*** HOLE CARDS ***
Dealt to ca8c0454 
Dealt to f3ef0a23 
Dealt to bcb03ad0 
Dealt to cbb59c39 
Dealt to accfe66d 
Dealt to Hero [3d 3h]
f3ef0a23: folds
ca8c0454: folds
Hero: raises $8 to $12
bcb03ad0: folds
cbb59c39: calls $10
accfe66d: folds
*** FLOP *** [7s Ad 9h]
cbb59c39: checks
Hero: checks
*** TURN *** [7s Ad 9h] [Qh]
cbb59c39: checks
Hero: checks
*** RIVER *** [7s Ad 9h Qh] [Qs]
cbb59c39: checks
Hero: checks
cbb59c39: shows [8d Js]
Hero: shows [3d 3h]
*** SHOWDOWN ***
Hero collected $28 from pot
*** SUMMARY ***
Total pot $28
Board [7s Ad 9h Qh Qs]
Seat 6: ca8c0454 folded before Flop (didn't bet)
Seat 5: f3ef0a23 folded before Flop (didn't bet)
Seat 1: bcb03ad0 folded before Flop (didn't bet)
Seat 2: cbb59c39(small blind) showed [8d Js] and lost with Pair of Queens
Seat 4: accfe66d(big blind) folded before Flop
Seat 7: Hero showed [3d 3h] and won ($28) with Pair of Queens and Pair of Treys



Poker Hand #ring_849988114: NLH No Limit ($2/$4) - 2025/04/30 03:28:43
Table 'MR NLH 2/4' 7-max Seat #7 is the button
Seat 6: ca8c0454 ($752.11 in chips)
Seat 5: f3ef0a23 ($411.32 in chips)
Seat 1: bcb03ad0 ($901.42 in chips)
Seat 2: cbb59c39 ($129.49 in chips)
Seat 4: accfe66d ($880.73 in chips)
Seat 7: Hero ($274.86 in chips)
bcb03ad0: posts small blind $2
cbb59c39: posts big blind $4
*** HOLE CARDS ***
Dealt to ca8c0454 
Dealt to f3ef0a23 
Dealt to bcb03ad0 
Dealt to cbb59c39 
Dealt to accfe66d 
Dealt to Hero [9c 7d]
accfe66d: folds
f3ef0a23: folds
ca8c0454: raises $8 to $12
Hero: folds
bcb03ad0: calls $10
cbb59c39: calls $8
*** FLOP *** [Jd 2h 7h]
bcb03ad0: checks
cbb59c39: checks
ca8c0454: bets $11.88
bcb03ad0: raises $35.12 to $47
cbb59c39: folds
ca8c0454: folds
Uncalled bet ($35.12) returned to bcb03ad0
*** SHOWDOWN ***
bcb03ad0 collected $59.76 from pot
*** SUMMARY ***
Total pot $59.76
Board [Jd 2h 7h]
Seat 6: ca8c0454 folded on the Flop
Seat 5: f3ef0a23 folded before Flop (didn't bet)
Seat 1: bcb03ad0(small blind)won ($59.76) with Pair of Sevens
Seat 2: cbb59c39(big blind) folded on the Flop
Seat 4: accfe66d folded before Flop (didn't bet)
Seat 7: Hero folded before Flop (didn't bet)



Poker Hand #ring_849986018: NLH No Limit ($2/$4) - 2025/04/30 03:27:16
Table 'MR NLH 2/4' 7-max Seat #6 is the button
Seat 6: ca8c0454 ($752.11 in chips)
Seat 5: f3ef0a23 ($415.32 in chips)
Seat 1: bcb03ad0 ($905.42 in chips)
Seat 2: cbb59c39 ($133.49 in chips)
Seat 4: accfe66d ($880.73 in chips)
Seat 7: Hero ($263.58 in chips)
Hero: posts small blind $2
bcb03ad0: posts big blind $4
*** HOLE CARDS ***
Dealt to ca8c0454 
Dealt to f3ef0a23 
Dealt to bcb03ad0 
Dealt to cbb59c39 
Dealt to accfe66d 
Dealt to Hero [8s Td]
cbb59c39: calls $4
accfe66d: folds
f3ef0a23: calls $4
ca8c0454: folds
Hero: calls $2
bcb03ad0: checks
*** FLOP *** [3d 9c 8c]
Hero: checks
bcb03ad0: checks
cbb59c39: checks
f3ef0a23: checks
*** TURN *** [3d 9c 8c] [Qs]
Hero: checks
bcb03ad0: checks
cbb59c39: checks
f3ef0a23: checks
*** RIVER *** [3d 9c 8c Qs] [4s]
Hero: checks
bcb03ad0: checks
cbb59c39: checks
f3ef0a23: checks
bcb03ad0: shows [6d Jh]
cbb59c39: shows [7s Ks]
f3ef0a23: shows [5h 5c]
Hero: shows [8s Td]
*** SHOWDOWN ***
Hero collected $16 from pot
*** SUMMARY ***
Total pot $16
Board [3d 9c 8c Qs 4s]
Seat 6: ca8c0454 folded before Flop (didn't bet)
Seat 5: f3ef0a23 showed [5h 5c] and lost with Pair of Fives
Seat 1: bcb03ad0(big blind) showed [6d Jh] and lost with Queen-High
Seat 2: cbb59c39 showed [7s Ks] and lost with King-High
Seat 4: accfe66d folded before Flop (didn't bet)
Seat 7: Hero(small blind) showed [8s Td] and won ($16) with Pair of Eights



Poker Hand #ring_849985221: NLH No Limit ($2/$4) - 2025/04/30 03:26:42
Table 'MR NLH 2/4' 7-max Seat #5 is the button
Seat 6: ca8c0454 ($754.11 in chips)
Seat 5: f3ef0a23 ($415.32 in chips)
Seat 1: bcb03ad0 ($905.42 in chips)
Seat 2: cbb59c39 ($137.49 in chips)
Seat 4: accfe66d ($880.73 in chips)
Seat 7: Hero ($258.03 in chips)
ca8c0454: posts small blind $2
Hero: posts big blind $4
*** HOLE CARDS ***
Dealt to ca8c0454 
Dealt to f3ef0a23 
Dealt to bcb03ad0 
Dealt to cbb59c39 
Dealt to accfe66d 
Dealt to Hero [7h 6s]
bcb03ad0: folds
cbb59c39: calls $4
accfe66d: folds
f3ef0a23: folds
ca8c0454: folds
Hero: checks
*** FLOP *** [3c 5d Qh]
Hero: checks
cbb59c39: checks
*** TURN *** [3c 5d Qh] [Th]
Hero: bets $4
cbb59c39: folds
Uncalled bet ($4) returned to Hero
*** SHOWDOWN ***
Hero collected $10 from pot
*** SUMMARY ***
Total pot $10
Board [3c 5d Qh Th]
Seat 6: ca8c0454(small blind) folded before Flop
Seat 5: f3ef0a23 folded before Flop (didn't bet)
Seat 1: bcb03ad0 folded before Flop (didn't bet)
Seat 2: cbb59c39 folded on the Turn
Seat 4: accfe66d folded before Flop (didn't bet)
Seat 7: Hero(big blind)won ($10) with Queen-High



Poker Hand #ring_849984423: NLH No Limit ($2/$4) - 2025/04/30 03:26:08
Table 'MR NLH 2/4' 7-max Seat #4 is the button
Seat 6: ca8c0454 ($758.11 in chips)
Seat 5: f3ef0a23 ($417.32 in chips)
Seat 1: bcb03ad0 ($905.42 in chips)
Seat 2: cbb59c39 ($131.94 in chips)
Seat 4: accfe66d ($880.73 in chips)
Seat 7: Hero ($258.03 in chips)
f3ef0a23: posts small blind $2
ca8c0454: posts big blind $4
*** HOLE CARDS ***
Dealt to ca8c0454 
Dealt to f3ef0a23 
Dealt to bcb03ad0 
Dealt to cbb59c39 
Dealt to accfe66d 
Dealt to Hero [6h Qh]
Hero: folds
bcb03ad0: folds
cbb59c39: calls $4
accfe66d: folds
f3ef0a23: folds
ca8c0454: checks
*** FLOP *** [4h 8h 9c]
ca8c0454: checks
cbb59c39: checks
*** TURN *** [4h 8h 9c] [Ts]
ca8c0454: checks
cbb59c39: checks
*** RIVER *** [4h 8h 9c Ts] [4d]
ca8c0454: checks
cbb59c39: checks
cbb59c39: shows [Ad 6c]
ca8c0454: shows [3d 6d]
*** SHOWDOWN ***
cbb59c39 collected $10 from pot
*** SUMMARY ***
Total pot $10
Board [4h 8h 9c Ts 4d]
Seat 6: ca8c0454(big blind) showed [3d 6d] and lost with Pair of Fours
Seat 5: f3ef0a23(small blind) folded before Flop
Seat 1: bcb03ad0 folded before Flop (didn't bet)
Seat 2: cbb59c39 showed [Ad 6c] and won ($10) with Pair of Fours
Seat 4: accfe66d folded before Flop (didn't bet)
Seat 7: Hero folded before Flop (didn't bet)



Poker Hand #ring_849983896: NLH No Limit ($2/$4) - 2025/04/30 03:25:46
Table 'MR NLH 2/4' 7-max Seat #2 is the button
Seat 6: ca8c0454 ($752.11 in chips)
Seat 5: f3ef0a23 ($421.32 in chips)
Seat 1: bcb03ad0 ($905.42 in chips)
Seat 2: cbb59c39 ($131.94 in chips)
Seat 4: accfe66d ($882.73 in chips)
Seat 7: Hero ($258.03 in chips)
accfe66d: posts small blind $2
f3ef0a23: posts big blind $4
*** HOLE CARDS ***
Dealt to ca8c0454 
Dealt to f3ef0a23 
Dealt to bcb03ad0 
Dealt to cbb59c39 
Dealt to accfe66d 
Dealt to Hero [Qc 8d]
ca8c0454: raises $8 to $12
Hero: folds
bcb03ad0: folds
cbb59c39: folds
accfe66d: folds
f3ef0a23: folds
Uncalled bet ($8) returned to ca8c0454
*** SHOWDOWN ***
ca8c0454 collected $10 from pot
*** SUMMARY ***
Total pot $10
Seat 6: ca8c0454won ($10)
Seat 5: f3ef0a23(big blind) folded before Flop
Seat 1: bcb03ad0 folded before Flop (didn't bet)
Seat 2: cbb59c39 folded before Flop (didn't bet)
Seat 4: accfe66d(small blind) folded before Flop
Seat 7: Hero folded before Flop (didn't bet)



Poker Hand #ring_849983216: NLH No Limit ($2/$4) - 2025/04/30 03:25:16
Table 'MR NLH 2/4' 7-max Seat #1 is the button
Seat 6: ca8c0454 ($752.11 in chips)
Seat 5: f3ef0a23 ($421.32 in chips)
Seat 1: bcb03ad0 ($887.04 in chips)
Seat 2: cbb59c39 ($147.94 in chips)
Seat 4: accfe66d ($886.73 in chips)
Seat 7: Hero ($258.03 in chips)
cbb59c39: posts small blind $2
accfe66d: posts big blind $4
*** HOLE CARDS ***
Dealt to ca8c0454 
Dealt to f3ef0a23 
Dealt to bcb03ad0 
Dealt to cbb59c39 
Dealt to accfe66d 
Dealt to Hero [4s Tc]
f3ef0a23: folds
ca8c0454: folds
Hero: folds
bcb03ad0: raises $12 to $16
cbb59c39: calls $14
accfe66d: folds
*** FLOP *** [Jc 7c Ad]
cbb59c39: checks
bcb03ad0: bets $18
cbb59c39: folds
Uncalled bet ($18) returned to bcb03ad0
*** SHOWDOWN ***
bcb03ad0 collected $36 from pot
*** SUMMARY ***
Total pot $36
Board [Jc 7c Ad]
Seat 6: ca8c0454 folded before Flop (didn't bet)
Seat 5: f3ef0a23 folded before Flop (didn't bet)
Seat 1: bcb03ad0won ($36) with Pair of Sevens
Seat 2: cbb59c39(small blind) folded on the Flop
Seat 4: accfe66d(big blind) folded before Flop
Seat 7: Hero folded before Flop (didn't bet)



Poker Hand #ring_849981761: NLH No Limit ($2/$4) - 2025/04/30 03:24:16
Table 'MR NLH 2/4' 7-max Seat #7 is the button
Seat 6: ca8c0454 ($717.4 in chips)
Seat 5: f3ef0a23 ($421.32 in chips)
Seat 1: bcb03ad0 ($889.04 in chips)
Seat 2: cbb59c39 ($172.48 in chips)
Seat 4: accfe66d ($886.73 in chips)
Seat 7: Hero ($270.03 in chips)
bcb03ad0: posts small blind $2
cbb59c39: posts big blind $4
*** HOLE CARDS ***
Dealt to ca8c0454 
Dealt to f3ef0a23 
Dealt to bcb03ad0 
Dealt to cbb59c39 
Dealt to accfe66d 
Dealt to Hero [5s 7s]
accfe66d: folds
f3ef0a23: folds
ca8c0454: raises $8 to $12
Hero: calls $12
bcb03ad0: folds
cbb59c39: calls $8
*** FLOP *** [Kd Qc 6s]
cbb59c39: checks
ca8c0454: bets $12.54
Hero: folds
cbb59c39: calls $12.54
*** TURN *** [Kd Qc 6s] [Qd]
cbb59c39: checks
ca8c0454: checks
*** RIVER *** [Kd Qc 6s Qd] [3c]
cbb59c39: checks
ca8c0454: checks
cbb59c39: shows [9c Td]
ca8c0454: shows [6d 9d]
*** SHOWDOWN ***
ca8c0454 collected $63.08 from pot
*** SUMMARY ***
Total pot $63.08
Board [Kd Qc 6s Qd 3c]
Seat 6: ca8c0454 showed [6d 9d] and won ($63.08) with Pair of Queens and Pair of Sixes
Seat 5: f3ef0a23 folded before Flop (didn't bet)
Seat 1: bcb03ad0(small blind) folded before Flop
Seat 2: cbb59c39(big blind) showed [9c Td] and lost with Pair of Queens
Seat 4: accfe66d folded before Flop (didn't bet)
Seat 7: Hero folded on the Flop



Poker Hand #ring_849980530: NLH No Limit ($2/$4) - 2025/04/30 03:23:24
Table 'MR NLH 2/4' 7-max Seat #6 is the button
Seat 6: ca8c0454 ($734.77 in chips)
Seat 5: f3ef0a23 ($438.7 in chips)
Seat 1: bcb03ad0 ($893.04 in chips)
Seat 2: cbb59c39 ($172.48 in chips)
Seat 4: accfe66d ($886.73 in chips)
Seat 7: Hero ($272.03 in chips)
Hero: posts small blind $2
bcb03ad0: posts big blind $4
*** HOLE CARDS ***
Dealt to ca8c0454 
Dealt to f3ef0a23 
Dealt to bcb03ad0 
Dealt to cbb59c39 
Dealt to accfe66d 
Dealt to Hero [8h 5s]
*** FIRST FLOP *** [Ks Ad 6d]
*** SECOND FLOP *** [9h 4d 2c]
*** FIRST TURN *** [Ks Ad 6d] [5c]
*** SECOND TURN *** [9h 4d 2c] [3d]
*** FIRST RIVER *** [Ks Ad 6d 5c] [8s]
*** SECOND RIVER *** [9h 4d 2c 3d] [2s]
cbb59c39: folds
accfe66d: folds
f3ef0a23: raises $6 to $10
ca8c0454: raises $26 to $36
Hero: folds
bcb03ad0: folds
f3ef0a23: raises $60 to $96
ca8c0454: raises $638.77 to $734.77 and is all-in
f3ef0a23: calls $342.7 and is all-in
Uncalled bet ($296.07) returned to ca8c0454
f3ef0a23: shows [Qc Qh]
ca8c0454: shows [Kc Ac]
*** FIRST SHOWDOWN ***
ca8c0454 collected $442.21 from pot
*** SECOND SHOWDOWN ***
f3ef0a23 collected $441.19 from pot
*** SUMMARY ***
Total pot $883.4
Hand was run two timesFIRST Board [Ks Ad 6d 5c 8s]
SECOND Board [9h 4d 2c 3d 2s]
Seat 6: ca8c0454 showed [Kc Ac] and won ($442.21) with Pair of Aces and Pair of Kings / Pair of Twos
Seat 5: f3ef0a23 showed [Qc Qh] and won ($441.19) with Pair of Queens / Pair of Queens and Pair of Twos
Seat 1: bcb03ad0(big blind) folded before Flop
Seat 2: cbb59c39 folded before Flop (didn't bet)
Seat 4: accfe66d folded before Flop (didn't bet)
Seat 7: Hero(small blind) folded before Flop



Poker Hand #ring_849979601: NLH No Limit ($2/$4) - 2025/04/30 03:22:44
Table 'MR NLH 2/4' 7-max Seat #5 is the button
Seat 6: ca8c0454 ($736.77 in chips)
Seat 5: f3ef0a23 ($438.7 in chips)
Seat 1: bcb03ad0 ($893.04 in chips)
Seat 2: cbb59c39 ($188.48 in chips)
Seat 4: accfe66d ($866.44 in chips)
Seat 7: Hero ($276.03 in chips)
ca8c0454: posts small blind $2
Hero: posts big blind $4
*** HOLE CARDS ***
Dealt to ca8c0454 
Dealt to f3ef0a23 
Dealt to bcb03ad0 
Dealt to cbb59c39 
Dealt to accfe66d 
Dealt to Hero [5h 7d]
bcb03ad0: folds
cbb59c39: calls $4
accfe66d: raises $12 to $16
f3ef0a23: folds
ca8c0454: folds
Hero: folds
cbb59c39: calls $12
*** FLOP *** [3c 9h 7h]
cbb59c39: checks
accfe66d: bets $19
cbb59c39: folds
Uncalled bet ($19) returned to accfe66d
*** SHOWDOWN ***
accfe66d collected $38 from pot
*** SUMMARY ***
Total pot $38
Board [3c 9h 7h]
Seat 6: ca8c0454(small blind) folded before Flop
Seat 5: f3ef0a23 folded before Flop (didn't bet)
Seat 1: bcb03ad0 folded before Flop (didn't bet)
Seat 2: cbb59c39 folded on the Flop
Seat 4: accfe66dwon ($38) with King-High
Seat 7: Hero(big blind) folded before Flop



Poker Hand #ring_849978565: NLH No Limit ($2/$4) - 2025/04/30 03:22:02
Table 'MR NLH 2/4' 7-max Seat #4 is the button
Seat 6: ca8c0454 ($834.97 in chips)
Seat 5: f3ef0a23 ($440.7 in chips)
Seat 1: bcb03ad0 ($893.04 in chips)
Seat 2: cbb59c39 ($98.2 in chips)
Seat 4: accfe66d ($866.44 in chips)
Seat 7: Hero ($276.03 in chips)
f3ef0a23: posts small blind $2
ca8c0454: posts big blind $4
*** HOLE CARDS ***
Dealt to ca8c0454 
Dealt to f3ef0a23 
Dealt to bcb03ad0 
Dealt to cbb59c39 
Dealt to accfe66d 
Dealt to Hero [Ad 4c]
Hero: folds
bcb03ad0: folds
cbb59c39: raises $4 to $8
accfe66d: folds
f3ef0a23: folds
ca8c0454: raises $826.97 to $834.97 and is all-in
cbb59c39: calls $90.2 and is all-in
Uncalled bet ($736.77) returned to ca8c0454
cbb59c39: shows [Js Jd]
ca8c0454: shows [Ac Tc]
*** FLOP *** [Kc 9s 6s]
*** TURN *** [Kc 9s 6s] [Qd]
*** RIVER *** [Kc 9s 6s Qd] [7s]
*** SHOWDOWN ***
cbb59c39 collected $198.4 from pot
*** SUMMARY ***
Total pot $198.4
Board [Kc 9s 6s Qd 7s]
Seat 6: ca8c0454(big blind) showed [Ac Tc] and lost with Ace-High
Seat 5: f3ef0a23(small blind) folded before Flop
Seat 1: bcb03ad0 folded before Flop (didn't bet)
Seat 2: cbb59c39 showed [Js Jd] and won ($198.4) with Pair of Jacks
Seat 4: accfe66d folded before Flop (didn't bet)
Seat 7: Hero folded before Flop (didn't bet)



Poker Hand #ring_849977644: NLH No Limit ($2/$4) - 2025/04/30 03:21:22
Table 'MR NLH 2/4' 7-max Seat #2 is the button
Seat 6: ca8c0454 ($834.97 in chips)
Seat 5: f3ef0a23 ($444.7 in chips)
Seat 1: bcb03ad0 ($893.04 in chips)
Seat 2: cbb59c39 ($92.65 in chips)
Seat 4: accfe66d ($868.44 in chips)
Seat 7: Hero ($276.03 in chips)
accfe66d: posts small blind $2
f3ef0a23: posts big blind $4
*** HOLE CARDS ***
Dealt to ca8c0454 
Dealt to f3ef0a23 
Dealt to bcb03ad0 
Dealt to cbb59c39 
Dealt to accfe66d 
Dealt to Hero [8d 9s]
ca8c0454: folds
Hero: folds
bcb03ad0: folds
cbb59c39: calls $4
accfe66d: folds
f3ef0a23: checks
*** FLOP *** [Jh 2h Qc]
f3ef0a23: checks
cbb59c39: bets $10
f3ef0a23: folds
Uncalled bet ($10) returned to cbb59c39
*** SHOWDOWN ***
cbb59c39 collected $10 from pot
*** SUMMARY ***
Total pot $10
Board [Jh 2h Qc]
Seat 6: ca8c0454 folded before Flop (didn't bet)
Seat 5: f3ef0a23(big blind) folded on the Flop
Seat 1: bcb03ad0 folded before Flop (didn't bet)
Seat 2: cbb59c39won ($10) with Pair of Queens
Seat 4: accfe66d(small blind) folded before Flop
Seat 7: Hero folded before Flop (didn't bet)



Poker Hand #ring_849976215: NLH No Limit ($2/$4) - 2025/04/30 03:20:20
Table 'MR NLH 2/4' 7-max Seat #1 is the button
Seat 6: ca8c0454 ($770.52 in chips)
Seat 5: f3ef0a23 ($444.7 in chips)
Seat 1: bcb03ad0 ($893.04 in chips)
Seat 2: cbb59c39 ($160.37 in chips)
Seat 4: accfe66d ($872.44 in chips)
Seat 7: Hero ($276.03 in chips)
cbb59c39: posts small blind $2
accfe66d: posts big blind $4
*** HOLE CARDS ***
Dealt to ca8c0454 
Dealt to f3ef0a23 
Dealt to bcb03ad0 
Dealt to cbb59c39 
Dealt to accfe66d 
Dealt to Hero [Js 7h]
f3ef0a23: folds
ca8c0454: raises $8 to $12
Hero: folds
bcb03ad0: folds
cbb59c39: calls $10
accfe66d: folds
*** FLOP *** [4s 9h As]
cbb59c39: checks
ca8c0454: bets $9.24
cbb59c39: calls $9.24
*** TURN *** [4s 9h As] [5h]
cbb59c39: checks
ca8c0454: bets $46.48
cbb59c39: calls $46.48
*** RIVER *** [4s 9h As 5h] [Kc]
cbb59c39: checks
ca8c0454: bets $702.8 and is all-in
cbb59c39: folds
Uncalled bet ($702.8) returned to ca8c0454
*** SHOWDOWN ***
ca8c0454 collected $139.44 from pot
*** SUMMARY ***
Total pot $139.44
Board [4s 9h As 5h Kc]
Seat 6: ca8c0454won ($139.44) with Pair of Aces
Seat 5: f3ef0a23 folded before Flop (didn't bet)
Seat 1: bcb03ad0 folded before Flop (didn't bet)
Seat 2: cbb59c39(small blind) folded on the River
Seat 4: accfe66d(big blind) folded before Flop
Seat 7: Hero folded before Flop (didn't bet)



Poker Hand #ring_849975063: NLH No Limit ($2/$4) - 2025/04/30 03:19:31
Table 'MR NLH 2/4' 7-max Seat #7 is the button
Seat 6: ca8c0454 ($711.38 in chips)
Seat 5: f3ef0a23 ($444.7 in chips)
Seat 1: bcb03ad0 ($895.04 in chips)
Seat 3: 738d3e04 ($795.82 in chips)
Seat 2: cbb59c39 ($164.37 in chips)
Seat 4: accfe66d ($872.44 in chips)
Seat 7: Hero ($319.03 in chips)
bcb03ad0: posts small blind $2
cbb59c39: posts big blind $4
*** HOLE CARDS ***
Dealt to ca8c0454 
Dealt to f3ef0a23 
Dealt to bcb03ad0 
Dealt to 738d3e04 
Dealt to cbb59c39 
Dealt to accfe66d 
Dealt to Hero [9d 9h]
738d3e04: calls $4
accfe66d: folds
f3ef0a23: folds
ca8c0454: calls $4
Hero: raises $12 to $16
bcb03ad0: folds
cbb59c39: folds
738d3e04: calls $12
ca8c0454: calls $12
*** FLOP *** [Qd Kd 7c]
738d3e04: checks
ca8c0454: checks
Hero: bets $27
738d3e04: folds
ca8c0454: raises $108 to $135
Hero: folds
Uncalled bet ($108) returned to ca8c0454
*** SHOWDOWN ***
ca8c0454 collected $108 from pot
*** SUMMARY ***
Total pot $108
Board [Qd Kd 7c]
Seat 6: ca8c0454won ($108) with Pair of Kings
Seat 5: f3ef0a23 folded before Flop (didn't bet)
Seat 1: bcb03ad0(small blind) folded before Flop
Seat 3: 738d3e04 folded on the Flop
Seat 2: cbb59c39(big blind) folded before Flop
Seat 4: accfe66d folded before Flop (didn't bet)
Seat 7: Hero folded on the Flop



Poker Hand #ring_849973407: NLH No Limit ($2/$4) - 2025/04/30 03:18:20
Table 'MR NLH 2/4' 7-max Seat #6 is the button
Seat 6: ca8c0454 ($733.28 in chips)
Seat 5: f3ef0a23 ($444.7 in chips)
Seat 1: bcb03ad0 ($899.04 in chips)
Seat 3: 738d3e04 ($795.82 in chips)
Seat 2: cbb59c39 ($164.37 in chips)
Seat 4: accfe66d ($847.78 in chips)
Seat 7: Hero ($321.03 in chips)
Hero: posts small blind $2
bcb03ad0: posts big blind $4
*** HOLE CARDS ***
Dealt to ca8c0454 
Dealt to f3ef0a23 
Dealt to bcb03ad0 
Dealt to 738d3e04 
Dealt to cbb59c39 
Dealt to accfe66d 
Dealt to Hero [6c Td]
cbb59c39: folds
738d3e04: folds
accfe66d: raises $8 to $12
f3ef0a23: folds
ca8c0454: calls $12
Hero: folds
bcb03ad0: folds
*** FLOP *** [Js 8h 2h]
accfe66d: checks
ca8c0454: checks
*** TURN *** [Js 8h 2h] [Jh]
accfe66d: bets $9.9
ca8c0454: calls $9.9
*** RIVER *** [Js 8h 2h Jh] [3s]
accfe66d: checks
ca8c0454: checks
accfe66d: shows [Jd Qc]
ca8c0454: shows [8d Ac]
*** SHOWDOWN ***
accfe66d collected $49.8 from pot
*** SUMMARY ***
Total pot $49.8
Board [Js 8h 2h Jh 3s]
Seat 6: ca8c0454 showed [8d Ac] and lost with Pair of Jacks and Pair of Eights
Seat 5: f3ef0a23 folded before Flop (didn't bet)
Seat 1: bcb03ad0(big blind) folded before Flop
Seat 3: 738d3e04 folded before Flop (didn't bet)
Seat 2: cbb59c39 folded before Flop (didn't bet)
Seat 4: accfe66d showed [Jd Qc] and won ($49.8) with Three Jacks
Seat 7: Hero(small blind) folded before Flop



Poker Hand #ring_849972295: NLH No Limit ($2/$4) - 2025/04/30 03:17:32
Table 'MR NLH 2/4' 7-max Seat #5 is the button
Seat 6: ca8c0454 ($786 in chips)
Seat 5: f3ef0a23 ($444.7 in chips)
Seat 1: bcb03ad0 ($899.04 in chips)
Seat 3: 738d3e04 ($745.02 in chips)
Seat 2: cbb59c39 ($164.37 in chips)
Seat 4: accfe66d ($847.78 in chips)
Seat 7: Hero ($325.03 in chips)
ca8c0454: posts small blind $2
Hero: posts big blind $4
*** HOLE CARDS ***
Dealt to ca8c0454 
Dealt to f3ef0a23 
Dealt to bcb03ad0 
Dealt to 738d3e04 
Dealt to cbb59c39 
Dealt to accfe66d 
Dealt to Hero [Qc 3h]
bcb03ad0: folds
cbb59c39: folds
738d3e04: calls $4
accfe66d: folds
f3ef0a23: folds
ca8c0454: raises $12 to $16
Hero: folds
738d3e04: calls $12
*** FLOP *** [7s 8d 4c]
ca8c0454: bets $18
738d3e04: raises $18.72 to $36.72
ca8c0454: calls $18.72
*** TURN *** [7s 8d 4c] [2h]
ca8c0454: checks
738d3e04: bets $54.72
ca8c0454: folds
Uncalled bet ($54.72) returned to 738d3e04
*** SHOWDOWN ***
738d3e04 collected $109.44 from pot
*** SUMMARY ***
Total pot $109.44
Board [7s 8d 4c 2h]
Seat 6: ca8c0454(small blind) folded on the Turn
Seat 5: f3ef0a23 folded before Flop (didn't bet)
Seat 1: bcb03ad0 folded before Flop (didn't bet)
Seat 3: 738d3e04won ($109.44) with Pair of Eights and Pair of Sevens
Seat 2: cbb59c39 folded before Flop (didn't bet)
Seat 4: accfe66d folded before Flop (didn't bet)
Seat 7: Hero(big blind) folded before Flop



Poker Hand #ring_849971294: NLH No Limit ($2/$4) - 2025/04/30 03:16:50
Table 'MR NLH 2/4' 7-max Seat #4 is the button
Seat 6: ca8c0454 ($800 in chips)
Seat 5: f3ef0a23 ($446.7 in chips)
Seat 1: bcb03ad0 ($899.04 in chips)
Seat 3: 738d3e04 ($745.02 in chips)
Seat 2: cbb59c39 ($149.72 in chips)
Seat 4: accfe66d ($847.78 in chips)
Seat 7: Hero ($325.03 in chips)
f3ef0a23: posts small blind $2
ca8c0454: posts big blind $4
*** HOLE CARDS ***
Dealt to ca8c0454 
Dealt to f3ef0a23 
Dealt to bcb03ad0 
Dealt to 738d3e04 
Dealt to cbb59c39 
Dealt to accfe66d 
Dealt to Hero [Js Td]
Hero: folds
bcb03ad0: folds
cbb59c39: calls $4
738d3e04: folds
accfe66d: folds
f3ef0a23: folds
ca8c0454: checks
*** FLOP *** [5h Th 2s]
ca8c0454: checks
cbb59c39: checks
*** TURN *** [5h Th 2s] [6s]
ca8c0454: checks
cbb59c39: checks
*** RIVER *** [5h Th 2s 6s] [As]
ca8c0454: checks
cbb59c39: bets $10
ca8c0454: calls $10
cbb59c39: shows [8c Ad]
ca8c0454: shows [2h Jd]
*** SHOWDOWN ***
cbb59c39 collected $30 from pot
*** SUMMARY ***
Total pot $30
Board [5h Th 2s 6s As]
Seat 6: ca8c0454(big blind) showed [2h Jd] and lost with Pair of Twos
Seat 5: f3ef0a23(small blind) folded before Flop
Seat 1: bcb03ad0 folded before Flop (didn't bet)
Seat 3: 738d3e04 folded before Flop (didn't bet)
Seat 2: cbb59c39 showed [8c Ad] and won ($30) with Pair of Aces
Seat 4: accfe66d folded before Flop (didn't bet)
Seat 7: Hero folded before Flop (didn't bet)



Poker Hand #ring_849970179: NLH No Limit ($2/$4) - 2025/04/30 03:16:02
Table 'MR NLH 2/4' 7-max Seat #3 is the button
Seat 5: f3ef0a23 ($441.15 in chips)
Seat 1: bcb03ad0 ($899.04 in chips)
Seat 3: 738d3e04 ($745.02 in chips)
Seat 2: cbb59c39 ($153.72 in chips)
Seat 4: accfe66d ($849.78 in chips)
Seat 7: Hero ($325.03 in chips)
accfe66d: posts small blind $2
f3ef0a23: posts big blind $4
*** HOLE CARDS ***
Dealt to f3ef0a23 
Dealt to bcb03ad0 
Dealt to 738d3e04 
Dealt to cbb59c39 
Dealt to accfe66d 
Dealt to Hero [7c 2c]
Hero: folds
bcb03ad0: folds
cbb59c39: calls $4
738d3e04: folds
accfe66d: folds
f3ef0a23: checks
*** FLOP *** [9d Jh 4s]
f3ef0a23: checks
cbb59c39: checks
*** TURN *** [9d Jh 4s] [5c]
f3ef0a23: checks
cbb59c39: checks
*** RIVER *** [9d Jh 4s 5c] [Qh]
f3ef0a23: checks
cbb59c39: checks
cbb59c39: shows [8s Kd]
f3ef0a23: shows [Ah 2d]
*** SHOWDOWN ***
f3ef0a23 collected $10 from pot
*** SUMMARY ***
Total pot $10
Board [9d Jh 4s 5c Qh]
Seat 5: f3ef0a23(big blind) showed [Ah 2d] and won ($10) with Ace-High
Seat 1: bcb03ad0 folded before Flop (didn't bet)
Seat 3: 738d3e04 folded before Flop (didn't bet)
Seat 2: cbb59c39 showed [8s Kd] and lost with King-High
Seat 4: accfe66d(small blind) folded before Flop
Seat 7: Hero folded before Flop (didn't bet)



Poker Hand #ring_849968611: NLH No Limit ($2/$4) - 2025/04/30 03:14:57
Table 'MR NLH 2/4' 7-max Seat #2 is the button
Seat 5: f3ef0a23 ($441.15 in chips)
Seat 1: bcb03ad0 ($956.04 in chips)
Seat 3: 738d3e04 ($747.02 in chips)
Seat 2: cbb59c39 ($97.12 in chips)
Seat 4: accfe66d ($853.78 in chips)
Seat 7: Hero ($325.03 in chips)
738d3e04: posts small blind $2
accfe66d: posts big blind $4
*** HOLE CARDS ***
Dealt to f3ef0a23 
Dealt to bcb03ad0 
Dealt to 738d3e04 
Dealt to cbb59c39 
Dealt to accfe66d 
Dealt to Hero [Ad 8h]
f3ef0a23: folds
Hero: folds
bcb03ad0: raises $8 to $12
cbb59c39: calls $12
738d3e04: folds
accfe66d: folds
*** FLOP *** [Jd 9c 3d]
bcb03ad0: bets $15
cbb59c39: calls $15
*** TURN *** [Jd 9c 3d] [8c]
bcb03ad0: checks
cbb59c39: bets $30
bcb03ad0: calls $30
*** RIVER *** [Jd 9c 3d 8c] [5s]
bcb03ad0: checks
cbb59c39: bets $40.12 and is all-in
bcb03ad0: folds
Uncalled bet ($40.12) returned to cbb59c39
*** SHOWDOWN ***
cbb59c39 collected $120 from pot
*** SUMMARY ***
Total pot $120
Board [Jd 9c 3d 8c 5s]
Seat 5: f3ef0a23 folded before Flop (didn't bet)
Seat 1: bcb03ad0 folded on the River
Seat 3: 738d3e04(small blind) folded before Flop
Seat 2: cbb59c39won ($120) with Queens-High Straight
Seat 4: accfe66d(big blind) folded before Flop
Seat 7: Hero folded before Flop (didn't bet)



Poker Hand #ring_849968095: NLH No Limit ($2/$4) - 2025/04/30 03:14:35
Table 'MR NLH 2/4' 7-max Seat #1 is the button
Seat 5: f3ef0a23 ($441.15 in chips)
Seat 1: bcb03ad0 ($950.04 in chips)
Seat 3: 738d3e04 ($751.02 in chips)
Seat 2: cbb59c39 ($99.12 in chips)
Seat 4: accfe66d ($853.78 in chips)
Seat 7: Hero ($325.03 in chips)
cbb59c39: posts small blind $2
738d3e04: posts big blind $4
*** HOLE CARDS ***
Dealt to f3ef0a23 
Dealt to bcb03ad0 
Dealt to 738d3e04 
Dealt to cbb59c39 
Dealt to accfe66d 
Dealt to Hero [Ad 2h]
accfe66d: folds
f3ef0a23: folds
Hero: folds
bcb03ad0: raises $10 to $14
cbb59c39: folds
738d3e04: folds
Uncalled bet ($10) returned to bcb03ad0
*** SHOWDOWN ***
bcb03ad0 collected $10 from pot
*** SUMMARY ***
Total pot $10
Seat 5: f3ef0a23 folded before Flop (didn't bet)
Seat 1: bcb03ad0won ($10)
Seat 3: 738d3e04(big blind) folded before Flop
Seat 2: cbb59c39(small blind) folded before Flop
Seat 4: accfe66d folded before Flop (didn't bet)
Seat 7: Hero folded before Flop (didn't bet)



Poker Hand #ring_849966605: NLH No Limit ($2/$4) - 2025/04/30 03:13:36
Table 'MR NLH 2/4' 7-max Seat #7 is the button
Seat 5: f3ef0a23 ($459.46 in chips)
Seat 1: bcb03ad0 ($952.04 in chips)
Seat 3: 738d3e04 ($751.02 in chips)
Seat 2: cbb59c39 ($103.12 in chips)
Seat 4: accfe66d ($872.09 in chips)
Seat 7: Hero ($325.03 in chips)
bcb03ad0: posts small blind $2
cbb59c39: posts big blind $4
*** HOLE CARDS ***
Dealt to f3ef0a23 
Dealt to bcb03ad0 
Dealt to 738d3e04 
Dealt to cbb59c39 
Dealt to accfe66d 
Dealt to Hero [Td 7s]
*** FIRST FLOP *** [Kh 6d 6h]
*** SECOND FLOP *** [4c Tc 9d]
*** FIRST TURN *** [Kh 6d 6h] [7c]
*** SECOND TURN *** [4c Tc 9d] [Qc]
*** FIRST RIVER *** [Kh 6d 6h 7c] [Ad]
*** SECOND RIVER *** [4c Tc 9d Qc] [9c]
738d3e04: folds
accfe66d: raises $8 to $12
f3ef0a23: raises $24 to $36
Hero: folds
bcb03ad0: folds
cbb59c39: folds
accfe66d: raises $60 to $96
f3ef0a23: raises $363.46 to $459.46 and is all-in
accfe66d: calls $363.46
accfe66d: shows [As Kd]
f3ef0a23: shows [Qh Qd]
*** FIRST SHOWDOWN ***
accfe66d collected $462.96 from pot
*** SECOND SHOWDOWN ***
f3ef0a23 collected $461.96 from pot
*** SUMMARY ***
Total pot $924.92
Hand was run two timesFIRST Board [Kh 6d 6h 7c Ad]
SECOND Board [4c Tc 9d Qc 9c]
Seat 5: f3ef0a23 showed [Qh Qd] and won ($461.96) with Pair of Queens and Pair of Sixes / Queens Full over Nines
Seat 1: bcb03ad0(small blind) folded before Flop
Seat 3: 738d3e04 folded before Flop (didn't bet)
Seat 2: cbb59c39(big blind) folded before Flop
Seat 4: accfe66d showed [As Kd] and won ($462.96) with Pair of Aces and Pair of Kings / Pair of Nines
Seat 7: Hero folded before Flop (didn't bet)



Poker Hand #ring_849965512: NLH No Limit ($2/$4) - 2025/04/30 03:12:49
Table 'MR NLH 2/4' 7-max Seat #5 is the button
Seat 5: f3ef0a23 ($459.46 in chips)
Seat 1: bcb03ad0 ($956.04 in chips)
Seat 3: 738d3e04 ($764.02 in chips)
Seat 2: cbb59c39 ($103.12 in chips)
Seat 4: accfe66d ($872.09 in chips)
Seat 7: Hero ($309.38 in chips)
Hero: posts small blind $2
bcb03ad0: posts big blind $4
*** HOLE CARDS ***
Dealt to f3ef0a23 
Dealt to bcb03ad0 
Dealt to 738d3e04 
Dealt to cbb59c39 
Dealt to accfe66d 
Dealt to Hero [7c Qh]
cbb59c39: folds
738d3e04: calls $4
accfe66d: folds
f3ef0a23: folds
Hero: calls $2
bcb03ad0: checks
*** FLOP *** [Qd Tc 5h]
Hero: checks
bcb03ad0: checks
738d3e04: bets $9
Hero: calls $9
bcb03ad0: folds
*** TURN *** [Qd Tc 5h] [2c]
Hero: checks
738d3e04: checks
*** RIVER *** [Qd Tc 5h 2c] [4s]
Hero: checks
738d3e04: checks
738d3e04: shows [9d Jh]
Hero: shows [7c Qh]
*** SHOWDOWN ***
Hero collected $30 from pot
*** SUMMARY ***
Total pot $30
Board [Qd Tc 5h 2c 4s]
Seat 5: f3ef0a23 folded before Flop (didn't bet)
Seat 1: bcb03ad0(big blind) folded on the Flop
Seat 3: 738d3e04 showed [9d Jh] and lost with Queen-High
Seat 2: cbb59c39 folded before Flop (didn't bet)
Seat 4: accfe66d folded before Flop (didn't bet)
Seat 7: Hero(small blind) showed [7c Qh] and won ($30) with Pair of Queens



Poker Hand #ring_849964521: NLH No Limit ($2/$4) - 2025/04/30 03:12:08
Table 'MR NLH 2/4' 7-max Seat #4 is the button
Seat 5: f3ef0a23 ($461.46 in chips)
Seat 1: bcb03ad0 ($931.75 in chips)
Seat 3: 738d3e04 ($776.02 in chips)
Seat 2: cbb59c39 ($103.12 in chips)
Seat 4: accfe66d ($872.09 in chips)
Seat 7: Hero ($321.38 in chips)
f3ef0a23: posts small blind $2
Hero: posts big blind $4
*** HOLE CARDS ***
Dealt to f3ef0a23 
Dealt to bcb03ad0 
Dealt to 738d3e04 
Dealt to cbb59c39 
Dealt to accfe66d 
Dealt to Hero [9d Qc]
bcb03ad0: raises $8 to $12
cbb59c39: folds
738d3e04: calls $12
accfe66d: folds
f3ef0a23: folds
Hero: calls $8
*** FLOP *** [3c 4d 2c]
Hero: checks
bcb03ad0: bets $35
738d3e04: folds
Hero: folds
Uncalled bet ($35) returned to bcb03ad0
Hero: shows [9d Qc]
*** SHOWDOWN ***
bcb03ad0 collected $38 from pot
*** SUMMARY ***
Total pot $38
Board [3c 4d 2c]
Seat 5: f3ef0a23(small blind) folded before Flop
Seat 1: bcb03ad0won ($38) with King-High
Seat 3: 738d3e04 folded on the Flop
Seat 2: cbb59c39 folded before Flop (didn't bet)
Seat 4: accfe66d folded before Flop (didn't bet)
Seat 7: Hero(big blind) folded on the Flop



Poker Hand #ring_849962937: NLH No Limit ($2/$4) - 2025/04/30 03:11:01
Table 'MR NLH 2/4' 7-max Seat #3 is the button
Seat 5: f3ef0a23 ($465.46 in chips)
Seat 1: bcb03ad0 ($931.75 in chips)
Seat 3: 738d3e04 ($705.77 in chips)
Seat 2: cbb59c39 ($103.12 in chips)
Seat 4: accfe66d ($874.09 in chips)
Seat 7: Hero ($393.38 in chips)
accfe66d: posts small blind $2
f3ef0a23: posts big blind $4
*** HOLE CARDS ***
Dealt to f3ef0a23 
Dealt to bcb03ad0 
Dealt to 738d3e04 
Dealt to cbb59c39 
Dealt to accfe66d 
Dealt to Hero [Ks As]
Hero: raises $8 to $12
bcb03ad0: folds
cbb59c39: folds
738d3e04: raises $9.9 to $21.9
accfe66d: folds
f3ef0a23: folds
Hero: raises $50.1 to $72
738d3e04: calls $50.1
*** FLOP *** [6s 8h Jd]
Hero: checks
738d3e04: bets $75
Hero: folds
Uncalled bet ($75) returned to 738d3e04
*** SHOWDOWN ***
738d3e04 collected $150 from pot
*** SUMMARY ***
Total pot $150
Board [6s 8h Jd]
Seat 5: f3ef0a23(big blind) folded before Flop
Seat 1: bcb03ad0 folded before Flop (didn't bet)
Seat 3: 738d3e04won ($150) with Pair of Nines
Seat 2: cbb59c39 folded before Flop (didn't bet)
Seat 4: accfe66d(small blind) folded before Flop
Seat 7: Hero folded on the Flop



Poker Hand #ring_849961432: NLH No Limit ($2/$4) - 2025/04/30 03:09:58
Table 'MR NLH 2/4' 7-max Seat #2 is the button
Seat 5: f3ef0a23 ($465.46 in chips)
Seat 1: bcb03ad0 ($931.75 in chips)
Seat 3: 738d3e04 ($777.77 in chips)
Seat 2: cbb59c39 ($115.12 in chips)
Seat 4: accfe66d ($878.09 in chips)
Seat 7: Hero ($313.58 in chips)
738d3e04: posts small blind $2
accfe66d: posts big blind $4
*** HOLE CARDS ***
Dealt to f3ef0a23 
Dealt to bcb03ad0 
Dealt to 738d3e04 
Dealt to cbb59c39 
Dealt to accfe66d 
Dealt to Hero [Kh Ks]
f3ef0a23: folds
Hero: raises $8 to $12
bcb03ad0: folds
cbb59c39: calls $12
738d3e04: calls $10
accfe66d: folds
*** FLOP *** [2d 3c 6c]
738d3e04: bets $20
Hero: calls $20
cbb59c39: folds
*** TURN *** [2d 3c 6c] [Qs]
738d3e04: bets $40
Hero: raises $80 to $120
738d3e04: folds
Uncalled bet ($80) returned to Hero
*** SHOWDOWN ***
Hero collected $160 from pot
*** SUMMARY ***
Total pot $160
Board [2d 3c 6c Qs]
Seat 5: f3ef0a23 folded before Flop (didn't bet)
Seat 1: bcb03ad0 folded before Flop (didn't bet)
Seat 3: 738d3e04(small blind) folded on the Turn
Seat 2: cbb59c39 folded on the Flop
Seat 4: accfe66d(big blind) folded before Flop
Seat 7: Herowon ($160) with Pair of Kings



Poker Hand #ring_849960777: NLH No Limit ($2/$4) - 2025/04/30 03:09:30
Table 'MR NLH 2/4' 7-max Seat #1 is the button
Seat 5: f3ef0a23 ($465.46 in chips)
Seat 1: bcb03ad0 ($931.75 in chips)
Seat 3: 738d3e04 ($781.77 in chips)
Seat 2: cbb59c39 ($117.12 in chips)
Seat 4: accfe66d ($878.09 in chips)
Seat 7: Hero ($307.58 in chips)
cbb59c39: posts small blind $2
738d3e04: posts big blind $4
*** HOLE CARDS ***
Dealt to f3ef0a23 
Dealt to bcb03ad0 
Dealt to 738d3e04 
Dealt to cbb59c39 
Dealt to accfe66d 
Dealt to Hero [Qh Ks]
accfe66d: folds
f3ef0a23: folds
Hero: raises $8 to $12
bcb03ad0: folds
cbb59c39: folds
738d3e04: folds
Uncalled bet ($8) returned to Hero
*** SHOWDOWN ***
Hero collected $10 from pot
*** SUMMARY ***
Total pot $10
Seat 5: f3ef0a23 folded before Flop (didn't bet)
Seat 1: bcb03ad0 folded before Flop (didn't bet)
Seat 3: 738d3e04(big blind) folded before Flop
Seat 2: cbb59c39(small blind) folded before Flop
Seat 4: accfe66d folded before Flop (didn't bet)
Seat 7: Herowon ($10)



Poker Hand #ring_849959292: NLH No Limit ($2/$4) - 2025/04/30 03:08:27
Table 'MR NLH 2/4' 7-max Seat #7 is the button
Seat 5: f3ef0a23 ($465.46 in chips)
Seat 1: bcb03ad0 ($933.75 in chips)
Seat 3: 738d3e04 ($781.77 in chips)
Seat 2: cbb59c39 ($60.84 in chips)
Seat 4: accfe66d ($878.09 in chips)
Seat 7: Hero ($368.42 in chips)
bcb03ad0: posts small blind $2
cbb59c39: posts big blind $4
*** HOLE CARDS ***
Dealt to f3ef0a23 
Dealt to bcb03ad0 
Dealt to 738d3e04 
Dealt to cbb59c39 
Dealt to accfe66d 
Dealt to Hero [5d 6s]
738d3e04: folds
accfe66d: folds
f3ef0a23: folds
Hero: raises $6 to $10
bcb03ad0: folds
cbb59c39: calls $6
*** FLOP *** [Kc 6d 7c]
cbb59c39: checks
Hero: checks
*** TURN *** [Kc 6d 7c] [8h]
cbb59c39: checks
Hero: bets $11
cbb59c39: raises $39.84 to $50.84 and is all-in
Hero: calls $39.84
cbb59c39: shows [Td 9h]
Hero: shows [5d 6s]
*** RIVER *** [Kc 6d 7c 8h] [8d]
738d3e04: shows [5c 4s]
*** SHOWDOWN ***
cbb59c39 collected $123.68 from pot
*** SUMMARY ***
Total pot $123.68
Board [Kc 6d 7c 8h 8d]
Seat 5: f3ef0a23 folded before Flop (didn't bet)
Seat 1: bcb03ad0(small blind) folded before Flop
Seat 3: 738d3e04 folded before Flop (didn't bet)
Seat 2: cbb59c39(big blind) showed [Td 9h] and won ($123.68) with Tens-High Straight
Seat 4: accfe66d folded before Flop (didn't bet)
Seat 7: Hero showed [5d 6s] and lost with Pair of Eights and Pair of Sixes



Poker Hand #ring_849957572: NLH No Limit ($2/$4) - 2025/04/30 03:07:14
Table 'MR NLH 2/4' 7-max Seat #5 is the button
Seat 5: f3ef0a23 ($465.46 in chips)
Seat 1: bcb03ad0 ($937.75 in chips)
Seat 3: 738d3e04 ($729.27 in chips)
Seat 2: cbb59c39 ($72.84 in chips)
Seat 4: accfe66d ($878.09 in chips)
Seat 7: Hero ($410.42 in chips)
Hero: posts small blind $2
bcb03ad0: posts big blind $4
*** HOLE CARDS ***
Dealt to f3ef0a23 
Dealt to bcb03ad0 
Dealt to 738d3e04 
Dealt to cbb59c39 
Dealt to accfe66d 
Dealt to Hero [5s 3s]
cbb59c39: calls $4
738d3e04: calls $4
accfe66d: folds
f3ef0a23: folds
Hero: raises $8 to $12
bcb03ad0: folds
cbb59c39: calls $8
738d3e04: calls $8
*** FLOP *** [6c 7h 6s]
Hero: checks
cbb59c39: checks
738d3e04: bets $30
Hero: calls $30
cbb59c39: folds
*** TURN *** [6c 7h 6s] [Kc]
Hero: checks
738d3e04: checks
*** RIVER *** [6c 7h 6s Kc] [7d]
Hero: checks
738d3e04: bets $50
Hero: folds
Uncalled bet ($50) returned to 738d3e04
*** SHOWDOWN ***
738d3e04 collected $100 from pot
*** SUMMARY ***
Total pot $100
Board [6c 7h 6s Kc 7d]
Seat 5: f3ef0a23 folded before Flop (didn't bet)
Seat 1: bcb03ad0(big blind) folded before Flop
Seat 3: 738d3e04won ($100) with Pair of Sevens and Pair of Sixes
Seat 2: cbb59c39 folded on the Flop
Seat 4: accfe66d folded before Flop (didn't bet)
Seat 7: Hero(small blind) folded on the River



Poker Hand #ring_849957019: NLH No Limit ($2/$4) - 2025/04/30 03:06:51
Table 'MR NLH 2/4' 7-max Seat #4 is the button
Seat 5: f3ef0a23 ($467.46 in chips)
Seat 1: bcb03ad0 ($937.75 in chips)
Seat 3: 738d3e04 ($729.27 in chips)
Seat 2: cbb59c39 ($72.84 in chips)
Seat 4: accfe66d ($872.09 in chips)
Seat 7: Hero ($414.42 in chips)
f3ef0a23: posts small blind $2
Hero: posts big blind $4
*** HOLE CARDS ***
Dealt to f3ef0a23 
Dealt to bcb03ad0 
Dealt to 738d3e04 
Dealt to cbb59c39 
Dealt to accfe66d 
Dealt to Hero [4c 8h]
bcb03ad0: folds
cbb59c39: folds
738d3e04: folds
accfe66d: raises $6 to $10
f3ef0a23: folds
Hero: folds
Uncalled bet ($6) returned to accfe66d
*** SHOWDOWN ***
accfe66d collected $10 from pot
*** SUMMARY ***
Total pot $10
Seat 5: f3ef0a23(small blind) folded before Flop
Seat 1: bcb03ad0 folded before Flop (didn't bet)
Seat 3: 738d3e04 folded before Flop (didn't bet)
Seat 2: cbb59c39 folded before Flop (didn't bet)
Seat 4: accfe66dwon ($10)
Seat 7: Hero(big blind) folded before Flop



Poker Hand #ring_849955636: NLH No Limit ($2/$4) - 2025/04/30 03:05:54
Table 'MR NLH 2/4' 7-max Seat #3 is the button
Seat 5: f3ef0a23 ($471.46 in chips)
Seat 1: bcb03ad0 ($937.75 in chips)
Seat 3: 738d3e04 ($763.27 in chips)
Seat 2: cbb59c39 ($72.84 in chips)
Seat 4: accfe66d ($838.33 in chips)
Seat 7: Hero ($414.42 in chips)
accfe66d: posts small blind $2
f3ef0a23: posts big blind $4
*** HOLE CARDS ***
Dealt to f3ef0a23 
Dealt to bcb03ad0 
Dealt to 738d3e04 
Dealt to cbb59c39 
Dealt to accfe66d 
Dealt to Hero [6d 4c]
Hero: folds
bcb03ad0: folds
cbb59c39: folds
738d3e04: calls $4
accfe66d: raises $12 to $16
f3ef0a23: folds
738d3e04: calls $12
*** FLOP *** [Jd 6s Ac]
accfe66d: checks
738d3e04: bets $18
accfe66d: calls $18
*** TURN *** [Jd 6s Ac] [7s]
accfe66d: checks
738d3e04: checks
*** RIVER *** [Jd 6s Ac 7s] [3d]
accfe66d: bets $23.76
738d3e04: folds
Uncalled bet ($23.76) returned to accfe66d
*** SHOWDOWN ***
accfe66d collected $72 from pot
*** SUMMARY ***
Total pot $72
Board [Jd 6s Ac 7s 3d]
Seat 5: f3ef0a23(big blind) folded before Flop
Seat 1: bcb03ad0 folded before Flop (didn't bet)
Seat 3: 738d3e04 folded on the River
Seat 2: cbb59c39 folded before Flop (didn't bet)
Seat 4: accfe66d(small blind)won ($72) with Pair of Jacks
Seat 7: Hero folded before Flop (didn't bet)



Poker Hand #ring_849953911: NLH No Limit ($2/$4) - 2025/04/30 03:04:42
Table 'MR NLH 2/4' 7-max Seat #2 is the button
Seat 5: f3ef0a23 ($421.61 in chips)
Seat 1: bcb03ad0 ($943.75 in chips)
Seat 3: 738d3e04 ($779.27 in chips)
Seat 2: cbb59c39 ($72.84 in chips)
Seat 4: accfe66d ($854.33 in chips)
Seat 7: Hero ($430.42 in chips)
738d3e04: posts small blind $2
accfe66d: posts big blind $4
bcb03ad0: posts big blind $4
bcb03ad0: posts small blind $2
*** HOLE CARDS ***
Dealt to f3ef0a23 
Dealt to bcb03ad0 
Dealt to 738d3e04 
Dealt to cbb59c39 
Dealt to accfe66d 
Dealt to Hero [5s 5c]
f3ef0a23: calls $4
Hero: raises $12 to $16
bcb03ad0: folds
cbb59c39: folds
738d3e04: calls $14
accfe66d: calls $12
f3ef0a23: calls $12
*** FLOP *** [7c 9s 9h]
738d3e04: checks
accfe66d: checks
f3ef0a23: checks
Hero: checks
*** TURN *** [7c 9s 9h] [8c]
738d3e04: checks
accfe66d: checks
f3ef0a23: bets $52.5
Hero: folds
738d3e04: folds
accfe66d: folds
Uncalled bet ($52.5) returned to f3ef0a23
*** SHOWDOWN ***
f3ef0a23 collected $70 from pot
*** SUMMARY ***
Total pot $68
Board [7c 9s 9h 8c]
Seat 5: f3ef0a23won ($70) with Nines-High Straight
Seat 1: bcb03ad0 folded before Flop
Seat 3: 738d3e04(small blind) folded on the Turn
Seat 2: cbb59c39 folded before Flop (didn't bet)
Seat 4: accfe66d(big blind) folded on the Turn
Seat 7: Hero folded on the Turn



Poker Hand #ring_849952862: NLH No Limit ($2/$4) - 2025/04/30 03:03:58
Table 'MR NLH 2/4' 7-max Seat #7 is the button
Seat 5: f3ef0a23 ($421.61 in chips)
Seat 3: 738d3e04 ($791.27 in chips)
Seat 2: cbb59c39 ($61.92 in chips)
Seat 4: accfe66d ($854.33 in chips)
Seat 7: Hero ($430.42 in chips)
cbb59c39: posts small blind $2
738d3e04: posts big blind $4
*** HOLE CARDS ***
Dealt to f3ef0a23 
Dealt to 738d3e04 
Dealt to cbb59c39 
Dealt to accfe66d 
Dealt to Hero [2c 6d]
accfe66d: folds
f3ef0a23: folds
Hero: folds
cbb59c39: calls $2
738d3e04: checks
*** FLOP *** [4s 9s Kc]
cbb59c39: checks
738d3e04: checks
*** TURN *** [4s 9s Kc] [8d]
cbb59c39: bets $8
738d3e04: calls $8
*** RIVER *** [4s 9s Kc 8d] [7c]
cbb59c39: bets $49.92 and is all-in
738d3e04: folds
Uncalled bet ($49.92) returned to cbb59c39
*** SHOWDOWN ***
cbb59c39 collected $24 from pot
*** SUMMARY ***
Total pot $24
Board [4s 9s Kc 8d 7c]
Seat 5: f3ef0a23 folded before Flop (didn't bet)
Seat 3: 738d3e04(big blind) folded on the River
Seat 2: cbb59c39(small blind)won ($24) with Three Fours
Seat 4: accfe66d folded before Flop (didn't bet)
Seat 7: Hero folded before Flop (didn't bet)



Poker Hand #ring_849951390: NLH No Limit ($2/$4) - 2025/04/30 03:02:59
Table 'MR NLH 2/4' 7-max Seat #5 is the button
Seat 5: f3ef0a23 ($510.61 in chips)
Seat 3: 738d3e04 ($705.55 in chips)
Seat 2: cbb59c39 ($65.92 in chips)
Seat 4: accfe66d ($854.33 in chips)
Seat 7: Hero ($432.42 in chips)
Hero: posts small blind $2
cbb59c39: posts big blind $4
*** HOLE CARDS ***
Dealt to f3ef0a23 
Dealt to 738d3e04 
Dealt to cbb59c39 
Dealt to accfe66d 
Dealt to Hero [3h 4d]
738d3e04: calls $4
accfe66d: folds
f3ef0a23: raises $16 to $20
Hero: folds
cbb59c39: folds
738d3e04: calls $16
*** FLOP *** [3s 9h 9d]
738d3e04: bets $23
f3ef0a23: raises $46 to $69
738d3e04: raises $60.72 to $129.72
f3ef0a23: folds
Uncalled bet ($60.72) returned to 738d3e04
*** SHOWDOWN ***
738d3e04 collected $184 from pot
*** SUMMARY ***
Total pot $184
Board [3s 9h 9d]
Seat 5: f3ef0a23 folded on the Flop
Seat 3: 738d3e04won ($184) with Pair of Nines
Seat 2: cbb59c39(big blind) folded before Flop
Seat 4: accfe66d folded before Flop (didn't bet)
Seat 7: Hero(small blind) folded before Flop



Poker Hand #ring_849950368: NLH No Limit ($2/$4) - 2025/04/30 03:02:17
Table 'MR NLH 2/4' 7-max Seat #4 is the button
Seat 5: f3ef0a23 ($486.61 in chips)
Seat 1: bcb03ad0 ($943.75 in chips)
Seat 3: 738d3e04 ($709.55 in chips)
Seat 2: cbb59c39 ($65.92 in chips)
Seat 4: accfe66d ($870.33 in chips)
Seat 7: Hero ($436.42 in chips)
f3ef0a23: posts small blind $2
Hero: posts big blind $4
*** HOLE CARDS ***
Dealt to f3ef0a23 
Dealt to bcb03ad0 
Dealt to 738d3e04 
Dealt to cbb59c39 
Dealt to accfe66d 
Dealt to Hero [4c Kc]
bcb03ad0: folds
cbb59c39: folds
738d3e04: calls $4
accfe66d: raises $12 to $16
f3ef0a23: raises $48 to $64
Hero: folds
738d3e04: folds
accfe66d: folds
Uncalled bet ($48) returned to f3ef0a23
*** SHOWDOWN ***
f3ef0a23 collected $40 from pot
*** SUMMARY ***
Total pot $40
Seat 5: f3ef0a23(small blind)won ($40)
Seat 1: bcb03ad0 folded before Flop (didn't bet)
Seat 3: 738d3e04 folded before Flop
Seat 2: cbb59c39 folded before Flop (didn't bet)
Seat 4: accfe66d folded before Flop
Seat 7: Hero(big blind) folded before Flop



Poker Hand #ring_849948959: NLH No Limit ($2/$4) - 2025/04/30 03:01:18
Table 'MR NLH 2/4' 7-max Seat #3 is the button
Seat 5: f3ef0a23 ($490.61 in chips)
Seat 1: bcb03ad0 ($943.75 in chips)
Seat 3: 738d3e04 ($667.51 in chips)
Seat 2: cbb59c39 ($106.92 in chips)
Seat 4: accfe66d ($872.33 in chips)
Seat 7: Hero ($436.42 in chips)
accfe66d: posts small blind $2
f3ef0a23: posts big blind $4
*** HOLE CARDS ***
Dealt to f3ef0a23 
Dealt to bcb03ad0 
Dealt to 738d3e04 
Dealt to cbb59c39 
Dealt to accfe66d 
Dealt to Hero [9c Jh]
Hero: folds
bcb03ad0: folds
cbb59c39: raises $4 to $8
738d3e04: calls $8
accfe66d: folds
f3ef0a23: folds
*** FLOP *** [5c 8s Ks]
cbb59c39: bets $11
738d3e04: calls $11
*** TURN *** [5c 8s Ks] [Ts]
cbb59c39: checks
738d3e04: bets $22
cbb59c39: calls $22
*** RIVER *** [5c 8s Ks Ts] [Kd]
cbb59c39: checks
738d3e04: bets $44
cbb59c39: folds
Uncalled bet ($44) returned to 738d3e04
*** SHOWDOWN ***
738d3e04 collected $88 from pot
*** SUMMARY ***
Total pot $88
Board [5c 8s Ks Ts Kd]
Seat 5: f3ef0a23(big blind) folded before Flop
Seat 1: bcb03ad0 folded before Flop (didn't bet)
Seat 3: 738d3e04won ($88) with King High Flush
Seat 2: cbb59c39 folded on the River
Seat 4: accfe66d(small blind) folded before Flop
Seat 7: Hero folded before Flop (didn't bet)



Poker Hand #ring_849947823: NLH No Limit ($2/$4) - 2025/04/30 03:00:31
Table 'MR NLH 2/4' 7-max Seat #2 is the button
Seat 5: f3ef0a23 ($490.61 in chips)
Seat 1: bcb03ad0 ($943.75 in chips)
Seat 3: 738d3e04 ($671.51 in chips)
Seat 2: cbb59c39 ($122.92 in chips)
Seat 4: accfe66d ($853.95 in chips)
Seat 7: Hero ($436.42 in chips)
738d3e04: posts small blind $2
accfe66d: posts big blind $4
*** HOLE CARDS ***
Dealt to f3ef0a23 
Dealt to bcb03ad0 
Dealt to 738d3e04 
Dealt to cbb59c39 
Dealt to accfe66d 
Dealt to Hero [5d 8d]
f3ef0a23: folds
Hero: folds
bcb03ad0: folds
cbb59c39: calls $4
738d3e04: calls $2
accfe66d: raises $12 to $16
cbb59c39: calls $12
738d3e04: folds
*** FLOP *** [5c 8h 8c]
accfe66d: bets $11.88
cbb59c39: folds
Uncalled bet ($11.88) returned to accfe66d
*** SHOWDOWN ***
accfe66d collected $36 from pot
*** SUMMARY ***
Total pot $36
Board [5c 8h 8c]
Seat 5: f3ef0a23 folded before Flop (didn't bet)
Seat 1: bcb03ad0 folded before Flop (didn't bet)
Seat 3: 738d3e04(small blind) folded before Flop
Seat 2: cbb59c39 folded on the Flop
Seat 4: accfe66d(big blind)won ($36) with Pair of Eights
Seat 7: Hero folded before Flop (didn't bet)



Poker Hand #ring_849947125: NLH No Limit ($2/$4) - 2025/04/30 03:00:02
Table 'MR NLH 2/4' 7-max Seat #1 is the button
Seat 5: f3ef0a23 ($490.61 in chips)
Seat 1: bcb03ad0 ($955.75 in chips)
Seat 3: 738d3e04 ($658.68 in chips)
Seat 2: cbb59c39 ($124.92 in chips)
Seat 4: accfe66d ($853.95 in chips)
Seat 7: Hero ($436.42 in chips)
cbb59c39: posts small blind $2
738d3e04: posts big blind $4
*** HOLE CARDS ***
Dealt to f3ef0a23 
Dealt to bcb03ad0 
Dealt to 738d3e04 
Dealt to cbb59c39 
Dealt to accfe66d 
Dealt to Hero [Kh 5c]
accfe66d: folds
f3ef0a23: folds
Hero: folds
bcb03ad0: raises $8 to $12
cbb59c39: folds
738d3e04: calls $8
*** FLOP *** [Jc 8d 8s]
738d3e04: bets $19.5
bcb03ad0: folds
Uncalled bet ($19.5) returned to 738d3e04
*** SHOWDOWN ***
738d3e04 collected $26 from pot
*** SUMMARY ***
Total pot $26
Board [Jc 8d 8s]
Seat 5: f3ef0a23 folded before Flop (didn't bet)
Seat 1: bcb03ad0 folded on the Flop
Seat 3: 738d3e04(big blind)won ($26) with Pair of Eights
Seat 2: cbb59c39(small blind) folded before Flop
Seat 4: accfe66d folded before Flop (didn't bet)
Seat 7: Hero folded before Flop (didn't bet)



Poker Hand #ring_849945449: NLH No Limit ($2/$4) - 2025/04/30 02:58:56
Table 'MR NLH 2/4' 7-max Seat #7 is the button
Seat 5: f3ef0a23 ($490.61 in chips)
Seat 1: bcb03ad0 ($905.07 in chips)
Seat 3: 738d3e04 ($674.68 in chips)
Seat 2: cbb59c39 ($164.92 in chips)
Seat 4: accfe66d ($853.95 in chips)
Seat 7: Hero ($436.42 in chips)
bcb03ad0: posts small blind $2
cbb59c39: posts big blind $4
*** HOLE CARDS ***
Dealt to f3ef0a23 
Dealt to bcb03ad0 
Dealt to 738d3e04 
Dealt to cbb59c39 
Dealt to accfe66d 
Dealt to Hero [7d 2s]
738d3e04: calls $4
accfe66d: folds
f3ef0a23: folds
Hero: folds
bcb03ad0: raises $12 to $16
cbb59c39: calls $12
738d3e04: calls $12
*** FLOP *** [Ad 6d Js]
bcb03ad0: bets $24
cbb59c39: calls $24
738d3e04: folds
*** TURN *** [Ad 6d Js] [8h]
bcb03ad0: checks
cbb59c39: checks
*** RIVER *** [Ad 6d Js 8h] [8c]
bcb03ad0: checks
cbb59c39: checks
bcb03ad0: shows [6h 7h]
cbb59c39: shows [Kh Td]
*** SHOWDOWN ***
bcb03ad0 collected $96 from pot
*** SUMMARY ***
Total pot $96
Board [Ad 6d Js 8h 8c]
Seat 5: f3ef0a23 folded before Flop (didn't bet)
Seat 1: bcb03ad0(small blind) showed [6h 7h] and won ($96) with Pair of Eights and Pair of Sixes
Seat 3: 738d3e04 folded on the Flop
Seat 2: cbb59c39(big blind) showed [Kh Td] and lost with Pair of Eights
Seat 4: accfe66d folded before Flop (didn't bet)
Seat 7: Hero folded before Flop (didn't bet)



Poker Hand #ring_849944092: NLH No Limit ($2/$4) - 2025/04/30 02:58:02
Table 'MR NLH 2/4' 7-max Seat #5 is the button
Seat 5: f3ef0a23 ($490.61 in chips)
Seat 1: bcb03ad0 ($885.07 in chips)
Seat 3: 738d3e04 ($678.68 in chips)
Seat 2: cbb59c39 ($168.92 in chips)
Seat 4: accfe66d ($853.95 in chips)
Seat 7: Hero ($448.42 in chips)
Hero: posts small blind $2
bcb03ad0: posts big blind $4
*** HOLE CARDS ***
Dealt to f3ef0a23 
Dealt to bcb03ad0 
Dealt to 738d3e04 
Dealt to cbb59c39 
Dealt to accfe66d 
Dealt to Hero [6h 5h]
cbb59c39: calls $4
738d3e04: calls $4
accfe66d: folds
f3ef0a23: folds
Hero: raises $8 to $12
bcb03ad0: raises $32 to $44
cbb59c39: folds
738d3e04: folds
Hero: folds
Uncalled bet ($32) returned to bcb03ad0
*** SHOWDOWN ***
bcb03ad0 collected $32 from pot
*** SUMMARY ***
Total pot $32
Seat 5: f3ef0a23 folded before Flop (didn't bet)
Seat 1: bcb03ad0(big blind)won ($32)
Seat 3: 738d3e04 folded before Flop
Seat 2: cbb59c39 folded before Flop
Seat 4: accfe66d folded before Flop (didn't bet)
Seat 7: Hero(small blind) folded before Flop



Poker Hand #ring_849943586: NLH No Limit ($2/$4) - 2025/04/30 02:57:41
Table 'MR NLH 2/4' 7-max Seat #4 is the button
Seat 5: f3ef0a23 ($492.61 in chips)
Seat 1: bcb03ad0 ($885.07 in chips)
Seat 3: 738d3e04 ($678.68 in chips)
Seat 2: cbb59c39 ($168.92 in chips)
Seat 4: accfe66d ($853.95 in chips)
Seat 7: Hero ($446.42 in chips)
f3ef0a23: posts small blind $2
Hero: posts big blind $4
*** HOLE CARDS ***
Dealt to f3ef0a23 
Dealt to bcb03ad0 
Dealt to 738d3e04 
Dealt to cbb59c39 
Dealt to accfe66d 
Dealt to Hero [5h 4s]
bcb03ad0: folds
cbb59c39: folds
738d3e04: folds
accfe66d: folds
f3ef0a23: folds
*** SHOWDOWN ***
Hero collected $6 from pot
*** SUMMARY ***
Total pot $6
Seat 5: f3ef0a23(small blind) folded before Flop
Seat 1: bcb03ad0 folded before Flop (didn't bet)
Seat 3: 738d3e04 folded before Flop (didn't bet)
Seat 2: cbb59c39 folded before Flop (didn't bet)
Seat 4: accfe66d folded before Flop (didn't bet)
Seat 7: Hero(big blind)won ($6)



Poker Hand #ring_849942349: NLH No Limit ($2/$4) - 2025/04/30 02:56:52
Table 'MR NLH 2/4' 7-max Seat #3 is the button
Seat 5: f3ef0a23 ($496.61 in chips)
Seat 1: bcb03ad0 ($885.07 in chips)
Seat 3: 738d3e04 ($678.68 in chips)
Seat 2: cbb59c39 ($161.46 in chips)
Seat 4: accfe66d ($857.95 in chips)
Seat 7: Hero ($446.42 in chips)
accfe66d: posts small blind $2
f3ef0a23: posts big blind $4
*** HOLE CARDS ***
Dealt to f3ef0a23 
Dealt to bcb03ad0 
Dealt to 738d3e04 
Dealt to cbb59c39 
Dealt to accfe66d 
Dealt to Hero [Jh 9d]
Hero: folds
bcb03ad0: folds
cbb59c39: calls $4
738d3e04: folds
accfe66d: calls $2
f3ef0a23: checks
*** FLOP *** [Td 7c Kd]
accfe66d: checks
f3ef0a23: checks
cbb59c39: bets $6
accfe66d: folds
f3ef0a23: folds
Uncalled bet ($6) returned to cbb59c39
*** SHOWDOWN ***
cbb59c39 collected $12 from pot
*** SUMMARY ***
Total pot $12
Board [Td 7c Kd]
Seat 5: f3ef0a23(big blind) folded on the Flop
Seat 1: bcb03ad0 folded before Flop (didn't bet)
Seat 3: 738d3e04 folded before Flop (didn't bet)
Seat 2: cbb59c39won ($12) with Pair of Tens
Seat 4: accfe66d(small blind) folded on the Flop
Seat 7: Hero folded before Flop (didn't bet)



Poker Hand #ring_849941394: NLH No Limit ($2/$4) - 2025/04/30 02:56:14
Table 'MR NLH 2/4' 7-max Seat #2 is the button
Seat 5: f3ef0a23 ($496.61 in chips)
Seat 1: bcb03ad0 ($868.69 in chips)
Seat 3: 738d3e04 ($680.68 in chips)
Seat 2: cbb59c39 ($161.46 in chips)
Seat 4: accfe66d ($873.95 in chips)
Seat 7: Hero ($446.42 in chips)
738d3e04: posts small blind $2
accfe66d: posts big blind $4
bcb03ad0: posts big blind $4
bcb03ad0: posts small blind $2
*** HOLE CARDS ***
Dealt to f3ef0a23 
Dealt to bcb03ad0 
Dealt to 738d3e04 
Dealt to cbb59c39 
Dealt to accfe66d 
Dealt to Hero [2s Kc]
f3ef0a23: folds
Hero: folds
bcb03ad0: raises $12 to $16
cbb59c39: folds
738d3e04: folds
accfe66d: calls $12
*** FLOP *** [5d 5c 6c]
accfe66d: checks
bcb03ad0: bets $10
accfe66d: folds
Uncalled bet ($10) returned to bcb03ad0
*** SHOWDOWN ***
bcb03ad0 collected $36 from pot
*** SUMMARY ***
Total pot $34
Board [5d 5c 6c]
Seat 5: f3ef0a23 folded before Flop (didn't bet)
Seat 1: bcb03ad0won ($36) with Pair of Fives
Seat 3: 738d3e04(small blind) folded before Flop
Seat 2: cbb59c39 folded before Flop (didn't bet)
Seat 4: accfe66d(big blind) folded on the Flop
Seat 7: Hero folded before Flop (didn't bet)



Poker Hand #ring_849940294: NLH No Limit ($2/$4) - 2025/04/30 02:55:32
Table 'MR NLH 2/4' 7-max Seat #7 is the button
Seat 5: f3ef0a23 ($496.61 in chips)
Seat 3: 738d3e04 ($688.68 in chips)
Seat 2: cbb59c39 ($154.18 in chips)
Seat 4: accfe66d ($873.95 in chips)
Seat 7: Hero ($446.42 in chips)
cbb59c39: posts small blind $2
738d3e04: posts big blind $4
*** HOLE CARDS ***
Dealt to f3ef0a23 
Dealt to 738d3e04 
Dealt to cbb59c39 
Dealt to accfe66d 
Dealt to Hero [Kh 5c]
accfe66d: folds
f3ef0a23: folds
Hero: folds
cbb59c39: raises $4 to $8
738d3e04: calls $4
*** FLOP *** [Ac 3s 7s]
cbb59c39: checks
738d3e04: checks
*** TURN *** [Ac 3s 7s] [8h]
cbb59c39: bets $12
738d3e04: folds
Uncalled bet ($12) returned to cbb59c39
*** SHOWDOWN ***
cbb59c39 collected $16 from pot
*** SUMMARY ***
Total pot $16
Board [Ac 3s 7s 8h]
Seat 5: f3ef0a23 folded before Flop (didn't bet)
Seat 3: 738d3e04(big blind) folded on the Turn
Seat 2: cbb59c39(small blind)won ($16) with Ace-High
Seat 4: accfe66d folded before Flop (didn't bet)
Seat 7: Hero folded before Flop (didn't bet)



Poker Hand #ring_849939835: NLH No Limit ($2/$4) - 2025/04/30 02:55:13
Table 'MR NLH 2/4' 7-max Seat #5 is the button
Seat 5: f3ef0a23 ($490.61 in chips)
Seat 3: 738d3e04 ($688.68 in chips)
Seat 2: cbb59c39 ($158.18 in chips)
Seat 4: accfe66d ($873.95 in chips)
Seat 7: Hero ($448.42 in chips)
Hero: posts small blind $2
cbb59c39: posts big blind $4
*** HOLE CARDS ***
Dealt to f3ef0a23 
Dealt to 738d3e04 
Dealt to cbb59c39 
Dealt to accfe66d 
Dealt to Hero [5d Kc]
738d3e04: folds
accfe66d: folds
f3ef0a23: raises $6 to $10
Hero: folds
cbb59c39: folds
Uncalled bet ($6) returned to f3ef0a23
*** SHOWDOWN ***
f3ef0a23 collected $10 from pot
*** SUMMARY ***
Total pot $10
Seat 5: f3ef0a23won ($10)
Seat 3: 738d3e04 folded before Flop (didn't bet)
Seat 2: cbb59c39(big blind) folded before Flop
Seat 4: accfe66d folded before Flop (didn't bet)
Seat 7: Hero(small blind) folded before Flop



Poker Hand #ring_849939469: NLH No Limit ($2/$4) - 2025/04/30 02:54:58
Table 'MR NLH 2/4' 7-max Seat #4 is the button
Seat 5: f3ef0a23 ($492.61 in chips)
Seat 3: 738d3e04 ($688.68 in chips)
Seat 2: cbb59c39 ($158.18 in chips)
Seat 4: accfe66d ($873.95 in chips)
Seat 7: Hero ($446.42 in chips)
f3ef0a23: posts small blind $2
Hero: posts big blind $4
*** HOLE CARDS ***
Dealt to f3ef0a23 
Dealt to 738d3e04 
Dealt to cbb59c39 
Dealt to accfe66d 
Dealt to Hero [2c 8s]
cbb59c39: folds
738d3e04: folds
accfe66d: folds
f3ef0a23: folds
*** SHOWDOWN ***
Hero collected $6 from pot
*** SUMMARY ***
Total pot $6
Seat 5: f3ef0a23(small blind) folded before Flop
Seat 3: 738d3e04 folded before Flop (didn't bet)
Seat 2: cbb59c39 folded before Flop (didn't bet)
Seat 4: accfe66d folded before Flop (didn't bet)
Seat 7: Hero(big blind)won ($6)



Poker Hand #ring_849939107: NLH No Limit ($2/$4) - 2025/04/30 02:54:45
Table 'MR NLH 2/4' 7-max Seat #3 is the button
Seat 5: f3ef0a23 ($490.61 in chips)
Seat 3: 738d3e04 ($688.68 in chips)
Seat 2: cbb59c39 ($158.18 in chips)
Seat 4: accfe66d ($875.95 in chips)
Seat 7: Hero ($446.42 in chips)
accfe66d: posts small blind $2
f3ef0a23: posts big blind $4
*** HOLE CARDS ***
Dealt to f3ef0a23 
Dealt to 738d3e04 
Dealt to cbb59c39 
Dealt to accfe66d 
Dealt to Hero [Qh 5d]
Hero: folds
cbb59c39: folds
738d3e04: folds
accfe66d: folds
*** SHOWDOWN ***
f3ef0a23 collected $6 from pot
*** SUMMARY ***
Total pot $6
Seat 5: f3ef0a23(big blind)won ($6)
Seat 3: 738d3e04 folded before Flop (didn't bet)
Seat 2: cbb59c39 folded before Flop (didn't bet)
Seat 4: accfe66d(small blind) folded before Flop
Seat 7: Hero folded before Flop (didn't bet)



Poker Hand #ring_849937150: NLH No Limit ($2/$4) - 2025/04/30 02:53:24
Table 'MR NLH 2/4' 7-max Seat #2 is the button
Seat 6: ced2faab ($751.65 in chips)
Seat 5: f3ef0a23 ($490.61 in chips)
Seat 1: bcb03ad0 ($868.69 in chips)
Seat 3: 738d3e04 ($692.68 in chips)
Seat 2: cbb59c39 ($145.26 in chips)
Seat 4: accfe66d ($885.95 in chips)
Seat 7: Hero ($446.42 in chips)
738d3e04: posts small blind $2
accfe66d: posts big blind $4
*** HOLE CARDS ***
Dealt to ced2faab 
Dealt to f3ef0a23 
Dealt to bcb03ad0 
Dealt to 738d3e04 
Dealt to cbb59c39 
Dealt to accfe66d 
Dealt to Hero [Jh 4h]
f3ef0a23: folds
ced2faab: folds
Hero: folds
bcb03ad0: folds
cbb59c39: calls $4
738d3e04: calls $2
accfe66d: checks
*** FLOP *** [5d 7c Js]
738d3e04: checks
accfe66d: checks
cbb59c39: checks
*** TURN *** [5d 7c Js] [Td]
738d3e04: checks
accfe66d: bets $6
cbb59c39: calls $6
738d3e04: folds
*** RIVER *** [5d 7c Js Td] [9s]
accfe66d: checks
cbb59c39: bets $24
accfe66d: folds
Uncalled bet ($24) returned to cbb59c39
*** SHOWDOWN ***
cbb59c39 collected $24 from pot
*** SUMMARY ***
Total pot $24
Board [5d 7c Js Td 9s]
Seat 6: ced2faab folded before Flop (didn't bet)
Seat 5: f3ef0a23 folded before Flop (didn't bet)
Seat 1: bcb03ad0 folded before Flop (didn't bet)
Seat 3: 738d3e04(small blind) folded on the Turn
Seat 2: cbb59c39won ($24) with Jacks-High Straight
Seat 4: accfe66d(big blind) folded on the River
Seat 7: Hero folded before Flop (didn't bet)



Poker Hand #ring_849936301: NLH No Limit ($2/$4) - 2025/04/30 02:52:51
Table 'MR NLH 2/4' 7-max Seat #1 is the button
Seat 6: ced2faab ($751.65 in chips)
Seat 5: f3ef0a23 ($490.61 in chips)
Seat 1: bcb03ad0 ($868.69 in chips)
Seat 3: 738d3e04 ($704.68 in chips)
Seat 2: cbb59c39 ($147.26 in chips)
Seat 4: accfe66d ($873.12 in chips)
Seat 7: Hero ($446.42 in chips)
cbb59c39: posts small blind $2
738d3e04: posts big blind $4
*** HOLE CARDS ***
Dealt to ced2faab 
Dealt to f3ef0a23 
Dealt to bcb03ad0 
Dealt to 738d3e04 
Dealt to cbb59c39 
Dealt to accfe66d 
Dealt to Hero [8h Jd]
accfe66d: raises $8 to $12
f3ef0a23: folds
ced2faab: folds
Hero: folds
bcb03ad0: folds
cbb59c39: folds
738d3e04: calls $8
*** FLOP *** [Td Jh 6s]
738d3e04: checks
accfe66d: bets $8.58
738d3e04: folds
Uncalled bet ($8.58) returned to accfe66d
*** SHOWDOWN ***
accfe66d collected $26 from pot
*** SUMMARY ***
Total pot $26
Board [Td Jh 6s]
Seat 6: ced2faab folded before Flop (didn't bet)
Seat 5: f3ef0a23 folded before Flop (didn't bet)
Seat 1: bcb03ad0 folded before Flop (didn't bet)
Seat 3: 738d3e04(big blind) folded on the Flop
Seat 2: cbb59c39(small blind) folded before Flop
Seat 4: accfe66dwon ($26) with Ace-High
Seat 7: Hero folded before Flop (didn't bet)



Poker Hand #ring_849934961: NLH No Limit ($2/$4) - 2025/04/30 02:51:57
Table 'MR NLH 2/4' 7-max Seat #7 is the button
Seat 6: ced2faab ($751.65 in chips)
Seat 5: f3ef0a23 ($490.61 in chips)
Seat 1: bcb03ad0 ($870.69 in chips)
Seat 3: 738d3e04 ($704.68 in chips)
Seat 2: cbb59c39 ($172.26 in chips)
Seat 4: accfe66d ($849.46 in chips)
Seat 7: Hero ($446.42 in chips)
bcb03ad0: posts small blind $2
cbb59c39: posts big blind $4
*** HOLE CARDS ***
Dealt to ced2faab 
Dealt to f3ef0a23 
Dealt to bcb03ad0 
Dealt to 738d3e04 
Dealt to cbb59c39 
Dealt to accfe66d 
Dealt to Hero [Qh 4s]
738d3e04: folds
accfe66d: raises $8 to $12
f3ef0a23: folds
ced2faab: folds
Hero: folds
bcb03ad0: folds
cbb59c39: calls $8
*** FLOP *** [Jh 5d 8d]
cbb59c39: bets $13
accfe66d: calls $13
*** TURN *** [Jh 5d 8d] [8c]
cbb59c39: checks
accfe66d: bets $39
cbb59c39: folds
Uncalled bet ($39) returned to accfe66d
*** SHOWDOWN ***
accfe66d collected $52 from pot
*** SUMMARY ***
Total pot $52
Board [Jh 5d 8d 8c]
Seat 6: ced2faab folded before Flop (didn't bet)
Seat 5: f3ef0a23 folded before Flop (didn't bet)
Seat 1: bcb03ad0(small blind) folded before Flop
Seat 3: 738d3e04 folded before Flop (didn't bet)
Seat 2: cbb59c39(big blind) folded on the Turn
Seat 4: accfe66dwon ($52) with Pair of Eights
Seat 7: Hero folded before Flop (didn't bet)



Poker Hand #ring_849933793: NLH No Limit ($2/$4) - 2025/04/30 02:51:12
Table 'MR NLH 2/4' 7-max Seat #6 is the button
Seat 6: ced2faab ($735 in chips)
Seat 5: f3ef0a23 ($490.61 in chips)
Seat 1: bcb03ad0 ($874.69 in chips)
Seat 3: 738d3e04 ($716.68 in chips)
Seat 2: cbb59c39 ($172.26 in chips)
Seat 4: accfe66d ($849.46 in chips)
Seat 7: Hero ($448.42 in chips)
Hero: posts small blind $2
bcb03ad0: posts big blind $4
*** HOLE CARDS ***
Dealt to ced2faab 
Dealt to f3ef0a23 
Dealt to bcb03ad0 
Dealt to 738d3e04 
Dealt to cbb59c39 
Dealt to accfe66d 
Dealt to Hero [Qd 3c]
cbb59c39: folds
738d3e04: calls $4
accfe66d: folds
f3ef0a23: folds
ced2faab: raises $8 to $12
Hero: folds
bcb03ad0: folds
738d3e04: calls $8
*** FLOP *** [6c 8d 8s]
738d3e04: checks
ced2faab: checks
*** TURN *** [6c 8d 8s] [3h]
738d3e04: checks
ced2faab: bets $15
738d3e04: folds
Uncalled bet ($15) returned to ced2faab
*** SHOWDOWN ***
ced2faab collected $30 from pot
*** SUMMARY ***
Total pot $30
Board [6c 8d 8s 3h]
Seat 6: ced2faabwon ($30) with Pair of Eights and Pair of Sixes
Seat 5: f3ef0a23 folded before Flop (didn't bet)
Seat 1: bcb03ad0(big blind) folded before Flop
Seat 3: 738d3e04 folded on the Turn
Seat 2: cbb59c39 folded before Flop (didn't bet)
Seat 4: accfe66d folded before Flop (didn't bet)
Seat 7: Hero(small blind) folded before Flop



Poker Hand #ring_849931981: NLH No Limit ($2/$4) - 2025/04/30 02:50:01
Table 'MR NLH 2/4' 7-max Seat #5 is the button
Seat 6: ced2faab ($747 in chips)
Seat 5: f3ef0a23 ($490.61 in chips)
Seat 1: bcb03ad0 ($886.69 in chips)
Seat 3: 738d3e04 ($758.68 in chips)
Seat 2: cbb59c39 ($100.66 in chips)
Seat 4: accfe66d ($849.46 in chips)
Seat 7: Hero ($460.42 in chips)
ced2faab: posts small blind $2
Hero: posts big blind $4
*** HOLE CARDS ***
Dealt to ced2faab 
Dealt to f3ef0a23 
Dealt to bcb03ad0 
Dealt to 738d3e04 
Dealt to cbb59c39 
Dealt to accfe66d 
Dealt to Hero [4h 8h]
bcb03ad0: raises $8 to $12
cbb59c39: calls $12
738d3e04: calls $12
accfe66d: folds
f3ef0a23: folds
ced2faab: calls $10
Hero: calls $8
*** FLOP *** [9c 8s 9s]
ced2faab: checks
Hero: checks
bcb03ad0: checks
cbb59c39: bets $30
738d3e04: calls $30
ced2faab: folds
Hero: folds
bcb03ad0: folds
*** TURN *** [9c 8s 9s] [Kc]
cbb59c39: bets $58.66 and is all-in
738d3e04: folds
Uncalled bet ($58.66) returned to cbb59c39
*** SHOWDOWN ***
cbb59c39 collected $120 from pot
*** SUMMARY ***
Total pot $120
Board [9c 8s 9s Kc]
Seat 6: ced2faab(small blind) folded on the Flop
Seat 5: f3ef0a23 folded before Flop (didn't bet)
Seat 1: bcb03ad0 folded on the Flop
Seat 3: 738d3e04 folded on the Turn
Seat 2: cbb59c39won ($120) with Three Nines
Seat 4: accfe66d folded before Flop (didn't bet)
Seat 7: Hero(big blind) folded on the Flop



Poker Hand #ring_849931006: NLH No Limit ($2/$4) - 2025/04/30 02:49:21
Table 'MR NLH 2/4' 7-max Seat #4 is the button
Seat 6: ced2faab ($751 in chips)
Seat 5: f3ef0a23 ($492.61 in chips)
Seat 1: bcb03ad0 ($886.69 in chips)
Seat 3: 738d3e04 ($762.68 in chips)
Seat 2: cbb59c39 ($104.66 in chips)
Seat 4: accfe66d ($835.46 in chips)
Seat 7: Hero ($460.42 in chips)
f3ef0a23: posts small blind $2
ced2faab: posts big blind $4
*** HOLE CARDS ***
Dealt to ced2faab 
Dealt to f3ef0a23 
Dealt to bcb03ad0 
Dealt to 738d3e04 
Dealt to cbb59c39 
Dealt to accfe66d 
Dealt to Hero [Kd 6h]
Hero: folds
bcb03ad0: folds
cbb59c39: calls $4
738d3e04: calls $4
accfe66d: raises $18 to $22
f3ef0a23: folds
ced2faab: folds
cbb59c39: folds
738d3e04: folds
Uncalled bet ($18) returned to accfe66d
*** SHOWDOWN ***
accfe66d collected $18 from pot
*** SUMMARY ***
Total pot $18
Seat 6: ced2faab(big blind) folded before Flop
Seat 5: f3ef0a23(small blind) folded before Flop
Seat 1: bcb03ad0 folded before Flop (didn't bet)
Seat 3: 738d3e04 folded before Flop
Seat 2: cbb59c39 folded before Flop
Seat 4: accfe66dwon ($18)
Seat 7: Hero folded before Flop (didn't bet)



Poker Hand #ring_849930363: NLH No Limit ($2/$4) - 2025/04/30 02:48:58
Table 'MR NLH 2/4' 7-max Seat #3 is the button
Seat 6: ced2faab ($751 in chips)
Seat 5: f3ef0a23 ($490.61 in chips)
Seat 1: bcb03ad0 ($886.69 in chips)
Seat 3: 738d3e04 ($762.68 in chips)
Seat 2: cbb59c39 ($104.66 in chips)
Seat 4: accfe66d ($837.46 in chips)
Seat 7: Hero ($460.42 in chips)
accfe66d: posts small blind $2
f3ef0a23: posts big blind $4
*** HOLE CARDS ***
Dealt to ced2faab 
Dealt to f3ef0a23 
Dealt to bcb03ad0 
Dealt to 738d3e04 
Dealt to cbb59c39 
Dealt to accfe66d 
Dealt to Hero [6h 3s]
ced2faab: folds
Hero: folds
bcb03ad0: folds
cbb59c39: folds
738d3e04: folds
accfe66d: folds
*** SHOWDOWN ***
f3ef0a23 collected $6 from pot
*** SUMMARY ***
Total pot $6
Seat 6: ced2faab folded before Flop (didn't bet)
Seat 5: f3ef0a23(big blind)won ($6)
Seat 1: bcb03ad0 folded before Flop (didn't bet)
Seat 3: 738d3e04 folded before Flop (didn't bet)
Seat 2: cbb59c39 folded before Flop (didn't bet)
Seat 4: accfe66d(small blind) folded before Flop
Seat 7: Hero folded before Flop (didn't bet)



Poker Hand #ring_849928412: NLH No Limit ($2/$4) - 2025/04/30 02:47:41
Table 'MR NLH 2/4' 7-max Seat #2 is the button
Seat 6: ced2faab ($751 in chips)
Seat 5: f3ef0a23 ($490.61 in chips)
Seat 1: bcb03ad0 ($1,030.69 in chips)
Seat 3: 738d3e04 ($628.82 in chips)
Seat 2: cbb59c39 ($104.66 in chips)
Seat 4: accfe66d ($841.46 in chips)
Seat 7: Hero ($460.42 in chips)
738d3e04: posts small blind $2
accfe66d: posts big blind $4
*** HOLE CARDS ***
Dealt to ced2faab 
Dealt to f3ef0a23 
Dealt to bcb03ad0 
Dealt to 738d3e04 
Dealt to cbb59c39 
Dealt to accfe66d 
Dealt to Hero [Qh 6s]
f3ef0a23: folds
ced2faab: folds
Hero: folds
bcb03ad0: raises $12 to $16
cbb59c39: folds
738d3e04: calls $14
accfe66d: folds
*** FLOP *** [Qd 5s Ts]
738d3e04: bets $18
bcb03ad0: calls $18
*** TURN *** [Qd 5s Ts] [9h]
738d3e04: bets $36
bcb03ad0: raises $74 to $110
738d3e04: calls $74
*** RIVER *** [Qd 5s Ts 9h] [5h]
738d3e04: bets $146
bcb03ad0: folds
Uncalled bet ($146) returned to 738d3e04
*** SHOWDOWN ***
738d3e04 collected $292 from pot
*** SUMMARY ***
Total pot $292
Board [Qd 5s Ts 9h 5h]
Seat 6: ced2faab folded before Flop (didn't bet)
Seat 5: f3ef0a23 folded before Flop (didn't bet)
Seat 1: bcb03ad0 folded on the River
Seat 3: 738d3e04(small blind)won ($292) with Pair of Fives
Seat 2: cbb59c39 folded before Flop (didn't bet)
Seat 4: accfe66d(big blind) folded before Flop
Seat 7: Hero folded before Flop (didn't bet)



Poker Hand #ring_849927230: NLH No Limit ($2/$4) - 2025/04/30 02:46:54
Table 'MR NLH 2/4' 7-max Seat #1 is the button
Seat 6: ced2faab ($751 in chips)
Seat 5: f3ef0a23 ($490.61 in chips)
Seat 1: bcb03ad0 ($1,030.69 in chips)
Seat 3: 738d3e04 ($638.82 in chips)
Seat 2: cbb59c39 ($106.66 in chips)
Seat 4: accfe66d ($830.45 in chips)
Seat 7: Hero ($460.42 in chips)
cbb59c39: posts small blind $2
738d3e04: posts big blind $4
*** HOLE CARDS ***
Dealt to ced2faab 
Dealt to f3ef0a23 
Dealt to bcb03ad0 
Dealt to 738d3e04 
Dealt to cbb59c39 
Dealt to accfe66d 
Dealt to Hero [9s Qs]
accfe66d: raises $6 to $10
f3ef0a23: folds
ced2faab: folds
Hero: folds
bcb03ad0: folds
cbb59c39: folds
738d3e04: calls $6
*** FLOP *** [Kc 3c 3d]
738d3e04: checks
accfe66d: checks
*** TURN *** [Kc 3c 3d] [9h]
738d3e04: checks
accfe66d: bets $7.26
738d3e04: folds
Uncalled bet ($7.26) returned to accfe66d
*** SHOWDOWN ***
accfe66d collected $22 from pot
*** SUMMARY ***
Total pot $22
Board [Kc 3c 3d 9h]
Seat 6: ced2faab folded before Flop (didn't bet)
Seat 5: f3ef0a23 folded before Flop (didn't bet)
Seat 1: bcb03ad0 folded before Flop (didn't bet)
Seat 3: 738d3e04(big blind) folded on the Turn
Seat 2: cbb59c39(small blind) folded before Flop
Seat 4: accfe66dwon ($22) with Pair of Treys
Seat 7: Hero folded before Flop (didn't bet)



Poker Hand #ring_849926431: NLH No Limit ($2/$4) - 2025/04/30 02:46:23
Table 'MR NLH 2/4' 7-max Seat #7 is the button
Seat 6: ced2faab ($745 in chips)
Seat 5: f3ef0a23 ($490.61 in chips)
Seat 1: bcb03ad0 ($1,032.69 in chips)
Seat 3: 738d3e04 ($638.82 in chips)
Seat 2: cbb59c39 ($110.66 in chips)
Seat 4: accfe66d ($830.45 in chips)
Seat 7: Hero ($460.42 in chips)
bcb03ad0: posts small blind $2
cbb59c39: posts big blind $4
*** HOLE CARDS ***
Dealt to ced2faab 
Dealt to f3ef0a23 
Dealt to bcb03ad0 
Dealt to 738d3e04 
Dealt to cbb59c39 
Dealt to accfe66d 
Dealt to Hero [Jc 6c]
738d3e04: folds
accfe66d: folds
f3ef0a23: folds
ced2faab: raises $8 to $12
Hero: folds
bcb03ad0: folds
cbb59c39: folds
Uncalled bet ($8) returned to ced2faab
*** SHOWDOWN ***
ced2faab collected $10 from pot
*** SUMMARY ***
Total pot $10
Seat 6: ced2faabwon ($10)
Seat 5: f3ef0a23 folded before Flop (didn't bet)
Seat 1: bcb03ad0(small blind) folded before Flop
Seat 3: 738d3e04 folded before Flop (didn't bet)
Seat 2: cbb59c39(big blind) folded before Flop
Seat 4: accfe66d folded before Flop (didn't bet)
Seat 7: Hero folded before Flop (didn't bet)



Poker Hand #ring_849925529: NLH No Limit ($2/$4) - 2025/04/30 02:45:47
Table 'MR NLH 2/4' 7-max Seat #6 is the button
Seat 6: ced2faab ($745 in chips)
Seat 5: f3ef0a23 ($490.61 in chips)
Seat 1: bcb03ad0 ($1,025.23 in chips)
Seat 3: 738d3e04 ($638.82 in chips)
Seat 2: cbb59c39 ($114.66 in chips)
Seat 4: accfe66d ($830.45 in chips)
Seat 7: Hero ($464.42 in chips)
Hero: posts small blind $2
bcb03ad0: posts big blind $4
*** HOLE CARDS ***
Dealt to ced2faab 
Dealt to f3ef0a23 
Dealt to bcb03ad0 
Dealt to 738d3e04 
Dealt to cbb59c39 
Dealt to accfe66d 
Dealt to Hero [4d Kh]
cbb59c39: calls $4
738d3e04: folds
accfe66d: folds
f3ef0a23: folds
ced2faab: folds
Hero: calls $2
bcb03ad0: checks
*** FLOP *** [5h Qd 7d]
Hero: checks
bcb03ad0: checks
cbb59c39: checks
*** TURN *** [5h Qd 7d] [Qs]
Hero: checks
bcb03ad0: bets $4
cbb59c39: folds
Hero: folds
Uncalled bet ($4) returned to bcb03ad0
*** SHOWDOWN ***
bcb03ad0 collected $12 from pot
*** SUMMARY ***
Total pot $12
Board [5h Qd 7d Qs]
Seat 6: ced2faab folded before Flop (didn't bet)
Seat 5: f3ef0a23 folded before Flop (didn't bet)
Seat 1: bcb03ad0(big blind)won ($12) with Pair of Queens
Seat 3: 738d3e04 folded before Flop (didn't bet)
Seat 2: cbb59c39 folded on the Turn
Seat 4: accfe66d folded before Flop (didn't bet)
Seat 7: Hero(small blind) folded on the Turn



Poker Hand #ring_849924560: NLH No Limit ($2/$4) - 2025/04/30 02:45:09
Table 'MR NLH 2/4' 7-max Seat #5 is the button
Seat 6: ced2faab ($765 in chips)
Seat 5: f3ef0a23 ($490.61 in chips)
Seat 1: bcb03ad0 ($1,025.23 in chips)
Seat 3: 738d3e04 ($579.6 in chips)
Seat 2: cbb59c39 ($134.66 in chips)
Seat 4: accfe66d ($850.45 in chips)
Seat 7: Hero ($468.42 in chips)
ced2faab: posts small blind $2
Hero: posts big blind $4
*** HOLE CARDS ***
Dealt to ced2faab 
Dealt to f3ef0a23 
Dealt to bcb03ad0 
Dealt to 738d3e04 
Dealt to cbb59c39 
Dealt to accfe66d 
Dealt to Hero [Qd 4s]
bcb03ad0: folds
cbb59c39: calls $4
738d3e04: calls $4
accfe66d: raises $16 to $20
f3ef0a23: folds
ced2faab: calls $18
Hero: folds
cbb59c39: calls $16
738d3e04: calls $16
*** FLOP *** [6h 3c 5s]
ced2faab: checks
cbb59c39: checks
738d3e04: bets $42
accfe66d: folds
ced2faab: folds
cbb59c39: folds
Uncalled bet ($42) returned to 738d3e04
*** SHOWDOWN ***
738d3e04 collected $84 from pot
*** SUMMARY ***
Total pot $84
Board [6h 3c 5s]
Seat 6: ced2faab(small blind) folded on the Flop
Seat 5: f3ef0a23 folded before Flop (didn't bet)
Seat 1: bcb03ad0 folded before Flop (didn't bet)
Seat 3: 738d3e04won ($84) with Queen-High
Seat 2: cbb59c39 folded on the Flop
Seat 4: accfe66d folded on the Flop
Seat 7: Hero(big blind) folded before Flop



Poker Hand #ring_849923871: NLH No Limit ($2/$4) - 2025/04/30 02:44:42
Table 'MR NLH 2/4' 7-max Seat #4 is the button
Seat 6: ced2faab ($769 in chips)
Seat 5: f3ef0a23 ($478.61 in chips)
Seat 1: bcb03ad0 ($1,025.23 in chips)
Seat 3: 738d3e04 ($583.6 in chips)
Seat 2: cbb59c39 ($138.66 in chips)
Seat 4: accfe66d ($850.45 in chips)
Seat 7: Hero ($468.42 in chips)
f3ef0a23: posts small blind $2
ced2faab: posts big blind $4
*** HOLE CARDS ***
Dealt to ced2faab 
Dealt to f3ef0a23 
Dealt to bcb03ad0 
Dealt to 738d3e04 
Dealt to cbb59c39 
Dealt to accfe66d 
Dealt to Hero [3c Qh]
Hero: folds
bcb03ad0: folds
cbb59c39: calls $4
738d3e04: calls $4
accfe66d: folds
f3ef0a23: raises $52 to $56
ced2faab: folds
cbb59c39: folds
738d3e04: folds
Uncalled bet ($52) returned to f3ef0a23
*** SHOWDOWN ***
f3ef0a23 collected $16 from pot
*** SUMMARY ***
Total pot $16
Seat 6: ced2faab(big blind) folded before Flop
Seat 5: f3ef0a23(small blind)won ($16)
Seat 1: bcb03ad0 folded before Flop (didn't bet)
Seat 3: 738d3e04 folded before Flop
Seat 2: cbb59c39 folded before Flop
Seat 4: accfe66d folded before Flop (didn't bet)
Seat 7: Hero folded before Flop (didn't bet)



Poker Hand #ring_849922392: NLH No Limit ($2/$4) - 2025/04/30 02:43:45
Table 'MR NLH 2/4' 7-max Seat #3 is the button
Seat 6: ced2faab ($769 in chips)
Seat 5: f3ef0a23 ($408 in chips)
Seat 1: bcb03ad0 ($1,037.23 in chips)
Seat 3: 738d3e04 ($583.6 in chips)
Seat 2: cbb59c39 ($202.66 in chips)
Seat 4: accfe66d ($852.45 in chips)
Seat 7: Hero ($468.42 in chips)
accfe66d: posts small blind $2
f3ef0a23: posts big blind $4
*** HOLE CARDS ***
Dealt to ced2faab 
Dealt to f3ef0a23 
Dealt to bcb03ad0 
Dealt to 738d3e04 
Dealt to cbb59c39 
Dealt to accfe66d 
Dealt to Hero [Js Td]
ced2faab: folds
Hero: folds
bcb03ad0: raises $8 to $12
cbb59c39: calls $12
738d3e04: folds
accfe66d: folds
f3ef0a23: raises $52 to $64
bcb03ad0: folds
cbb59c39: calls $52
*** FLOP *** [6h Th Qs]
f3ef0a23: bets $344 and is all-in
cbb59c39: folds
Uncalled bet ($344) returned to f3ef0a23
*** SHOWDOWN ***
f3ef0a23 collected $142 from pot
*** SUMMARY ***
Total pot $142
Board [6h Th Qs]
Seat 6: ced2faab folded before Flop (didn't bet)
Seat 5: f3ef0a23(big blind)won ($142) with King-High
Seat 1: bcb03ad0 folded before Flop
Seat 3: 738d3e04 folded before Flop (didn't bet)
Seat 2: cbb59c39 folded on the Flop
Seat 4: accfe66d(small blind) folded before Flop
Seat 7: Hero folded before Flop (didn't bet)



Poker Hand #ring_849920917: NLH No Limit ($2/$4) - 2025/04/30 02:42:47
Table 'MR NLH 2/4' 7-max Seat #2 is the button
Seat 6: ced2faab ($769 in chips)
Seat 5: f3ef0a23 ($408 in chips)
Seat 1: bcb03ad0 ($1,057.23 in chips)
Seat 3: 738d3e04 ($603.6 in chips)
Seat 2: cbb59c39 ($202.66 in chips)
Seat 4: accfe66d ($872.45 in chips)
Seat 7: Hero ($408.42 in chips)
738d3e04: posts small blind $2
accfe66d: posts big blind $4
*** HOLE CARDS ***
Dealt to ced2faab 
Dealt to f3ef0a23 
Dealt to bcb03ad0 
Dealt to 738d3e04 
Dealt to cbb59c39 
Dealt to accfe66d 
Dealt to Hero [2h 3h]
f3ef0a23: folds
ced2faab: folds
Hero: calls $4
bcb03ad0: raises $16 to $20
cbb59c39: folds
738d3e04: calls $18
accfe66d: calls $16
Hero: raises $80 to $100
bcb03ad0: folds
738d3e04: folds
accfe66d: folds
Uncalled bet ($80) returned to Hero
*** SHOWDOWN ***
Hero collected $80 from pot
*** SUMMARY ***
Total pot $80
Seat 6: ced2faab folded before Flop (didn't bet)
Seat 5: f3ef0a23 folded before Flop (didn't bet)
Seat 1: bcb03ad0 folded before Flop
Seat 3: 738d3e04(small blind) folded before Flop
Seat 2: cbb59c39 folded before Flop (didn't bet)
Seat 4: accfe66d(big blind) folded before Flop
Seat 7: Herowon ($80)



Poker Hand #ring_849919393: NLH No Limit ($2/$4) - 2025/04/30 02:41:47
Table 'MR NLH 2/4' 7-max Seat #1 is the button
Seat 6: ced2faab ($769 in chips)
Seat 5: f3ef0a23 ($408 in chips)
Seat 1: bcb03ad0 ($1,057.23 in chips)
Seat 3: 738d3e04 ($607.6 in chips)
Seat 2: cbb59c39 ($223.9 in chips)
Seat 4: accfe66d ($872.45 in chips)
Seat 7: Hero ($386.27 in chips)
cbb59c39: posts small blind $2
738d3e04: posts big blind $4
*** HOLE CARDS ***
Dealt to ced2faab 
Dealt to f3ef0a23 
Dealt to bcb03ad0 
Dealt to 738d3e04 
Dealt to cbb59c39 
Dealt to accfe66d 
Dealt to Hero [Kd Qc]
accfe66d: folds
f3ef0a23: folds
ced2faab: folds
Hero: raises $8 to $12
bcb03ad0: folds
cbb59c39: calls $10
738d3e04: folds
*** FLOP *** [7h 4d 3h]
cbb59c39: checks
Hero: checks
*** TURN *** [7h 4d 3h] [Qd]
cbb59c39: bets $9.24
Hero: raises $34.76 to $44
cbb59c39: folds
Uncalled bet ($34.76) returned to Hero
*** SHOWDOWN ***
Hero collected $46.48 from pot
*** SUMMARY ***
Total pot $46.48
Board [7h 4d 3h Qd]
Seat 6: ced2faab folded before Flop (didn't bet)
Seat 5: f3ef0a23 folded before Flop (didn't bet)
Seat 1: bcb03ad0 folded before Flop (didn't bet)
Seat 3: 738d3e04(big blind) folded before Flop
Seat 2: cbb59c39(small blind) folded on the Turn
Seat 4: accfe66d folded before Flop (didn't bet)
Seat 7: Herowon ($46.48) with Pair of Queens



Poker Hand #ring_849917922: NLH No Limit ($2/$4) - 2025/04/30 02:40:49
Table 'MR NLH 2/4' 7-max Seat #7 is the button
Seat 6: ced2faab ($800 in chips)
Seat 5: f3ef0a23 ($408 in chips)
Seat 1: bcb03ad0 ($1,059.23 in chips)
Seat 3: ba8bb7d6 ($607.6 in chips)
Seat 2: cbb59c39 ($235.9 in chips)
Seat 4: accfe66d ($872.45 in chips)
Seat 7: Hero ($345.69 in chips)
bcb03ad0: posts small blind $2
cbb59c39: posts big blind $4
ced2faab: posts big blind $4
*** HOLE CARDS ***
Dealt to ced2faab 
Dealt to f3ef0a23 
Dealt to bcb03ad0 
Dealt to ba8bb7d6 
Dealt to cbb59c39 
Dealt to accfe66d 
Dealt to Hero [Jc 7c]
ba8bb7d6: folds
accfe66d: folds
f3ef0a23: folds
ced2faab: raises $8 to $12
Hero: calls $12
bcb03ad0: folds
cbb59c39: calls $8
*** FLOP *** [Td 3c 2d]
cbb59c39: checks
ced2faab: checks
Hero: checks
*** TURN *** [Td 3c 2d] [4c]
cbb59c39: checks
ced2faab: bets $19
Hero: calls $19
cbb59c39: folds
*** RIVER *** [Td 3c 2d 4c] [Ah]
ced2faab: checks
Hero: bets $38
ced2faab: folds
Uncalled bet ($38) returned to Hero
*** SHOWDOWN ***
Hero collected $76 from pot
*** SUMMARY ***
Total pot $76
Board [Td 3c 2d 4c Ah]
Seat 6: ced2faab folded on the River
Seat 5: f3ef0a23 folded before Flop (didn't bet)
Seat 1: bcb03ad0(small blind) folded before Flop
Seat 3: ba8bb7d6 folded before Flop (didn't bet)
Seat 2: cbb59c39(big blind) folded on the Turn
Seat 4: accfe66d folded before Flop (didn't bet)
Seat 7: Herowon ($76) with Ace-High



Poker Hand #ring_849915900: NLH No Limit ($2/$4) - 2025/04/30 02:39:28
Table 'MR NLH 2/4' 7-max Seat #6 is the button
Seat 6: 5ea1e0d9 ($724.62 in chips)
Seat 5: f3ef0a23 ($408 in chips)
Seat 1: bcb03ad0 ($1,063.23 in chips)
Seat 3: ba8bb7d6 ($627.6 in chips)
Seat 2: cbb59c39 ($255.9 in chips)
Seat 4: accfe66d ($775.01 in chips)
Seat 7: Hero ($407.69 in chips)
Hero: posts small blind $2
bcb03ad0: posts big blind $4
*** HOLE CARDS ***
Dealt to 5ea1e0d9 
Dealt to f3ef0a23 
Dealt to bcb03ad0 
Dealt to ba8bb7d6 
Dealt to cbb59c39 
Dealt to accfe66d 
Dealt to Hero [9s Qs]
cbb59c39: calls $4
ba8bb7d6: calls $4
accfe66d: raises $16 to $20
f3ef0a23: folds
5ea1e0d9: folds
Hero: calls $18
bcb03ad0: folds
cbb59c39: calls $16
ba8bb7d6: calls $16
*** FLOP *** [8c Ah Ac]
Hero: checks
cbb59c39: checks
ba8bb7d6: checks
accfe66d: checks
*** TURN *** [8c Ah Ac] [2c]
Hero: checks
cbb59c39: checks
ba8bb7d6: checks
accfe66d: checks
*** RIVER *** [8c Ah Ac 2c] [8h]
Hero: bets $42
cbb59c39: folds
ba8bb7d6: folds
accfe66d: calls $42
accfe66d: shows [Ts Th]
Hero: shows [9s Qs]
*** SHOWDOWN ***
accfe66d collected $168 from pot
*** SUMMARY ***
Total pot $168
Board [8c Ah Ac 2c 8h]
Seat 6: 5ea1e0d9 folded before Flop (didn't bet)
Seat 5: f3ef0a23 folded before Flop (didn't bet)
Seat 1: bcb03ad0(big blind) folded before Flop
Seat 3: ba8bb7d6 folded on the River
Seat 2: cbb59c39 folded on the River
Seat 4: accfe66d showed [Ts Th] and won ($168) with Pair of Aces and Pair of Tens
Seat 7: Hero(small blind) showed [9s Qs] and lost with Pair of Aces and Pair of Eights



Poker Hand #ring_849915034: NLH No Limit ($2/$4) - 2025/04/30 02:38:54
Table 'MR NLH 2/4' 7-max Seat #5 is the button
Seat 6: 5ea1e0d9 ($726.62 in chips)
Seat 5: f3ef0a23 ($411.35 in chips)
Seat 3: ba8bb7d6 ($631.6 in chips)
Seat 2: cbb59c39 ($255.9 in chips)
Seat 4: accfe66d ($775.01 in chips)
Seat 7: Hero ($381.69 in chips)
5ea1e0d9: posts small blind $2
Hero: posts big blind $4
*** HOLE CARDS ***
Dealt to 5ea1e0d9 
Dealt to f3ef0a23 
Dealt to ba8bb7d6 
Dealt to cbb59c39 
Dealt to accfe66d 
Dealt to Hero [Qd Qc]
cbb59c39: folds
ba8bb7d6: calls $4
accfe66d: folds
f3ef0a23: raises $16 to $20
5ea1e0d9: folds
Hero: raises $40 to $60
ba8bb7d6: folds
f3ef0a23: folds
Uncalled bet ($40) returned to Hero
*** SHOWDOWN ***
Hero collected $46 from pot
*** SUMMARY ***
Total pot $46
Seat 6: 5ea1e0d9(small blind) folded before Flop
Seat 5: f3ef0a23 folded before Flop
Seat 3: ba8bb7d6 folded before Flop
Seat 2: cbb59c39 folded before Flop (didn't bet)
Seat 4: accfe66d folded before Flop (didn't bet)
Seat 7: Hero(big blind)won ($46)



Poker Hand #ring_849914522: NLH No Limit ($2/$4) - 2025/04/30 02:38:34
Table 'MR NLH 2/4' 7-max Seat #4 is the button
Seat 6: 5ea1e0d9 ($730.62 in chips)
Seat 5: f3ef0a23 ($413.35 in chips)
Seat 3: ba8bb7d6 ($625.6 in chips)
Seat 2: cbb59c39 ($255.9 in chips)
Seat 4: accfe66d ($775.01 in chips)
Seat 7: Hero ($381.69 in chips)
f3ef0a23: posts small blind $2
5ea1e0d9: posts big blind $4
*** HOLE CARDS ***
Dealt to 5ea1e0d9 
Dealt to f3ef0a23 
Dealt to ba8bb7d6 
Dealt to cbb59c39 
Dealt to accfe66d 
Dealt to Hero [3c Jd]
Hero: folds
cbb59c39: folds
ba8bb7d6: raises $8 to $12
accfe66d: folds
f3ef0a23: folds
5ea1e0d9: folds
Uncalled bet ($8) returned to ba8bb7d6
*** SHOWDOWN ***
ba8bb7d6 collected $10 from pot
*** SUMMARY ***
Total pot $10
Seat 6: 5ea1e0d9(big blind) folded before Flop
Seat 5: f3ef0a23(small blind) folded before Flop
Seat 3: ba8bb7d6won ($10)
Seat 2: cbb59c39 folded before Flop (didn't bet)
Seat 4: accfe66d folded before Flop (didn't bet)
Seat 7: Hero folded before Flop (didn't bet)



Poker Hand #ring_849913216: NLH No Limit ($2/$4) - 2025/04/30 02:37:40
Table 'MR NLH 2/4' 7-max Seat #3 is the button
Seat 6: 5ea1e0d9 ($677.66 in chips)
Seat 5: f3ef0a23 ($417.35 in chips)
Seat 3: ba8bb7d6 ($625.6 in chips)
Seat 2: cbb59c39 ($281.76 in chips)
Seat 4: accfe66d ($777.01 in chips)
Seat 7: Hero ($407.55 in chips)
accfe66d: posts small blind $2
f3ef0a23: posts big blind $4
*** HOLE CARDS ***
Dealt to 5ea1e0d9 
Dealt to f3ef0a23 
Dealt to ba8bb7d6 
Dealt to cbb59c39 
Dealt to accfe66d 
Dealt to Hero [7h Ah]
5ea1e0d9: raises $8 to $12
Hero: calls $12
cbb59c39: calls $12
ba8bb7d6: folds
accfe66d: folds
f3ef0a23: folds
*** FLOP *** [6h 7s 9s]
5ea1e0d9: bets $13.86
Hero: calls $13.86
cbb59c39: calls $13.86
*** TURN *** [6h 7s 9s] [5s]
5ea1e0d9: checks
Hero: checks
cbb59c39: checks
*** RIVER *** [6h 7s 9s 5s] [9c]
5ea1e0d9: checks
Hero: checks
cbb59c39: checks
cbb59c39: shows [Jc Th]
5ea1e0d9: shows [Ac 9h]
Hero: shows [7h Ah]
*** SHOWDOWN ***
5ea1e0d9 collected $83.58 from pot
*** SUMMARY ***
Total pot $83.58
Board [6h 7s 9s 5s 9c]
Seat 6: 5ea1e0d9 showed [Ac 9h] and won ($83.58) with Three Nines
Seat 5: f3ef0a23(big blind) folded before Flop
Seat 3: ba8bb7d6 folded before Flop (didn't bet)
Seat 2: cbb59c39 showed [Jc Th] and lost with Pair of Nines
Seat 4: accfe66d(small blind) folded before Flop
Seat 7: Hero showed [7h Ah] and lost with Pair of Nines and Pair of Sevens



Poker Hand #ring_849912331: NLH No Limit ($2/$4) - 2025/04/30 02:37:04
Table 'MR NLH 2/4' 7-max Seat #2 is the button
Seat 6: 5ea1e0d9 ($677.66 in chips)
Seat 5: f3ef0a23 ($427.35 in chips)
Seat 3: ba8bb7d6 ($598.4 in chips)
Seat 2: cbb59c39 ($291.76 in chips)
Seat 4: accfe66d ($787.01 in chips)
Seat 7: Hero ($407.55 in chips)
ba8bb7d6: posts small blind $2
accfe66d: posts big blind $4
*** HOLE CARDS ***
Dealt to 5ea1e0d9 
Dealt to f3ef0a23 
Dealt to ba8bb7d6 
Dealt to cbb59c39 
Dealt to accfe66d 
Dealt to Hero [Td 6h]
f3ef0a23: raises $6 to $10
5ea1e0d9: folds
Hero: folds
cbb59c39: calls $10
ba8bb7d6: calls $8
accfe66d: calls $6
*** FLOP *** [Th Tc Ts]
ba8bb7d6: bets $40
accfe66d: folds
f3ef0a23: folds
cbb59c39: folds
Uncalled bet ($40) returned to ba8bb7d6
Hero: shows [Td]
*** SHOWDOWN ***
ba8bb7d6 collected $40 from pot
*** SUMMARY ***
Total pot $40
Board [Th Tc Ts]
Seat 6: 5ea1e0d9 folded before Flop (didn't bet)
Seat 5: f3ef0a23 folded on the Flop
Seat 3: ba8bb7d6(small blind)won ($40) with Three Tens
Seat 2: cbb59c39 folded on the Flop
Seat 4: accfe66d(big blind) folded on the Flop
Seat 7: Hero folded before Flop (didn't bet)



Poker Hand #ring_849911481: NLH No Limit ($2/$4) - 2025/04/30 02:36:30
Table 'MR NLH 2/4' 7-max Seat #0 is the button
Seat 6: 5ea1e0d9 ($677.66 in chips)
Seat 5: f3ef0a23 ($427.35 in chips)
Seat 3: ba8bb7d6 ($610.4 in chips)
Seat 2: cbb59c39 ($293.76 in chips)
Seat 4: accfe66d ($787.01 in chips)
Seat 7: Hero ($394.72 in chips)
cbb59c39: posts small blind $2
ba8bb7d6: posts big blind $4
*** HOLE CARDS ***
Dealt to 5ea1e0d9 
Dealt to f3ef0a23 
Dealt to ba8bb7d6 
Dealt to cbb59c39 
Dealt to accfe66d 
Dealt to Hero [9d 7d]
accfe66d: folds
f3ef0a23: folds
5ea1e0d9: folds
Hero: raises $8 to $12
cbb59c39: folds
ba8bb7d6: calls $8
*** FLOP *** [Ah Th Js]
ba8bb7d6: checks
Hero: bets $13
ba8bb7d6: folds
Uncalled bet ($13) returned to Hero
*** SHOWDOWN ***
Hero collected $26 from pot
*** SUMMARY ***
Total pot $26
Board [Ah Th Js]
Seat 6: 5ea1e0d9 folded before Flop (didn't bet)
Seat 5: f3ef0a23 folded before Flop (didn't bet)
Seat 3: ba8bb7d6(big blind) folded on the Flop
Seat 2: cbb59c39(small blind) folded before Flop
Seat 4: accfe66d folded before Flop (didn't bet)
Seat 7: Herowon ($26) with Ace-High



Poker Hand #ring_849909891: NLH No Limit ($2/$4) - 2025/04/30 02:35:27
Table 'MR NLH 2/4' 7-max Seat #7 is the button
Seat 6: 5ea1e0d9 ($677.66 in chips)
Seat 5: f3ef0a23 ($427.35 in chips)
Seat 3: ba8bb7d6 ($634.28 in chips)
Seat 2: cbb59c39 ($305.76 in chips)
Seat 4: accfe66d ($754.81 in chips)
Seat 7: Hero ($394.72 in chips)
cbb59c39: posts big blind $4
*** HOLE CARDS ***
Dealt to 5ea1e0d9 
Dealt to f3ef0a23 
Dealt to ba8bb7d6 
Dealt to cbb59c39 
Dealt to accfe66d 
Dealt to Hero [6d 2h]
ba8bb7d6: calls $4
accfe66d: raises $8 to $12
f3ef0a23: folds
5ea1e0d9: folds
Hero: folds
cbb59c39: calls $8
ba8bb7d6: calls $8
*** FLOP *** [Qs 8c Th]
cbb59c39: checks
ba8bb7d6: bets $11.88
accfe66d: raises $29.88 to $41.76
cbb59c39: folds
ba8bb7d6: folds
Uncalled bet ($29.88) returned to accfe66d
*** SHOWDOWN ***
accfe66d collected $59.76 from pot
*** SUMMARY ***
Total pot $59.76
Board [Qs 8c Th]
Seat 6: 5ea1e0d9 folded before Flop (didn't bet)
Seat 5: f3ef0a23 folded before Flop (didn't bet)
Seat 3: ba8bb7d6 folded on the Flop
Seat 2: cbb59c39(big blind) folded on the Flop
Seat 4: accfe66dwon ($59.76) with Ace-High
Seat 7: Hero folded before Flop (didn't bet)



Poker Hand #ring_849908621: NLH No Limit ($2/$4) - 2025/04/30 02:34:36
Table 'MR NLH 2/4' 7-max Seat #6 is the button
Seat 6: 5ea1e0d9 ($677.66 in chips)
Seat 5: f3ef0a23 ($427.35 in chips)
Seat 1: bcb03ad0 ($1,067.23 in chips)
Seat 3: ba8bb7d6 ($634.28 in chips)
Seat 2: cbb59c39 ($321.76 in chips)
Seat 4: accfe66d ($734.52 in chips)
Seat 7: Hero ($396.72 in chips)
Hero: posts small blind $2
bcb03ad0: posts big blind $4
*** HOLE CARDS ***
Dealt to 5ea1e0d9 
Dealt to f3ef0a23 
Dealt to bcb03ad0 
Dealt to ba8bb7d6 
Dealt to cbb59c39 
Dealt to accfe66d 
Dealt to Hero [5s Jh]
cbb59c39: calls $4
ba8bb7d6: folds
accfe66d: raises $12 to $16
f3ef0a23: folds
5ea1e0d9: folds
Hero: folds
bcb03ad0: folds
cbb59c39: calls $12
*** FLOP *** [Ah 6h 3c]
cbb59c39: checks
accfe66d: bets $19
cbb59c39: folds
Uncalled bet ($19) returned to accfe66d
*** SHOWDOWN ***
accfe66d collected $38 from pot
*** SUMMARY ***
Total pot $38
Board [Ah 6h 3c]
Seat 6: 5ea1e0d9 folded before Flop (didn't bet)
Seat 5: f3ef0a23 folded before Flop (didn't bet)
Seat 1: bcb03ad0(big blind) folded before Flop
Seat 3: ba8bb7d6 folded before Flop (didn't bet)
Seat 2: cbb59c39 folded on the Flop
Seat 4: accfe66dwon ($38) with Pair of Aces and Pair of Treys
Seat 7: Hero(small blind) folded before Flop



Poker Hand #ring_849907996: NLH No Limit ($2/$4) - 2025/04/30 02:34:11
Table 'MR NLH 2/4' 7-max Seat #5 is the button
Seat 6: 5ea1e0d9 ($679.66 in chips)
Seat 5: f3ef0a23 ($427.35 in chips)
Seat 3: ba8bb7d6 ($634.28 in chips)
Seat 2: cbb59c39 ($316.21 in chips)
Seat 4: accfe66d ($734.52 in chips)
Seat 7: Hero ($400.72 in chips)
5ea1e0d9: posts small blind $2
Hero: posts big blind $4
*** HOLE CARDS ***
Dealt to 5ea1e0d9 
Dealt to f3ef0a23 
Dealt to ba8bb7d6 
Dealt to cbb59c39 
Dealt to accfe66d 
Dealt to Hero [2s Jd]
cbb59c39: calls $4
ba8bb7d6: folds
accfe66d: folds
f3ef0a23: folds
5ea1e0d9: folds
Hero: checks
*** FLOP *** [Td 8s 5s]
Hero: checks
cbb59c39: bets $7.5
Hero: folds
Uncalled bet ($7.5) returned to cbb59c39
*** SHOWDOWN ***
cbb59c39 collected $10 from pot
*** SUMMARY ***
Total pot $10
Board [Td 8s 5s]
Seat 6: 5ea1e0d9(small blind) folded before Flop
Seat 5: f3ef0a23 folded before Flop (didn't bet)
Seat 3: ba8bb7d6 folded before Flop (didn't bet)
Seat 2: cbb59c39won ($10) with Pair of Eights
Seat 4: accfe66d folded before Flop (didn't bet)
Seat 7: Hero(big blind) folded on the Flop



Poker Hand #ring_849907269: NLH No Limit ($2/$4) - 2025/04/30 02:33:40
Table 'MR NLH 2/4' 7-max Seat #4 is the button
Seat 6: 5ea1e0d9 ($691.66 in chips)
Seat 5: f3ef0a23 ($429.35 in chips)
Seat 3: ba8bb7d6 ($634.28 in chips)
Seat 2: cbb59c39 ($316.21 in chips)
Seat 4: accfe66d ($734.52 in chips)
Seat 7: Hero ($387.89 in chips)
f3ef0a23: posts small blind $2
5ea1e0d9: posts big blind $4
*** HOLE CARDS ***
Dealt to 5ea1e0d9 
Dealt to f3ef0a23 
Dealt to ba8bb7d6 
Dealt to cbb59c39 
Dealt to accfe66d 
Dealt to Hero [9d Jd]
Hero: raises $8 to $12
cbb59c39: folds
ba8bb7d6: folds
accfe66d: folds
f3ef0a23: folds
5ea1e0d9: calls $8
*** FLOP *** [3s 2d 6c]
5ea1e0d9: checks
Hero: bets $13
5ea1e0d9: folds
Uncalled bet ($13) returned to Hero
*** SHOWDOWN ***
Hero collected $26 from pot
*** SUMMARY ***
Total pot $26
Board [3s 2d 6c]
Seat 6: 5ea1e0d9(big blind) folded on the Flop
Seat 5: f3ef0a23(small blind) folded before Flop
Seat 3: ba8bb7d6 folded before Flop (didn't bet)
Seat 2: cbb59c39 folded before Flop (didn't bet)
Seat 4: accfe66d folded before Flop (didn't bet)
Seat 7: Herowon ($26) with Jack-High



Poker Hand #ring_849906808: NLH No Limit ($2/$4) - 2025/04/30 02:33:22
Table 'MR NLH 2/4' 7-max Seat #3 is the button
Seat 6: 5ea1e0d9 ($691.66 in chips)
Seat 5: f3ef0a23 ($427.35 in chips)
Seat 3: ba8bb7d6 ($634.28 in chips)
Seat 2: cbb59c39 ($316.21 in chips)
Seat 4: accfe66d ($736.52 in chips)
Seat 7: Hero ($387.89 in chips)
accfe66d: posts small blind $2
f3ef0a23: posts big blind $4
*** HOLE CARDS ***
Dealt to 5ea1e0d9 
Dealt to f3ef0a23 
Dealt to ba8bb7d6 
Dealt to cbb59c39 
Dealt to accfe66d 
Dealt to Hero [3h Qc]
5ea1e0d9: folds
Hero: folds
cbb59c39: folds
ba8bb7d6: folds
accfe66d: folds
*** SHOWDOWN ***
f3ef0a23 collected $6 from pot
*** SUMMARY ***
Total pot $6
Seat 6: 5ea1e0d9 folded before Flop (didn't bet)
Seat 5: f3ef0a23(big blind)won ($6)
Seat 3: ba8bb7d6 folded before Flop (didn't bet)
Seat 2: cbb59c39 folded before Flop (didn't bet)
Seat 4: accfe66d(small blind) folded before Flop
Seat 7: Hero folded before Flop (didn't bet)



Poker Hand #ring_849904836: NLH No Limit ($2/$4) - 2025/04/30 02:32:03
Table 'MR NLH 2/4' 7-max Seat #2 is the button
Seat 6: 5ea1e0d9 ($691.66 in chips)
Seat 5: f3ef0a23 ($427.35 in chips)
Seat 3: ba8bb7d6 ($588.88 in chips)
Seat 2: cbb59c39 ($346.21 in chips)
Seat 4: accfe66d ($746.52 in chips)
Seat 7: Hero ($397.89 in chips)
ba8bb7d6: posts small blind $2
accfe66d: posts big blind $4
*** HOLE CARDS ***
Dealt to 5ea1e0d9 
Dealt to f3ef0a23 
Dealt to ba8bb7d6 
Dealt to cbb59c39 
Dealt to accfe66d 
Dealt to Hero [5d 3d]
f3ef0a23: folds
5ea1e0d9: folds
Hero: raises $6 to $10
cbb59c39: calls $10
ba8bb7d6: calls $8
accfe66d: calls $6
*** FLOP *** [7h Tc Ks]
ba8bb7d6: checks
accfe66d: checks
Hero: checks
cbb59c39: checks
*** TURN *** [7h Tc Ks] [6s]
ba8bb7d6: checks
accfe66d: checks
Hero: checks
cbb59c39: bets $20
ba8bb7d6: calls $20
accfe66d: folds
Hero: folds
*** RIVER *** [7h Tc Ks 6s] [Kc]
ba8bb7d6: checks
cbb59c39: checks
cbb59c39: shows [8s Ah]
ba8bb7d6: shows [7s 8d]
*** SHOWDOWN ***
ba8bb7d6 collected $80 from pot
*** SUMMARY ***
Total pot $80
Board [7h Tc Ks 6s Kc]
Seat 6: 5ea1e0d9 folded before Flop (didn't bet)
Seat 5: f3ef0a23 folded before Flop (didn't bet)
Seat 3: ba8bb7d6(small blind) showed [7s 8d] and won ($80) with Pair of Kings and Pair of Sevens
Seat 2: cbb59c39 showed [8s Ah] and lost with Pair of Kings
Seat 4: accfe66d(big blind) folded on the Turn
Seat 7: Hero folded on the Turn



Poker Hand #ring_849903293: NLH No Limit ($2/$4) - 2025/04/30 02:31:01
Table 'MR NLH 2/4' 7-max Seat #1 is the button
Seat 6: 5ea1e0d9 ($691.66 in chips)
Seat 5: f3ef0a23 ($427.35 in chips)
Seat 3: ba8bb7d6 ($523.91 in chips)
Seat 2: cbb59c39 ($356.21 in chips)
Seat 4: accfe66d ($746.52 in chips)
Seat 7: Hero ($397.89 in chips)
Seat 1: 9a84b7b0 ($888.93 in chips)
cbb59c39: posts small blind $2
ba8bb7d6: posts big blind $4
*** HOLE CARDS ***
Dealt to 5ea1e0d9 
Dealt to f3ef0a23 
Dealt to ba8bb7d6 
Dealt to cbb59c39 
Dealt to accfe66d 
Dealt to Hero [Jd 6h]
Dealt to 9a84b7b0 
accfe66d: folds
f3ef0a23: folds
5ea1e0d9: folds
Hero: folds
9a84b7b0: raises $6 to $10
cbb59c39: calls $8
ba8bb7d6: calls $6
*** FLOP *** [Td 2s Js]
cbb59c39: checks
ba8bb7d6: bets $15
9a84b7b0: raises $37 to $52
cbb59c39: folds
ba8bb7d6: calls $37
*** TURN *** [Td 2s Js] [8s]
ba8bb7d6: bets $44.22
9a84b7b0: folds
Uncalled bet ($44.22) returned to ba8bb7d6
*** SHOWDOWN ***
ba8bb7d6 collected $134 from pot
*** SUMMARY ***
Total pot $134
Board [Td 2s Js 8s]
Seat 6: 5ea1e0d9 folded before Flop (didn't bet)
Seat 5: f3ef0a23 folded before Flop (didn't bet)
Seat 3: ba8bb7d6(big blind)won ($134) with Pair of Jacks
Seat 2: cbb59c39(small blind) folded on the Flop
Seat 4: accfe66d folded before Flop (didn't bet)
Seat 7: Hero folded before Flop (didn't bet)
Seat 1: 9a84b7b0 folded on the Turn



Poker Hand #ring_849902043: NLH No Limit ($2/$4) - 2025/04/30 02:30:10
Table 'MR NLH 2/4' 7-max Seat #7 is the button
Seat 6: 5ea1e0d9 ($691.66 in chips)
Seat 5: f3ef0a23 ($427.35 in chips)
Seat 3: ba8bb7d6 ($523.91 in chips)
Seat 2: cbb59c39 ($368.21 in chips)
Seat 4: accfe66d ($746.52 in chips)
Seat 7: Hero ($385.06 in chips)
Seat 1: 9a84b7b0 ($890.93 in chips)
9a84b7b0: posts small blind $2
cbb59c39: posts big blind $4
*** HOLE CARDS ***
Dealt to 5ea1e0d9 
Dealt to f3ef0a23 
Dealt to ba8bb7d6 
Dealt to cbb59c39 
Dealt to accfe66d 
Dealt to Hero [As 7s]
Dealt to 9a84b7b0 
ba8bb7d6: folds
accfe66d: folds
f3ef0a23: folds
5ea1e0d9: folds
Hero: raises $8 to $12
9a84b7b0: folds
cbb59c39: calls $8
*** FLOP *** [Kc 5s 5h]
cbb59c39: checks
Hero: checks
*** TURN *** [Kc 5s 5h] [4h]
cbb59c39: checks
Hero: checks
*** RIVER *** [Kc 5s 5h 4h] [9d]
cbb59c39: checks
Hero: checks
cbb59c39: shows [Jc Td]
Hero: shows [As 7s]
*** SHOWDOWN ***
Hero collected $26 from pot
*** SUMMARY ***
Total pot $26
Board [Kc 5s 5h 4h 9d]
Seat 6: 5ea1e0d9 folded before Flop (didn't bet)
Seat 5: f3ef0a23 folded before Flop (didn't bet)
Seat 3: ba8bb7d6 folded before Flop (didn't bet)
Seat 2: cbb59c39(big blind) showed [Jc Td] and lost with Pair of Fives
Seat 4: accfe66d folded before Flop (didn't bet)
Seat 7: Hero showed [As 7s] and won ($26) with Pair of Fives
Seat 1: 9a84b7b0(small blind) folded before Flop



Poker Hand #ring_849901062: NLH No Limit ($2/$4) - 2025/04/30 02:29:32
Table 'MR NLH 2/4' 7-max Seat #6 is the button
Seat 6: 5ea1e0d9 ($691.66 in chips)
Seat 5: f3ef0a23 ($427.35 in chips)
Seat 3: ba8bb7d6 ($523.91 in chips)
Seat 2: cbb59c39 ($368.21 in chips)
Seat 4: accfe66d ($746.52 in chips)
Seat 7: Hero ($381.42 in chips)
Seat 1: 9a84b7b0 ($894.93 in chips)
Hero: posts small blind $2
9a84b7b0: posts big blind $4
*** HOLE CARDS ***
Dealt to 5ea1e0d9 
Dealt to f3ef0a23 
Dealt to ba8bb7d6 
Dealt to cbb59c39 
Dealt to accfe66d 
Dealt to Hero [Qd 6s]
Dealt to 9a84b7b0 
cbb59c39: folds
ba8bb7d6: folds
accfe66d: folds
f3ef0a23: folds
5ea1e0d9: folds
Hero: calls $2
9a84b7b0: checks
*** FLOP *** [5s Jd 9d]
Hero: checks
9a84b7b0: checks
*** TURN *** [5s Jd 9d] [Kh]
Hero: checks
9a84b7b0: checks
*** RIVER *** [5s Jd 9d Kh] [Jh]
Hero: checks
9a84b7b0: checks
9a84b7b0: shows [2d 6c]
Hero: shows [Qd 6s]
*** SHOWDOWN ***
Hero collected $8 from pot
*** SUMMARY ***
Total pot $8
Board [5s Jd 9d Kh Jh]
Seat 6: 5ea1e0d9 folded before Flop (didn't bet)
Seat 5: f3ef0a23 folded before Flop (didn't bet)
Seat 3: ba8bb7d6 folded before Flop (didn't bet)
Seat 2: cbb59c39 folded before Flop (didn't bet)
Seat 4: accfe66d folded before Flop (didn't bet)
Seat 7: Hero(small blind) showed [Qd 6s] and won ($8) with Pair of Jacks
Seat 1: 9a84b7b0(big blind) showed [2d 6c] and lost with Pair of Jacks



Poker Hand #ring_849899549: NLH No Limit ($2/$4) - 2025/04/30 02:28:31
Table 'MR NLH 2/4' 7-max Seat #5 is the button
Seat 6: 5ea1e0d9 ($693.66 in chips)
Seat 5: f3ef0a23 ($427.35 in chips)
Seat 3: ba8bb7d6 ($523.91 in chips)
Seat 2: cbb59c39 ($332.64 in chips)
Seat 4: accfe66d ($746.52 in chips)
Seat 7: Hero ($400 in chips)
Seat 1: 9a84b7b0 ($913.51 in chips)
5ea1e0d9: posts small blind $2
Hero: posts big blind $4
*** HOLE CARDS ***
Dealt to 5ea1e0d9 
Dealt to f3ef0a23 
Dealt to ba8bb7d6 
Dealt to cbb59c39 
Dealt to accfe66d 
Dealt to Hero [Ah Jd]
Dealt to 9a84b7b0 
9a84b7b0: raises $6 to $10
cbb59c39: raises $8.58 to $18.58
ba8bb7d6: folds
accfe66d: folds
f3ef0a23: folds
5ea1e0d9: folds
Hero: calls $14.58
9a84b7b0: calls $8.58
*** FLOP *** [9h 8h 9d]
Hero: checks
9a84b7b0: checks
cbb59c39: bets $28.87
Hero: folds
9a84b7b0: folds
Uncalled bet ($28.87) returned to cbb59c39
*** SHOWDOWN ***
cbb59c39 collected $57.74 from pot
*** SUMMARY ***
Total pot $57.74
Board [9h 8h 9d]
Seat 6: 5ea1e0d9(small blind) folded before Flop
Seat 5: f3ef0a23 folded before Flop (didn't bet)
Seat 3: ba8bb7d6 folded before Flop (didn't bet)
Seat 2: cbb59c39won ($57.74) with Pair of Aces and Pair of Nines
Seat 4: accfe66d folded before Flop (didn't bet)
Seat 7: Hero(big blind) folded on the Flop
Seat 1: 9a84b7b0 folded on the Flop



